3375 5100
1567 341 1989 398 DOMINICA

1090 453 1228 509 431

557 559 809 624 Audivi
822 579 1050 624 vocem
1062 561 1128 622 in
1142 560 1286 624 celo
1304 568 1622 642 tanquam
1641 580 1759 624 vo-

558 668 704 712 cem
737 649 1032 713 tonitriui
1060 648 1078 686 ¹
1107 649 1331 730 magni
1363 649 1527 713 all'a.
1579 649 1756 731 Reg-

557 737 744 801 nabit
803 738 968 801 deus
1042 747 1266 801 noster
1325 737 1392 802 in
1453 746 1755 801 eternum

556 824 724 889 all'a.
770 825 926 908 quia
967 824 1144 888 facta
1188 835 1291 889 est
1321 825 1498 890 salus
1530 834 1602 889 et
1630 826 1757 889 vir·

555 921 666 976 tus
695 921 764 976 et
794 921 1090 995 potestas
1125 914 1364 978 Christi
1397 913 1555 995 ejus,
1632 912 1757 977 Al-

557 999 759 1064 leluia
786 1000 1070 1065 alleluia.
1159 1019 1207 1086 y
1252 1001 1409 1066 Vidi
1442 1001 1753 1084 angelum

555 1089 666 1152 dei
715 1087 1052 1153 volantem
1114 1109 1234 1171 per
1285 1090 1576 1153 medium
1633 1090 1754 1154 celi

555 1196 720 1240 voce
779 1196 1026 1259 magna
1083 1176 1480 1242 clamantem
1541 1187 1610 1242 et
1657 1179 1758 1242 di-

558 1273 840 1328 centem.
907 1265 1262 1348 Regnabit.
1323 1265 1566 1331 Gloria.
1627 1265 1755 1331 Al—

557 1353 774 1416 leluia.

647 1440 788 1505 Hec
814 1440 1240 1523 Responsoria
1281 1443 1608 1525 sequentia
1651 1443 1757 1506 di-

555 1538 797 1592 cuntur
816 1529 841 1566 ²
912 1529 1133 1594 diebus
1209 1530 1569 1613 finalibus
1635 1541 1762 1614 per

559 1615 759 1680 istam
817 1616 1209 1699 quindenam
1280 1629 1343 1683 et
1396 1619 1756 1684 ordinatim

558 1705 1038 1788 reincipiuntur.
1127 1708 1231 1770 Et
1253 1707 1321 1770 si
1359 1708 1578 1772 omnia
1627 1708 1756 1771 ista

557 1794 988 1877 Responsoria
1025 1795 1308 1876 ferialia
1359 1816 1486 1860 non
1533 1797 1755 1861 dican-

558 1891 676 1945 tur
723 1881 792 1945 in
828 1883 1057 1965 prima
1107 1884 1464 1966 septimana
1495 1895 1761 1968 propter

541 1971 729 2053 festa
751 1993 775 2034 .·
815 1982 967 2035 tunc
995 1971 1064 2035 in
1085 1972 1445 2055 septimana
1473 1973 1759 2056 sequenti

559 2058 913 2140 incipiatur
937 2060 1035 2123 ad
1068 2081 1142 2124 ea
1171 2061 1598 2144 Responsoria
1637 2081 1759 2144 que

556 2167 682 2209 non
699 2148 986 2228 fuerunt
989 2149 1188 2230 prius
1207 2148 1396 2212 dieta.
1443 2150 1576 2213 Iste
1600 2149 1756 2213 ordo

555 2245 849 2298 servetur
868 2237 938 2300 in
963 2237 1102 2300 alia
1121 2238 1444 2320 quindena
1471 2237 1759 2320 sequenti

553 2323 1094 2406 deResponsorizs
1107 2325 1477 2404 ferialibus.
1521 2327 1757 2390 scilicet

557 2411 878 2476 Narrabo.
923 2422 1030 2476 etc.
1076 2413 1188 2478 Re.
1224 2415 1518 2479 Locutus
1542 2424 1641 2479 est
1665 2416 1754 2479 ad

557 2520 664 2565 me
703 2519 871 2565 unus
917 2521 1004 2565 ex
1051 2511 1308 2585 septem
1356 2502 1608 2587 angelis
1652 2502 1753 2567 di-

558 2608 714 2654 cens
745 2591 896 2653 veni
942 2592 1291 2655 ostendam
1335 2590 1457 2655 tibi
1510 2611 1752 2656 novam

558 2686 838 2759 nuptam
869 2698 1184 2760 sponsam
1229 2680 1404 2761 agni.
1496 2680 1586 2744 Et
1617 2679 1753 2743 vidi

555 2764 951 2829 hierusalem
972 2766 1485 2831 descendentem
1499 2769 1584 2831 de
1606 2767 1754 2831 celo

557 2861 861 2916 ornatam
913 2855 1266 2919 monilibus
1313 2856 1448 2919 suis
1488 2855 1753 2921 alleluia

558 2940 827 3005 alleluia
874 2941 1156 3007 alleluia.
1248 2961 1291 3032 γ
1343 2944 1435 3007 Et
1487 2944 1754 3009 sustulit

559 3049 667 3092 me
712 3028 779 3091 in
820 3030 1050 3112 spiritu
1105 3032 1172 3095 in
1226 3042 1522 3097 montem
1569 3053 1754 3115 mag-

558 3136 719 3180 num
750 3126 819 3181 et
849 3119 1075 3183 altum.
1140 3119 1231 3184 Et
1259 3120 1411 3185 vidi.
1457 3121 1576 3185 Re.
1607 3122 1753 3186 Au-

557 3205 693 3269 divi
736 3226 968 3269 vocem
1011 3206 1124 3270 ἰιι8
1168 3207 1312 3272 celo
1364 3208 1751 3293 angelorum

557 3293 918 3359 multorum
994 3296 1352 3361 dicentium
1392 3318 1406 3361 ε
1488 3298 1753 3363 Timete

559 3382 901 3446 dominum
948 3392 1016 3447 et
1044 3385 1203 3449 date
1247 3385 1610 3451 claritatem
1659 3387 1752 3450 illi

557 3479 625 3534 et
663 3471 935 3537 adorate
980 3492 1132 3537 eum
1178 3474 1292 3556 qui
1337 3475 1493 3538 fecit
1537 3474 1752 3539 celum

555 3568 625 3623 et
667 3568 912 3624 terram
962 3581 1144 3625 mare
1189 3571 1257 3626 et
1287 3562 1504 3627 fontes
1549 3584 1751 3645 aqua-

543 3668 700 3711 ·rum
726 3648 992 3713 alleluia
1020 3649 1296 3715 alleluia.
1356 3669 1404 3736 γ
1448 3651 1606 3715 Vidi
1637 3672 1754 3715 an·

553 3736 778 3819 gelum
810 3737 918 3801 dei
948 3737 1284 3803 volantem
1309 3760 1427 3822 per
1459 3740 1751 3804 medium

555 3823 677 3888 celi
729 3846 894 3889 voce
940 3846 1185 3909 magna
1236 3828 1635 3892 clamantem
1684 3837 1756 3893 et

557 3911 921 3977 dicentem:
952 3915 1216 3979 Timete
1236 3917 1598 3981 dominum.
1636 3915 1752 3980 Re.

556 4000 716 4063 Vidi
736 4010 998 4082 portam
1019 4003 1302 4068 civitatis
1321 4005 1406 4069 ad
1429 4006 1751 4069 orientem

560 4086 844 4189 positam
887 4098 955 4151 et
986 4091 1436 4171 apostolorum
1485 4095 1756 4157 nomina

559 4182 630 4235 et
673 4176 826 4255 agni
875 4196 1071 4257 super
1114 4199 1262 4242 eam
1309 4182 1571 4263 scripta.
1665 4182 1758 4246 Et

559 4279 757 4341 super
782 4281 1002 4327 muros
1033 4265 1176 4346 ejus
1205 4269 1592 4350 angelorum
1611 4288 1756 4333 cus·

558 4347 830 4414 todiam.
913 4350 1220 4417 Alleluia.
1312 4374 1357 4441 γ
1402 4357 1560 4421 Vidi
1603 4358 1757 4423 civi-

695 4486 982 4537 'tonitruit
1018 4488 1084 4537 Ν.

1051 4554 1412 4620 ⁴lampadibus
1438 4576 1450 4608 ε
1486 4552 1551 4609 Ν.

1601 4494 1886 4543 ’dri-antur
1896 4512 1915 4544 :
1951 4494 2021 4547 Ν.

2368 451 2526 508 432

1858 567 2067 624 tatem
2128 567 2425 623 sanctam
2486 557 2877 623 hierusalem
2940 559 3057 625 de·

1858 648 2283 712 scendentem
2366 649 2452 711 de
2532 647 2674 712 celo
2748 657 3055 712 ornatam

1857 746 2177 821 tanquam
2222 756 2535 820 sponsam
2566 737 2707 800 viro
2751 756 2891 800 suo.
2964 738 3059 802 Et

1856 845 2054 907 super
2083 845 2319 889 muros,
2398 824 2625 889 Gloria
2660 827 2850 906 patri.
2926 825 3057 890 Al-

1856 912 2070 978 leluia.
2157 913 2276 977 Re.
2320 913 2477 976 Vidi
2509 912 2903 976 hierusalem
2935 914 3057 977 de-

1856 1001 2281 1066 scendentem
2313 1001 2399 1064 de
2426 999 2570 1064 celo
2600 1011 2903 1064 ornatam
2934 1023 3057 1066 au-

1856 1110 1931 1153 ro
1961 1089 2213 1153 mundo
2242 1098 2311 1153 et
2340 1088 2716 1171 lapidibus⁴
2740 1091 3057 1172 preciosis

1856 1177 2202 1242 intextam.
2302 1176 2596 1242 Alleluia
2634 1176 2917 1242 alleluia.
3009 1195 3058 1265 γ

1856 1266 2151 1331 Abintus
2200 1265 2267 1329 in
2316 1265 2639 1329 fimbriis⁶
2668 1266 2882 1329 aureis
2930 1265 3059 1328 cir-

1856 1355 2253 1418 cumamicta
2302 1354 2635 1419 varietate.
2736 1352 3057 1420 Alleluia.

1855 1443 1973 1506 Re.
2049 1443 2196 1506 Hec
2246 1452 2347 1506 est
2390 1441 2780 1505 hierusalem
2818 1443 3058 1506 civitas

1857 1551 2103 1614 magna
2146 1530 2404 1594 celestis
2447 1540 2680 1594 ornata
2726 1540 3055 1612 tanquam

1856 1638 2102 1701 sponsa
2159 1618 2331 1702 agni.
2436 1617 2773 1700 Quoniam
2832 1619 3059 1682 taber-

1857 1706 2163 1771 naculum
2214 1707 2391 1772 facta
2440 1716 2557 1770 est.
2633 1705 2914 1770 alleluia.
3006 1726 3054 1793 γ

1858 1795 2053 1860 Porte
2104 1796 2245 1878 ejus
2307 1815 2439 1858 non
2501 1794 2893 1859 claudentur
2933 1815 3058 1878 per

1855 1884 2072 1948 diem:
2134 1904 2274 1947 nox
2342 1883 2519 1948 enim
2587 1902 2721 1946 non
2796 1883 2922 1946 erit
2985 1883 3055 1946 in

1854 1992 1949 2036 ea.
2006 1972 2339 2055 Quoniam
2370 1970 2889 2036 tabernaculum.
2935 1971 3056 2036 Re.

1856 2059 2082 2124 Platee
2113 2069 2223 2124 tue
2254 2058 2644 2124 hierusalem
2675 2068 3057 2123 sternentur

1854 2169 2015 2212 auro
2059 2149 2311 2213 mundo
2358 2147 2661 2212 alleluia:
2707 2156 2778 2211 et
2822 2157 3053 2211 canta-

1854 2235 2033 2300 bitur
2060 2237 2127 2299 in
2158 2245 2227 2300 te
2270 2237 2601 2301 canticum
2632 2234 2848 2299 leticie
2890 2234 3055 2299 alle—

1853 2323 2002 2389 luia.
2094 2325 2188 2388 Et
2232 2345 2349 2407 per
2392 2343 2625 2388 omnes
2670 2324 2851 2387 vicos
2898 2331 3056 2388 tuos

1854 2412 1941 2476 ab
1985 2413 2301 2477 universis
2343 2411 2601 2477 dicetur
2642 2410 2909 2476 alleluia
2954 2411 3055 2476 al-

1854 2499 2065 2568 leluia.
2155 2519 2200 2587 γ
2255 2501 2590 2585 Quoniam
2648 2500 3055 2566 confortavit

1853 2611 2031 2655 seras
2084 2601 2421 2673 portarum
2474 2600 2781 2655 tuarum:
2850 2590 3056 2653 bene-

1854 2680 2028 2743 dixit
2088 2679 2236 2743 filiis
2283 2680 2416 2744 tuis
2465 2678 2532 2742 in
2592 2687 2681 2743 te.
2780 2678 2875 2742 Et
2934 2699 3056 2761 per

1854 2788 2103 2833 omneS.
2193 2767 2420 2832 Gloria
2462 2766 2654 2851 patri.
2735 2765 3055 2831 Alleluia.

1852 2856 1971 2921 Re.
2038 2857 2353 2940 Speciosa
2396 2855 2573 2920 facta
2617 2876 2689 2919 es
2734 2864 2801 2918 et
2832 2856 3057 2920 suavis

1856 2946 1923 3007 in
1955 2944 2197 3010 delitiis
2242 2946 2371 3010 tuis
2418 2944 2721 3009 alleluia:
2768 2943 3055 3007 altitudo

1853 3042 1973 3099 tua
2004 3033 2235 3098 similis
2258 3042 2358 3097 est
2378 3032 2597 3116 palme
2628 3031 3055 3096 indeficienti.

1858 3122 1939 3185 In
1988 3123 2396 3207 plenitudine
2448 3120 2802 3185 charitatis,
2894 3120 3057 3184 alle-

1855 3210 1989 3275 luia
2062 3211 2213 3276 all'a
2284 3210 2435 3275 all’a
2553 3227 2596 3298 γ
2676 3209 2829 3310 Ego
2905 3208 3055 3272 dili-

1854 3308 2087 3383 gentes
2134 3320 2240 3363 me
2284 3298 2534 3381 diligo:
2582 3306 2651 3361 et
2695 3297 2809 3379 qui
2856 3316 3057 3361 mane

1853 3388 2266 3471 vigilaverint
2297 3387 2382 3451 ad
2416 3408 2523 3451 me
2555 3386 2891 3450 invenient
2924 3405 3054 3450 me.

1860 3477 1939 3540 In
2007 3475 2418 3559 plenitudine
2487 3474 2843 3539 charitatis
2934 3472 3051 3537 Re.

1854 3566 2147 3629 Veniens
2192 3586 2231 3628 a
2276 3564 2501 3628 libano
2544 3582 2749 3645 quam
2781 3561 3059 3645 pulchra

1856 3652 2033 3717 facta
2062 3674 2135 3717 es
2163 3651 2442 3719 alleluia.
2536 3651 2627 3715 Et
2658 3651 2826 3715 odor
2853 3651 3059 3714 vesti-

1855 3751 2229 3807 mentorum
2272 3750 2537 3805 tuorum
2588 3760 2787 3821 super
2828 3738 3058 3803 omnia

1854 3839 2155 3895 aromata
2184 3830 2447 3895 alleluia
2476 3827 2756 3893 alleluia.
2800 3845 2848 3912 γ
2888 3826 3059 3909 Spe·

1854 3918 2034 3983 ciosa
2074 3918 2249 3983 facta
2278 3938 2349 3983 es
2390 3926 2458 3981 et
2503 3917 2724 3981 suavis
2778 3916 2842 3979 in
2890 3913 3059 3979 deli-

1853 4006 1971 4071 ciis
1993 4006 2140 4072 tuis,
2203 4008 2294 4071 Et
2326 4006 2491 4071 odor
2507 4006 3057 4069 vestimentorum

1856 4104 2120 4159 tuorum
2152 4115 2365 4178 super.
2415 4093 2533 4159 Re.
2582 4092 2900 4159 Ostendit
2932 4092 3061 4155 mi-

1855 4182 1922 4245 hi
1954 4184 2228 4265 angelus
2259 4183 2513 4247 fontem
2544 4201 2716 4264 aque
2745 4181 2894 4244 vive
2922 4201 2937 4245 :
2987 4189 3061 4245 et

1859 4271 2033 4335 dixit
2093 4272 2180 4336 ad
2236 4292 2343 4335 me
2396 4270 2561 4335 all’a.
2658 4270 2791 4333 Hic
2853 4268 3061 4333 deum

1859 4359 2078 4423 adora.
2140 4358 2404 4424 alleluia
2456 4358 2721 4423 alleluia
2772 4355 3059 4423 alleluia.

2388 4495 2410 4526 ⁸
2442 4511 2533 4560 pro
2562 4494 2671 4544 ‘in’
2696 4494 2789 4545 de:
2824 4494 2895 4546 Ν.

2217 4564 2237 4591 ⁸
2268 4560 2474 4611 fimbriis
2498 4562 2585 4612 in:
2624 4562 2689 4611 Ν.
