3375 5100
1215 423 1340 479 AD
1384 422 1919 479 MATUTJNAS.

891 533 1036 589 787

559 660 638 703 us
669 636 946 705 deorum
976 640 1278 705 :lominus
1301 639 1562 704 locutus

520 738 622 792 est
682 738 751 793 et
809 730 1072 793 vocavit
1129 738 1390 793 terram.
1488 729 1553 792 A

364 817 522 880 solis
563 826 710 881 ortu
743 838 954 899 usque
1000 818 1084 881 ad
1127 838 1436 882 occasum
1474 838 1563 880 ex

363 926 532 987 syon
565 905 818 987 species
850 907 1104 970 decoris
1134 907 1296 989 ejuS.
1373 906 1562 969 Deus

365 995 716 1058 manifeste
758 997 981 1059 veniet
1017 996 1182 1059 deus
1229 1005 1453 1059 noster
1495 1002 1563 1057 et

363 1102 498 1145 non
530 1083 765 1147 silebit.
856 1084 1043 1167 Ignis
1091 1084 1154 1146 in
1201 1092 1564 1166 conspectu

363 1172 508 1252 ejus
577 1172 971 1236 exardescet
1029 1182 1098 1237 et
1159 1174 1228 1236 in
1288 1173 1562 1237 circuitu

361 1260 506 1341 ejus
565 1270 928 1343 tempestas
987 1261 1223 1325 valida.
1331 1261 1566 1325 Advo-

361 1347 536 1412 cavit
569 1349 780 1412 celum
815 1351 1160 1414 desursum
1207 1360 1274 1413 et
1319 1358 1564 1413 terram

361 1437 734 1501 discernere
755 1436 772 1474 ¹
800 1438 1121 1521 populum
1145 1459 1358 1502 suum.
1395 1437 1566 1505 Con-

360 1535 638 1607 gregate
683 1525 776 1589 illi
821 1537 1089 1591 sanctos
1134 1528 1277 1609 ejus
1314 1527 1428 1609 qui
1461 1547 1565 1589 or-

363 1616 599 1677 dinant
646 1623 1122 1679 testamentum
1170 1616 1314 1698 ejus
1365 1635 1566 1697 super

361 1703 696 1768 sacrificia.
779 1705 880 1768 Et
912 1704 1410 1768 annunciabunt
1442 1704 1562 1767 celi

355 1792 686 1873 justitiam
719 1792 862 1874 ejus
908 1794 1224 1875 quoniam
1267 1793 1432 1855 deus
1457 1793 1564 1875 ju-

363 1880 500 1943 dex
531 1891 652 1944 est.
741 1882 924 1945 Audi
957 1880 1242 1963 populus
1277 1900 1462 1943 meus
1493 1889 1563 1944 et

363 1967 599 2050 loquar
643 1970 833 2033 israel
878 1978 947 2033 et
993 1968 1397 2033 testificabor
1440 1968 1562 2031 tibi

362 2057 528 2119 deus
574 2057 738 2120 deus
770 2067 922 2122 tuus
969 2078 1096 2140 ego
1139 2078 1306 2122 sum.
1397 2058 1560 2122 Non

363 2145 432 2207 in
485 2145 816 2211 sacrificiis
875 2147 1008 2210 tuis
1069 2166 1344 2227 arguam
1407 2146 1572 2210 me'

360 2231 705 2297 olocausta
735 2244 958 2299 autem
992 2245 1109 2299 tua
1151 2238 1214 2298 in
1249 2255 1563 2317 conspec-

361 2331 433 2385 tu
469 2342 622 2386 meo
653 2332 808 2387 sunt
837 2344 1112 2406 semper.
1199 2324 1362 2387 Non
1393 2324 1564 2389 acci-

359 2412 542 2492 piam
577 2412 662 2475 de
689 2412 895 2476 domo
925 2422 1042 2476 tua
1071 2412 1314 2476 vitulos
1343 2432 1563 2495 neque

361 2500 448 2564 de
491 2500 804 2582 gregibus
857 2502 986 2565 tuis
1031 2501 1286 2584 hyrcos,
1386 2500 1563 2582 Quo-

363 2590 543 2652 niam
593 2609 740 2653 mee
786 2599 944 2654 sunt
987 2610 1220 2654 omnes
1265 2589 1401 2654 fere
1449 2590 1564 2655 sil-

359 2697 634 2742 varum:
673 2676 980 2760 jumenta
1025 2679 1091 2741 in
1125 2679 1462 2744 montibus
1494 2688 1562 2743 et

363 2766 586 2830 boves.
682 2766 978 2850 Cognovi
1011 2768 1237 2831 omnia
1266 2768 1563 2832 volatilia

362 2854 489 2918 celi
517 2876 532 2919 :
578 2863 644 2918 et
676 2855 1098 2937 pulchritudo
1127 2857 1268 2938 agri
1299 2877 1560 2921 mecum

363 2952 482 3007 est.
577 2943 655 3007 Si
693 2945 980 3007 esuriero
1024 2964 1158 3007 non
1191 2946 1408 3010 dicam
1441 2945 1562 3011 tibi

364 3051 552 3095 meus
628 3041 729 3096 est
789 3032 965 3096 enim
1027 3033 1206 3097 orbis
1267 3043 1436 3098 terre
1496 3043 1564 3098 et

361 3120 711 3202 plenitudo
730 3121 886 3202 ejuS.
935 3122 1261 3203 Nunquid
1285 3122 1564 3186 mandu-

362 3208 532 3272 cabo
564 3229 790 3273 carnes
821 3217 1158 3274 taurorum
1188 3232 1204 3274 ε
1258 3221 1374 3274 aut
1415 3231 1563 3274 san-

362 3299 633 3379 guinem
688 3299 1016 3362 hircorum
1070 3299 1338 3382 potab0.
1424 3299 1565 3362 Im-

365 3385 544 3449 mola
591 3387 720 3450 deo
763 3385 1156 3450 sacrificium
1196 3387 1449 3451 laudis:
1496 3395 1566 3450 et

365 3475 570 3538 redde
629 3475 952 3538 altissimo
1012 3483 1170 3538 vota
1229 3484 1362 3539 tua.
1468 3475 1566 3540 Et

365 3563 600 3627 invoca
649 3584 758 3626 me
807 3565 874 3626 in
923 3563 1032 3626 die
1083 3562 1563 3630 tribulationis:

365 3652 470 3715 et³
495 3672 718 3715 eruam
753 3661 819 3715 te
851 3660 918 3715 et
941 3651 1408 3716 honorificabis
1439 3673 1564 3720 me.

362 3740 714 3805 Peccatori
795 3750 1022 3804 autem
1104 3741 1282 3805 dixit
1358 3742 1564 3806 deus:

365 3848 568 3909 quare
613 3839 685 3893 tu
733 3849 996 3892 enarras
1036 3829 1337 3910 justicias
1383 3847 1568 3907 meas

365 3927 434 3980 et
483 3918 764 3980 assumis
809 3927 1286 3981 testamentum
1341 3937 1562 3980 meum

367 4025 488 4087 per
546 4026 619 4068 os
680 4015 888 4070 tuum.
995 4006 1094 4071 Tu
1155 4026 1313 4070 vero
1365 4004 1564 4069 odisti

365 4092 837 4174 disciplinam:
909 4103 977 4158 et
1037 4095 1373 4178 projecisti
1433 4114 1564 4158 ser·

366 4202 598 4244 mones
643 4201 828 4246 meos
873 4193 1248 4250 retrorsum.
1345 4182 1424 4246 Si
1467 4181 1563 4244 vi-

365 4270 574 4334 debas
623 4268 833 4334 surem
883 4275 1192 4337 currebas
1246 4292 1396 4337 curn
1441 4291 1563 4337 eo:

367 4367 436 4422 et
459 4379 612 4422 cum
634 4359 948 4422 adulteris
981 4362 1354 4444 portionem
1379 4369 1564 4424 tuam

568 4521 582 4550 ¹
619 4519 875 4570 discerne:
913 4521 962 4571 S.

566 4588 588 4617 ¹
619 4595 703 4637 te:
741 4587 1027 4638 E.G.W.S.

567 4655 587 4684 ⁸
625 4659 702 4703 ‘et
723 4653 736 4677 '
759 4670 860 4704 om.
885 4671 898 4704 ε
935 4655 996 4704 Ε.

1617 4587 1751 4635 add:
1772 4586 1909 4635 EG.

2176 532 2328 589 788

1659 639 1979 721 ponebas,
2090 638 2181 705 Os
2240 650 2433 705 tuum
2492 640 2861 707 abundavit

1661 728 1971 793 malicia:
2034 737 2103 792 et
2151 728 2379 811 lingua
2430 738 2549 793 tua
2595 732 2859 809 concin-

1662 815 1869 881 nabat
1926 817 2137 883 dolos,
2229 817 2493 881 Sedens
2546 818 2861 883 adversus

1661 904 1933 969 fratrem
1978 916 2171 969 tuum
2216 905 2591 988 loquebaris
2634 916 2703 971 et
2748 909 2867 970 ad-

1661 1015 1891 1058 versus
1923 994 2129 1058 filium
2162 995 2391 1058 matris
2424 1004 2537 1058 tue
2566 996 2865 1079 ponebas

1663 1083 2093 1147 scandalum:
2138 1082 2263 1147 hec
2305 1082 2519 1148 fecisti
2559 1095 2629 1147 et
2668 1086 2863 1149 tacui.

1662 1170 2089 1236 Existimasti
2136 1171 2359 1255 inique
2396 1172 2579 1255 quod
2623 1193 2737 1237 ero
2766 1174 2864 1238 tui

1664 1261 1935 1325 similis:
2000 1281 2273 1343 arguam
2322 1270 2393 1325 te
2450 1270 2521 1324 et
2570 1270 2862 1326 statuam

1665 1360 1897 1413 contra
1933 1348 2169 1413 faciem
2203 1359 2407 1413 tuam.
2495 1349 2865 1433 Intelligite

1663 1436 1786 1501 hec
1818 1438 1930 1520 qui
1967 1438 2430 1502 obliviscimini
2474 1439 2717 1505 deum:
2780 1460 2865 1506 ne

1664 1527 1939 1607 quando
1997 1528 2213 1609 rapiat
2270 1536 2339 1590 et
2400 1547 2533 1590 non
2601 1528 2689 1591 sit
2746 1530 2862 1611 qui

1663 1614 1917 1697 eripiat.
1966 1614 2381 1679 Sacrificium
2408 1615 2627 1679 laudis
2654 1616 2864 1681 hono-

1662 1702 1943 1767 rificabit
1976 1724 2126 1767 me:
2172 1713 2240 1768 et
2270 1703 2403 1767 illic
2441 1705 2565 1768 iter
2592 1725 2727 1788 quo
2758 1726 2866 1769 os-

1663 1793 1939 1855 tendam
1972 1791 2063 1854 illi
2096 1790 2384 1856 salutare
2415 1792 2567 1857 dei.⁴
2663 1794 2863 1857 Psal-

1659 1880 2105 2013 Miserere
2131 1881 2259 1943 mei
2284 1882 2488 1946 deus:
2518 1901 2619 1944 se·
2648 1880 2865 1965 [mus.⁶

1846 1968 2137 2032 cundum
2163 1988 2478 2051 magnam
2500 1970 2863 2034 misericor-

1662 2056 1845 2121 diam
1888 2067 2093 2121 tuam.
2165 2057 2267 2120 Et
2296 2059 2661 2121 secundum
2694 2059 2864 2122 mul-

1660 2146 2018 2209 titudinem
2066 2145 2563 2209 miserationum
2595 2154 2861 2211 tuarum

1662 2234 1813 2297 dele
1832 2234 2251 2317 iniquitatem
2272 2254 2509 2298 meam.
2544 2235 2863 2318 Amplius

1661 2321 1813 2386 lava
1846 2342 1953 2387 me
1984 2324 2070 2387 ab
2103 2322 2450 2404 iniquitate
2488 2342 2675 2387 mea:
2722 2333 2790 2388 et
2824 2344 2865 2387 a

1663 2420 1939 2495 peccato
1984 2430 2136 2475 meo
2182 2412 2429 2475 munda
2478 2431 2600 2476 me.
2686 2410 2865 2492 Quo-

1663 2500 1845 2564 niam
1935 2500 2353 2584 iniquitatem
2435 2520 2655 2564 meam
2734 2521 2864 2584 ego

1663 2609 2037 2671 cognosco:
2099 2601 2169 2653 et
2227 2598 2573 2672 peccatum
2636 2609 2862 2654 meum

1663 2687 1895 2742 contra
1924 2697 2033 2741 me
2062 2686 2163 2742 est
2194 2697 2473 2760 semper.
2547 2677 2705 2743 Tibi
2736 2678 2863 2742 soli

1661 2767 1930 2850 peccavi
1962 2774 2030 2830 et
2060 2765 2312 2830 malum
2344 2787 2567 2830 coram
2599 2776 2667 2830 te
2699 2766 2863 2834 feci:

1663 2866 1738 2921 ut
1762 2853 2137 2938 justificeris
2183 2856 2250 2919 in
2288 2855 2701 2920 sermonibus
2732 2857 2863 2922 tuis

1661 2953 1731 3008 et
1782 2945 2009 3008 vincas
2060 2963 2211 3008 cum
2254 2943 2585 3027 judicaris,
2676 2945 2747 3008 E
2750 2965 2863 3008 cce

1663 3032 1842 3096 enim
1889 3033 1955 3095 in
2002 3032 2460 3116 iniquitatibus
2502 3041 2863 3116 conceptus

1662 3141 1811 3184 sum
1839 3141 1855 3187 :
1900 3129 1970 3184 et
2000 3122 2069 3185 in
2100 3122 2387 3203 peccatis
2418 3122 2723 3204 concepit
2753 3142 2863 3188 me

1666 3219 1882 3272 mater
1919 3229 2085 3274 mea.
2175 3211 2355 3273 Ecce
2400 3211 2577 3274 enim
2624 3212 2863 3274 verita-

1663 3307 1803 3362 tem
1834 3296 2129 3361 dilexisti
2160 3319 2175 3362 :
2222 3300 2469 3362 incerta
2500 3307 2569 3361 et
2599 3299 2864 3363 occulta

1663 3386 1989 3468 sapientie
2037 3395 2151 3449 tue
2199 3385 2634 3451 manifestasti
2682 3387 2864 3453 mihi.

1663 3475 2005 3557 Asperges
2050 3473 2199 3536 me⁶
2228 3493 2442 3555 ysopo
2483 3482 2552 3538 et
2585 3474 2866 3538 munda-

1665 3562 1828 3626 bor:
1862 3561 2113 3626 lavabis
2146 3581 2255 3624 me
2282 3581 2297 3626 :
2328 3571 2397 3626 et
2418 3583 2617 3645 super
2640 3564 2863 3628 nivem

1663 3651 2046 3715 dealbabor.
2132 3649 2416 3714 Auditui
2472 3669 2623 3714 meo
2675 3651 2867 3714 dabis

1663 3738 1983 3822 gaudium
2038 3747 2107 3802 et
2160 3737 2492 3804 leticiam:
2556 3749 2625 3803 et
2678 3740 2868 3803 exul-

1667 3827 1908 3889 tabunt
1955 3845 2107 3890 ossa
2158 3825 2521 3891 humiliata.
2611 3828 2867 3894 Averte

1663 3913 1901 3977 faciem
1934 3924 2118 3978 tuam
2152 3935 2191 3977 a
2224 3916 2515 3996 peccatis
2546 3917 2749 3980 meis:
2798 3926 2867 3981 et

1665 4021 1900 4066 omnes
1982 4002 2365 4085 iniquitates
2440 4023 2623 4068 meas
2698 4004 2866 4069 dele.

1671 4091 1801 4157 Cor
1832 4091 2155 4155 mundum
2201 4112 2352 4156 crea
2398 4090 2465 4154 in
2512 4112 2621 4156 me
2659 4094 2868 4160 deus:

1668 4189 1738 4244 et
1798 4180 2102 4262 spiritum
2169 4190 2419 4243 rectum
2485 4181 2727 4245 innova
2802 4183 2869 4246 in

1666 4269 2027 4334 visceribus
2104 4269 2285 4334 meiS.
2373 4269 2487 4356 Ne
2562 4271 2871 4353 projicias

1670 4379 1779 4424 me
1854 4377 1895 4421 a
1970 4356 2137 4421 facie
2200 4368 2359 4422 tua:
2424 4368 2492 4423 et
2565 4360 2871 4442 spiritum

1708 4523 1727 4552 ⁴
1768 4523 1781 4548 ⁴
1800 4519 1917 4568 Non
1940 4519 2133 4569 dicitur
2152 4520 2224 4568 ad
2239 4527 2541 4570 nocturnum
2566 4521 2655 4572 iste
2668 4529 2745 4586 pf.
2778 4533 2845 4587 50
2860 4523 2875 4548 '

2150 4589 2171 4618 ⁵
2194 4595 2271 4651 pf.
2295 4597 2397 4651 50:
2424 4587 2487 4636 E.
2502 4589 2563 4638 G.
2615 4596 2693 4654 ps.
2724 4591 2757 4641 Ι.
2774 4604 2793 4640 .·
2814 4591 2869 4643 S.

1712 4653 1733 4682 ⁸
1771 4651 2211 4704 ‘Domine’add:
2247 4653 2534 4706 E.G.W.S.

2506 4750 2607 4819 31
