3375 5100
1559 345 1983 403 DOMJNJCA

1063 457 1220 514 863

525 585 659 649 quo
701 565 1050 650 sperabam
1097 561 1442 646 ampliavit
1499 559 1727 626 adver·

523 673 672 718 sum
707 675 814 718 me
844 654 1475 736 supplantationem.
1539 651 1729 714 Nun-

529 743 714 826 quid.
790 743 904 806 Re.
952 742 1269 805 Attende.

526 832 612 895 In
632 828 904 895 secundo
923 839 1079 894 noct.
1133 837 1242 892 ανῖ.
1319 827 1592 892 Nature.
1626 835 1729 909 psr’.

533 920 875 984 Conserva
914 928 1026 982 etc.
1087 933 1135 1004 γ
1185 917 1290 980 De
1339 934 1454 980 ore
1503 917 1728 978 leonis,

533 1007 763 1070 Sermo
793 1006 963 1070 beati
992 1004 1278 1068 maximi
1304 1003 1582 1086 episcopi.

524 1095 874 1226 Psalmi
933 1093 1229 1158 vicesimi
1293 1089 1538 1178 [Lectio
1607 1089 1733 1172 iiij.

684 1183 878 1265 primi
924 1183 1037 1264 qui
1087 1181 1294 1244 lectus
1340 1189 1442 1244 est
1493 1179 1731 1242 seriem

531 1271 906 1334 decursuri:
969 1268 1324 1351 diligenter
1376 1269 1555 1350 prius
1617 1267 1733 1330 de-

533 1359 770 1421 bemus
803 1356 1148 1421 intendere
1191 1357 1352 1438 quid
1399 1357 1467 1419 in
1505 1375 1733 1437 super-

533 1447 894 1528 scriptione
942 1445 1282 1509 contineat
1335 1452 1411 1508 ut
1464 1446 1735 1526 cognita

530 1533 676 1615 ejus
722 1533 1018 1615 origine:
1077 1532 1582 1615 intelligentiam
1638 1533 1737 1614 ip-

532 1622 669 1686 sius
728 1620 1012 1685 facilius·
1049 1641 1582 1704 consequamur:
1666 1630 1735 1684 et

535 1709 929 1773 manifesto¹
993 1710 1210 1792 capite
1273 1709 1528 1792 possint
1600 1729 1735 1771 rec-

533 1800 665 1862 tius
699 1799 999 1861 membra
1029 1799 1330 1862 discerni.
1387 1797 1504 1861 Re.
1557 1797 1734 1862 Con-

481 1932 497 1948 .
531 1885 727 1949 clusit
789 1887 931 1950 vias
1004 1907 1186 1950 meas
1261 1886 1565 1950 inimicus
1637 1886 1735 1948 in·

532 1975 810 2038 sidiator
839 1975 1053 2039 sactus
1085 1984 1188 2038 est
1219 1973 1380 2038 mihi
1417 1976 1586 2038 sicut
1629 1972 1737 2036 leo

533 2063 600 2126 in
663 2063 1058 2128 abscondito
1121 2063 1398 2146 replevit
1458 2072 1528 2125 et
1599 2062 1737 2123 ine-

529 2150 771 2216 briavit
804 2173 912 2216 me
943 2153 1384 2215 amaritudine
1437 2151 1736 2214 deduxe-

532 2250 687 2304 runt
777 2241 846 2304 in
921 2240 1138 2304 lacum
1225 2239 1454 2303 mortis
1526 2239 1735 2300 vitam

535 2349 754 2392 meam
838 2337 908 2392 et
989 2337 1353 2410 posuerunt
1443 2326 1738 2409 lapidem

533 2428 766 2482 contra
829 2437 952 2480 me.
1043 2417 1217 2481 Vide
1271 2415 1542 2478 domine
1614 2414 1737 2477 ini-

534 2505 826 2589 quitates
875 2504 1134 2569 illorum
1185 2513 1256 2569 et
1308 2503 1534 2586 judica
1561 2522 1737 2577 ‚cau-

533 2614 678 2657 sam
741 2594 964 2658 anime
1025 2614 1172 2657 mee
1243 2594 1553 2657 defensor
1604 2592 1739 2655 vite

527 2703 700 2746 mee.
784 2699 832 2768 γ
881 2683 936 2745 F
938 2692 1124 2745 actus
1156 2702 1303 2745 sum
1339 2682 1404 2743 in
1447 2680 1737 2743 derisum

535 2769 718 2834 omni
811 2770 1061 2852 populo
1154 2788 1307 2833 meo
1404 2768 1737 2831 canticum

533 2878 766 2922 eorum
799 2866 944 2920 tota
973 2858 1101 2921 die.
1199 2856 1368 2921 Vide
1407 2856 1695 2920 domine.

535 2946 996 3079 Inscribitur
1019 2946 1196 3008 enim
1224 2944 1462 3029 [Lectio
1491 2944 1741 3027 quinta.

646 3035 756 3097 ita.
821 3033 901 3096 In
933 3033 1134 3097 finem
1169 3054 1290 3116 pro
1321 3034 1742 3115 susceptione

541 3123 873 3185 matutina
932 3122 1229 3205 psalmus
1307 3122 1432 3205 ipsi
1519 3120 1738 3184 david.

541 3210 689 3275 Nisi
754 3209 946 3275 fallor
1009 3211 1345 3293 susceptio
1411 3210 1741 3274 matutina

538 3298 699 3362 solis
761 3310 980 3363 ortum
1047 3320 1310 3381 semper
1380 3299 1741 3362 antevenit.

539 3386 633 3452 Et
683 3388 1066 3470 priusquam
1114 3388 1342 3451 orbem
1408 3388 1741 3450 radiorum

539 3474 754 3539 clarus
806 3476 1120 3559 splendor
1172 3476 1542 3540 illuminet:
1603 3494 1745 3537 ma·

539 3566 832 3629 tutinum
896 3566 1189 3628 noctium
1253 3563 1543 3628 tenebris
1611 3571 1741 3626 ter-

543 3654 799 3717 minum
833 3655 1024 3736 ponit
1053 3674 1130 3717 ac
1163 3652 1452 3716 resoluta
1495 3651 1741 3715 sensim

539 3742 899 3824 caliginum
930 3744 1210 3806 cecitate
1251 3741 1446 3804 rebus
1489 3739 1745 3804 cunctis

541 3828 742 3893 facies
779 3830 1069 3913 quedam
1117 3848 1196 3893 ac
1245 3829 1468 3893 lumen
1529 3828 1744 3891 infun-

541 3918 736 3981 ditur.
827 3918 943 3981 Re.
995 3918 1153 3981 Noli
1203 3936 1348 3981 esse
1402 3917 1563 3981 mihi
1625 3915 1747 3979 do·

543 4006 720 4067 mine
762 4004 1018 4069 alienus
1067 4026 1262 4087 parce
1307 4006 1468 4068 mihi
1527 4007 1592 4068 in
1636 4004 1746 4067 die

545 4092 724 4155 mala
785 4093 1278 4157 confundantur
1329 4113 1562 4157 omnes
1630 4092 1745 4174 qui

543 4200 652 4242 me
687 4192 1186 4262 persequuntur.
1283 4182 1376 4244 Et
1416 4201 1550 4245 non
1589 4200 1747 4244 con-

2344 455 2496 512 864

1830 562 2124 626 animam
2158 579 2377 626 meam
2412 573 2483 626 ut
2514 560 2817 628 auferant
2862 583 3038 630 eam.

1836 649 1929 713 Et
1960 669 2113 714 non.
2704 653 2919 716 Lectio
2949 655 3041 736 ‘137‘-

1984 748 2013 802 t
2061 757 2212 802 cum
2257 739 2465 802 veluti
2516 740 2643 803 sub
2696 760 2830 805 una
2896 763 3041 806 ma-

1984 827 2154 890 cerie
2228 828 2649 892 tenebrarum
2746 829 3041 894 mundus

1834 915 1903 976 in
1978 913 2363 978 confusione
2418 917 2748 998 jacuerit:
2836 918 3041 981 inter-

1835 1003 2140 1067 veniente
2188 1003 2519 1067 matutino
2568 1005 2828 1069 diversa
2887 1027 3043 1087 spe-

1833 1091 2082 1154 cierum
2156 1091 2479 1154 varietate
2565 1093 3041 1175 distinguitur:

1834 1178 1961 1242 hoc
2021 1188 2124 1242 est
2184 1197 2337 1242 cum
2398 1181 2625 1244 omnia
2676 1200 2832 1244 ceca
2896 1179 3045 1245 sue-

1834 1267 1967 1330 rint
2026 1266 2200 1330 oculi
2262 1269 2561 1330 omnium
2633 1279 3043 1351 reparantur.

1837 1355 2000 1418 Nox
2044 1356 2223 1418 enim
2264 1356 2767 1437 quodammodo
2824 1355 3045 1422 aufert

1834 1442 2063 1506 oculos
2104 1445 2396 1506 mundo:
2454 1463 2689 1510 aurora
2734 1446 3043 1510 restituit.

1837 1530 2068 1612 Atque
2150 1531 2245 1595 ita
2322 1533 2811 1596 antematutina
2896 1555 3044 1598 sus-

1836 1620 2147 1700 ceptione
2204 1619 2600 1702 perfruimur
2658 1631 2735 1686 ut
2794 1621 3043 1704 glorio-

1837 1707 1971 1771 sius
2051 1709 2484 1791 postmodum
2582 1709 2739 1773 solis
2816 1711 3044 1792 splen-

1835 1795 1997 1858 dore
2086 1797 2443 1878 pociamur.
2532 1797 2648 1862 Re.
2762 1797 3041 1864 Salvum

1838 1903 1947 1946 me
1999 1883 2104 1948 sac
2151 1885 2317 1948 deus
2370 1887 2689 1966 quoniam
2756 1887 3045 1951 intrave-

1840 1980 1993 2034 runt
2052 1992 2225 2054 aque
2295 1992 2507 2055 usque
2566 1975 2653 2036 ad
2739 1976 3037 2039 animam

1840 2079 2078 2124 meam.
2189 2060 2347 2123 Non
2438 2071 2699 2126 avertas
2801 2064 3043 2128 faciem

1840 2157 2023 2211 tuam
2086 2168 2127 2211 a
2200 2167 2308 2211 me
2366 2151 2685 2231 quoniam
2762 2151 3048 2216 tribulor

1838 2236 2084 2298 exaudi
2148 2255 2256 2298 me
2308 2236 2472 2300 deus
2526 2257 2729 2302 meus.
2832 2257 2880 2326 γ
2930 2239 3043 2304 Ιη-

1837 2324 2039 2387 tende
2070 2324 2290 2388 anime
2336 2345 2483 2388 mee
2528 2334 2597 2390 et
2638 2327 2845 2391 libera
2890 2348 3041 2393 earn

1838 2421 2113 2496 propter
2143 2413 2445 2477 inimicos
2476 2432 2661 2479 meos
2702 2417 2883 2499 eripe
2916 2437 3044 2482 me.

1842 2501 2015 2565 Non.
2105 2500 2217 2566 Re.
2268 2501 2563 2568 Salvum.

1837 2591 1922 2654 In
1956 2589 2141 2653 tertio
2184 2601 2487 2654 nocturno
2530 2600 2637 2657 aa.
2742 2591 3046 2675 Sponsus

1829 2687 1925 2759 ps'z
2012 2677 2156 2743 Celi
2218 2689 2542 2743 enarrant.
2620 2690 2725 2745 etc.
2826 2698 2874 2769 γ
2936 2682 3045 2746 Ne

1844 2768 2100 2850 perdas
2244 2766 2611 2831 Secundum
2644 2770 3047 2834 mattheum?

1840 2858 1992 2988 ln
2040 2855 2153 2918 illo
2198 2864 2537 2938 tempore:
2586 2856 2758 2921 Cum
2803 2878 3049 2943 appro-

1950 2944 2336 3027 pinquasset
2366 2944 2561 3025 Jesus
2608 2946 3045 3010 hierosolimis

1840 3041 1908 3096 et
1930 3033 2219 3095 venisset
2244 3031 2558 3115 bethfage
2577 3034 2603 3071 ⁸
2620 3034 2705 3098 ad
2744 3045 3045 3099 montem

1840 3121 2105 3185 oliveti:
2152 3128 2308 3183 tunc
2342 3120 2521 3184 misit
2544 3122 2714 3187 duos
2756 3124 3047 3205 discipu-

1842 3208 1941 3271 los
1972 3209 2199 3271 dicens
2232 3209 2341 3271 eis,
2437 3209 2541 3272 Ite
2586 3211 2655 3273 in
2696 3211 3044 3275 castellum

1842 3298 2021 3380 quod
2079 3305 2307 3360 contra
2352 3316 2473 3360 vos
2518 3308 2657 3363 est:
2704 3308 2775 3362 et
2814 3302 3045 3365 statim

1844 3384 2193 3448 invenietis
2255 3386 2511 3449 asinam
2563 3386 2905 3468 alligatam
2976 3398 3048 3452 et

1844 3474 2099 3555 pullum
2153 3491 2305 3535 cum
2360 3494 2457 3538 ea.
2551 3473 2846 3539 Solvite:
2928 3478 3047 3540 et⁴

1844 3562 2156 3626 adducite
2189 3560 2367 3624 mihi.
2462 3562 2553 3625 Et
2595 3564 2868 3645 reliqua.

1847 3650 2102 3715 Omelia
2161 3650 2545 3713 venerabilis·
2592 3650 2743 3715 bede
2784 3653 3049 3733 presby-

1844 3739 1983 3802 teri.
2648 3740 2866 3803 Lectio
2906 3740 3051 3824 vij!

1842 3827 2261 3958 Dominus
2314 3825 2585 3909 quidem
2638 3828 2831 3909 Jesus
2890 3839 3053 3893 ante

2000 3915 2294 3998 quinque
2356 3915 2496 3979 dies
2558 3917 2803 3998 pasche
2863 3918 3052 3981 venit

1842 4022 1997 4066 cum
2031 4002 2226 4065 turba
2259 4003 2469 4066 multa
2512 4004 2578 4066 in
2610 4005 3006 4069 hierusalem
3034 4028 3051 4071 :

1846 4101 1915 4155 et
1948 4100 2097 4173 post
2130 4090 2301 4155 hanc
2330 4092 2543 4155 vicem
2590 4111 2724 4157 non
2784 4094 3055 4158 recessit

1850 4179 2005 4243 inde
2054 4179 2267 4243 donec
2321 4188 2662 4262 pateretur
2718 4190 2785 4246 et
2838 4201 3056 4245 resur-

548 4268 788 4330 sundar
867 4288 1011 4349 ego,
1107 4287 1148 4355 y
1238 4268 1751 4335 confundantur
1850 4278 2035 4348 geret
2083 4290 2124 4331 a
2178 4268 2497 4332 mortuis:
2556 4279 2629 4333 ut
2677 4270 2879 4333 etiam
2936 4290 3059 4352 per

549 4375 782 4420 omnes
829 4356 1073 4421 inimici
1121 4360 1252 4423 mei
1307 4357 1421 4440 qui
1462 4366 1750 4440 querunt
1850 4354 1977 4419 hoc
2024 4355 2409 4419 claresceret
2441 4358 2598 4439 quia
2628 4378 2763 4422 non
2806 4358 3059 4423 invitus

821 4495 834 4525 ¹
871 4496 1220 4548 manifestato:
1256 4496 1484 4548 EGAV.
1623 4496 1643 4526 ²
1677 4494 1836 4544 lectio
1857 4496 1971 4559 vij..·
2010 4496 2073 4545 E.
2091 4496 2145 4544 G.
2372 4498 2391 4525 ⁸
2424 4494 2745 4560 bethphage:
2782 4496 2847 4546 G.

822 4581 838 4609 ⁴
873 4594 964 4642 pro
994 4586 1006 4606 ⁴
1026 4591 1073 4630 et
1095 4580 1106 4603 '
1131 4580 1176 4631 ei
1201 4599 1213 4629 :
1251 4578 1650 4629 12⁸
1693 4584 1705 4604 ⁸
1724 4576 1883 4625 eodem
1907 4576 2071 4625 lectio’
2097 4578 2227 4627 add:
2264 4578 2329 4625 Ε.
2380 4584 2391 4605 ‘
2410 4578 2467 4625 de
2484 4580 2645 4627 eadem
2670 4578 2794 4627 le‹·t.'
2814 4592 2829 4626 .·
2872 4580 2932 4629 G.
