3375 5100
1262 356 1383 409 AD
1429 354 1794 410 PRIMAM.

837 466 995 522 883

301 572 651 637 Increatus
661 579 851 653 pater
864 570 1188 635 increatus
1204 568 1375 633 filius
1390 592 1405 635 z
1420 570 1516 633 in-

308 671 571 725 creatus
602 661 1162 743 spiritussanctus,
1208 659 1511 722 Immen-

309 770 423 813 sus
474 759 665 833 pater
708 748 1073 811 immensus
1126 746 1337 811 filius:
1385 748 1509 810 im-

310 858 579 901 mensus
609 836 1164 920 spiritussanctus,
1209 837 1508 900 Eternus

311 936 504 1009 pater
532 936 797 989 eternus
828 924 1001 988 filius
1029 945 1043 988 :
1077 933 1340 988 eternus
1372 926 1506 1006 spi-

310 1017 760 1078 ritussanctus,
879 1015 980 1076 Et
1069 1023 1295 1076 tamen
1370 1034 1505 1076 non

312 1113 445 1167 tres
506 1103 753 1167 eterni:
828 1101 945 1165 sed
1004 1122 1175 1165 unus
1225 1110 1505 1165 eternus,

317 1193 512 1256 Sicut
545 1211 677 1254 non
724 1200 859 1254 tres
914 1190 1185 1253 increati
1219 1209 1341 1253 nec
1372 1200 1504 1253 tres

312 1280 659 1343 immensi:
705 1278 822 1343 sed
876 1298 1046 1342 unus
1078 1279 1407 1342 increatus
1437 1288 1506 1342 et

312 1389 484 1432 unus
516 1369 895 1431 immensus,
989 1366 1312 1431 Similiter
1364 1387 1505 1429 om-

314 1458 621 1539 nipotens
653 1466 842 1539 pater
860 1454 1466 1538 omnipotensfilius
1490 1475 1505 1518 ε

311 1546 737 1627 omnipotens
768 1544 1325 1626 spiritussanctus,
1407 1545 1509 1608 Et

311 1643 542 1698 tamen
592 1653 725 1696 non
780 1642 915 1695 tres
968 1633 1508 1715 omnipotentes:

312 1722 429 1785 sed
462 1742 633 1785 unus
693 1721 1134 1803 omnipotens,
1201 1721 1315 1784 Ita
1344 1719 1509 1784 deus

311 1820 505 1894 pater
533 1812 695 1874 deus
744 1808 956 1874 filius:
1002 1809 1165 1873 deus
1214 1808 1511 1891 spiritus-

312 1908 599 1963 sanctus,
718 1899 820 1962 Et
890 1906 1117 1961 tamen
1180 1918 1315 1961 non
1374 1905 1510 1960 tres

312 1988 444 2051 dii:
519 1987 637 2051 sed
700 2006 871 2050 unus
930 1994 1034 2050 est
1093 1986 1274 2050 deus,
1396 1986 1509 2049 Ita

312 2076 628 2139 dominus
687 2085 877 2158 pater
935 2073 1246 2138 dominus
1295 2072 1509 2138 filius:

312 2166 627 2229 dominus
722 2164 1276 2247 spiritussanctus,
1410 2162 1509 2229 Et

312 2262 541 2317 tamen
568 2272 701 2315 non
724 2261 857 2316 tres
869 2251 1123 2315 domini
1152 2270 1169 2314 :
1200 2249 1317 2315 sed
1340 2270 1511 2315 unus

312 2351 417 2404 est
467 2342 795 2405 dominus,
891 2340 1062 2418 Quia
1114 2340 1285 2404 sicut
1326 2337 1509 2421 sigil-

312 2430 504 2494 latirn
552 2448 1097 2511 unamquamque
1156 2447 1510 2511 personam

310 2519 515 2583 deum
578 2519 685 2584 et¹
747 2516 1145 2582 dominum²
1204 2514 1509 2581 confiteri

308 2607 671 2671 christiana
699 2607 977 2671 veritate
1008 2605 1468 2689 compellimur
1494 2627 1509 2670 :

312 2698 407 2762 ita
435 2705 571 2760 tres
603 2695 766 2759 deos
798 2705 915 2758 aut
948 2695 1259 2758 dominos
1290 2694 1512 2758 dicere

310 2785 639 2850 catholica
694 2785 1011 2866 religione
1066 2783 1508 2868 prohibemur.

306 2875 519 2938 Pater
580 2895 620 2937 a
684 2871 869 2935 nullo
931 2881 1035 2936 est
1080 2871 1331 2936 sactus:
1388 2891 1511 2934 nec

310 2971 573 3026 creatus
634 2981 753 3024 nec
804 2961 1087 3043 genitus,
1178 2960 1395 3023 Filius
1471 2980 1513 3022 a

308 3060 499 3134 patre
559 3051 702 3114 solo
762 3059 901 3113 est:
947 3069 1081 3112 non
1128 3048 1342 3116 factus
1391 3067 1511 3112 nec

307 3149 571 3204 creatus
645 3140 763 3202 sed
812 3140 1095 3220 genitus.
1190 3136 1511 3219 Spiritus-

309 3236 578 3292 sanctus
608 3247 649 3291 a
672 3235 861 3309 patre
892 3236 960 3289 et
990 3225 1165 3291 filio:
1212 3245 1345 3289 non
1380 3225 1510 3289 sac-

308 3327 421 3380 tus
452 3336 572 3380 nec
605 3325 865 3380 creatus
913 3334 1033 3377 nec
1076 3315 1343 3395 genitus
1390 3316 1507 3379 sed

310 3405 695 3489 procedens,
828 3403 1015 3468 Unus
1082 3423 1243 3484 ergo
1317 3412 1511 3484 pater

310 3515 447 3558 non
478 3503 611 3558 tres
644 3501 905 3575 patres:
937 3511 1109 3555 unus
1162 3490 1335 3555 filius
1372 3511 1507 3556 non

309 3592 448 3647 tres
508 3582 667 3646 filii:
744 3601 915 3643 unus
969 3579 1509 3662 spiritussanctus

312 3693 447 3736 non
510 3679 645 3735 tres
705 3667 1204 3752 spiritussancti,
1297 3667 1391 3730 Et
1440 3668 1505 3730 in

309 3761 441 3824 hac
468 3760 765 3824 trinitate
798 3757 961 3822 nihil
994 3757 1174 3840 prius
1206 3766 1325 3820 aut
1354 3777 1508 3838 pos-

310 3849 513 3914 terius
574 3847 736 3910 nihil
800 3845 1016 3928 majus
1077 3853 1195 3909 aut
1244 3845 1505 3908 minus:

308 3938 427 4002 sed
490 3946 631 4002 tote
690 3946 823 4001 tres
879 3953 1157 4018 persone
1203 3943 1507 3997 coeterne

306 4027 436 4091 sibi
484 4035 637 4089 sunt
686 4032 755 4088 et
803 4022 1173 4106 coequales,
1260 4021 1375 4086 Ita
1434 4031 1507 4085 ut

310 4136 429 4198 per
447 4115 673 4177 omnia
702 4113 872 4177 sicut
892 4115 1031 4193 jam
1054 4111 1505 4194 supradictum

309 4213 458 4269 est:
504 4213 571 4266 et
634 4202 854 4266 unitas
910 4201 977 4263 in
1039 4200 1377 4264 trinitate:
1440 4207 1508 4262 et

307 4292 571 4357 trinitas
602 4291 668 4353 in
700 4290 957 4353 unitate
985 4287 1364 4352 veneranda
1404 4288 1510 4355 sit,

315 4380 443 4460 Qui
488 4379 632 4443 vult
691 4397 851 4462 ergo
909 4376 1132 4441 salvus
1177 4397 1363 4440 esse:
1415 4377 1509 4440 ita

413 4516 427 4544 ¹
464 4531 557 4580 pro
586 4513 837 4564 ‘et‘aut:
872 4513 1007 4562 E.G,
1086 4512 1197 4562 ‘ac'
1227 4529 1239 4561 :
1275 4512 1327 4562 S.

1501 4515 1521 4544 ²
1554 4513 1788 4562 dominus
1814 4529 1826 4563 :
1862 4513 1916 4564 S,

2120 466 2273 521 884

1614 566 1700 632 de
1730 570 2028 645 trinitate
2059 570 2318 633 sentiat,
2412 569 2550 634 Sed
2583 589 2808 635 neces-

1612 656 1856 720 sarium
1890 668 1992 721 est
2036 658 2121 722 ad
2153 667 2452 722 eternam
2482 657 2808 725 salutem:

1611 754 1685 809 ut
1718 746 2233 811 incarnationem
2262 767 2527 829 quoque
2550 746 2807 812 domini

1608 834 1816 898 nostri
1847 834 2009 917 Jesu
2059 834 2304 900 Christi
2337 834 2620 899 fideliter
2663 856 2801 900 cre-

1605 923 1744 987 dat,
1836 924 1968 987 Est
2028 944 2188 1008 ergo
2250 923 2414 987 fides
2459 934 2680 989 recta:
2727 936 2804 989 ut

1602 1012 1953 1075 credamus
2019 1022 2090 1075 et
2164 1013 2600 1076 confiteamur
2643 1016 2803 1097 quia

1604 1100 1915 1164 dominus
1975 1110 2202 1164 noster
2258 1101 2454 1184 Jesus
2501 1102 2805 1168 Christus

1602 1189 1714 1254 dei
1759 1187 1931 1253 filius
1951 1189 2115 1253 deus
2139 1198 2206 1253 et
2229 1190 2432 1254 homo
2452 1200 2567 1255 est.
2614 1192 2806 1256 Deus

1604 1286 1707 1341 est
1740 1298 1830 1341 ex
1853 1276 2229 1342 substantia
2274 1278 2482 1361 patris
2513 1289 2668 1344 ante
2699 1301 2800 1345 se-

1601 1366 1755 1429 cula
1812 1368 2121 1449 genitus:
2168 1375 2236 1430 et
2294 1367 2499 1431 homo
2550 1377 2655 1432 est
2713 1390 2804 1434 ex

1606 1455 1980 1519 substantia
2027 1456 2256 1519 matris
2304 1456 2370 1519 in
2417 1456 2641 1521 seculo
2687 1478 2803 1522 na-

1607 1552 1734 1607 tus,
1829 1542 2174 1607 Perfectus
2219 1544 2423 1610 deus:
2474 1547 2804 1628 perfectus

1607 1631 1856 1697 homo:
1932 1653 2022 1695 ex
2082 1634 2308 1696 anima
2369 1634 2674 1699 rationali
2735 1644 2805 1700 et

1607 1719 1903 1784 humana
1933 1740 2128 1784 carne
2147 1722 2529 1788 subsistens,
2573 1724 2808 1806 Equa-

1608 1808 1687 1871 lis
1720 1810 1891 1892 patri
1925 1811 2289 1874 secundum
2336 1810 2754 1876 divinitatem
2785 1834 2801 1877 :

1608 1897 1826 1963 minor
1855 1907 2044 1981 patre
2089 1899 2452 1962 secundum
2501 1900 2808 1964 humani-

1608 1994 1836 2050 tatem,
1963 1985 2088 2065 Qui
2149 1986 2314 2050 licet·
2364 1988 2529 2051 deus
2589 1988 2674 2052 sit
2735 1999 2806 2054 et

1606 2072 1812 2137 homo
1839 2095 1854 2139 :
1903 2094 2036 2137 non
2067 2074 2204 2138 duo
2234 2083 2460 2139 tamen
2491 2078 2608 2140 sed
2634 2098 2806 2142 unus

1608 2171 1712 2226 est
1745 2162 2064 2227 Christus,
2167 2164 2354 2228 Unus
2396 2174 2621 2227 autem
2667 2187 2802 2233 non

1609 2251 1737 2315 ex⁸
1754 2252 2180 2315 conversione
2200 2252 2566 2317 divinitatis
2580 2255 2644 2317 in
2665 2276 2805 2318 car-

1610 2359 1804 2405 nem:
1851 2340 1968 2403 sed
2000 2341 2456 2424 assumptione
2499 2341 2804 2407 humani-

1608 2428 1772 2517 tatis
1838 2428 1905 2491 in
1960 2428 2178 2493 deum.
2281 2428 2467 2495 Unus
2527 2432 2804 2495 omnino

1609 2536 1745 2581 non
1794 2517 2178 2582 confusione
2224 2518 2634 2586 substantie:
2681 2522 2800 2586 sed

1610 2607 1867 2670 unitate
1935 2626 2232 2689 persone,
2367 2609 2553 2672 Nam
2630 2611 2802 2675 sicut

1610 2696 1834 2758 anima
1864 2696 2199 2759 rationalis
2232 2705 2300 2761 et
2329 2717 2483 2761 caro
2507 2718 2676 2762 unus
2701 2709 2804 2764 est

1608 2784 1854 2848 homo:
1901 2784 1996 2848 ita
2026 2785 2192 2849 deus
2251 2795 2321 2848 et
2365 2786 2571 2850 homo
2631 2809 2802 2853 unus

1609 2878 1714 2936 est
1777 2871 2098 2938 Christus,
2222 2873 2349 2952 Qui
2411 2895 2646 2960 passus
2698 2886 2802 2942 est

1610 2981 1732 3043 pro
1763 2960 1977 3026 salute
2023 2972 2290 3026 nostra:
2334 2964 2682 3028 descendit
2713 2965 2796 3029 ad

1611 3049 1855 3113 inferos
1914 3051 2112 3115 tertia
2169 3051 2280 3115 die
2341 3055 2698 3116 resurrexit
2759 3075 2804 3121 a

1610 3136 1904 3202 mortuis,
2022 3138 2354 3204 Ascendit
2421 3143 2506 3204 ad
2585 3141 2803 3207 celos:

1608 3226 1798 3289 sedet
1815 3226 1901 3289 ad
1933 3225 2282 3290 dexteram
2314 3227 2422 3291 dei
2443 3230 2648 3311 patris
2660 3251 2804 3294 om-

1608 3314 2007 3396 nipotentis:
2100 3317 2256 3379 inde
2323 3327 2640 3382 venturus
2696 3328 2802 3383 est

1601 3402 1902 3485 judicare
1929 3403 2114 3466 vivos
2160 3412 2230 3468 et
2282 3413 2592 3470 mortuos,
2683 3408 2804 3472 Ad

1608 3490 1796 3572 cujus
1826 3491 2188 3556 adventum
2235 3513 2468 3558 omnes
2497 3493 2804 3559 homines

1608 3599 1948 3662 resurgere
1970 3578 2219 3644 habent
2241 3601 2392 3646 cum
2415 3583 2801 3666 corporibus

1606 3669 1782 3732 suis:
1815 3677 1883 3734 et
1917 3669 2234 3735 reddituri
2283 3679 2441 3735 sunt
2489 3672 2576 3736 de
2608 3671 2802 3737 sactis

1606 3757 1887 3843 propriis
1918 3757 2260 3824 rationem.
2350 3760 2452 3823 Et
2480 3761 2594 3844 qui
2626 3760 2807 3826 bona

1607 3855 1886 3928 egerunt
1918 3846 2107 3910 ibunt
2139 3847 2206 3910 in
2224 3848 2432 3913 vitam
2464 3860 2803 3915 eternam:

1604 3935 1720 4016 qui
1752 3954 1908 3997 vero
1943 3935 2118 4000 mala
2148 3937 2217 3999 in
2238 3937 2461 4020 ignem
2475 3947 2800 4008 eternum.

1604 4023 1758 4087 Hec
1817 4031 1922 4088 est
1979 4023 2146 4089 fides
2190 4023 2555 4092 catholica:
2600 4049 2805 4110 quam

1607 4113 1733 4175 nisi
1765 4113 2046 4195 quisque
2087 4111 2368 4177 fideliter
2397 4115 2804 4201 firmiterque

1605 4200 1999 4266 crediderit:
2030 4202 2254 4266 salvus
2283 4223 2429 4267 esse
2453 4225 2586 4268 non
2613 4215 2801 4287 pote-

1608 4289 1709 4353 rit,
1777 4287 2023 4354 Gloria,
2109 4289 2494 4374 Antzphona
2515 4294 2540 4330 ⁴
2592 4294 2802 4358 domi·-

1608 4376 1842 4442 m‘calis
1877 4387 2102 4460 preter
2143 4389 2317 4443 certa
2364 4390 2646 4464 tempora
2660 4407 2685 4447 ,·
2729 4393 2807 4447 ut

2060 4516 2082 4546 ⁸
2117 4517 2240 4565 ‘ex’
2263 4532 2364 4568 om,
2395 4535 2410 4567 ε
2445 4517 2734 4574 E,G.w.s,

502 4585 521 4613 ⁴
567 4581 717 4630 Verba
742 4580 803 4628 ab
844 4585 858 4607 ¹
882 4579 1177 4646 Antiphona
1200 4579 1213 4602 ‘
1238 4594 1391 4644 usque
1412 4579 1483 4627 ad
1510 4579 1784 4645 ‘simplicia
1799 4579 1813 4602 ’
1835 4581 2142 4631 omittuntur
2158 4583 2301 4648 apud
2315 4583 2384 4634 E,
2414 4583 2482 4634 ὁ·
2509 4585 2566 4636 G,

2407 4667 2536 4733 31>
