<?xml version="1.0" encoding="UTF-8"?>
<!DOCTYPE html PUBLIC "-//W3C//DTD XHTML 1.0 Transitional//EN"
    "http://www.w3.org/TR/xhtml1/DTD/xhtml1-transitional.dtd">
<html xmlns="http://www.w3.org/1999/xhtml" xml:lang="en" lang="en">
 <head>
  <title>
</title>
<meta http-equiv="Content-Type" content="text/html;charset=utf-8" />
  <meta name='ocr-system' content='tesseract 3.04.00' />
  <meta name='ocr-capabilities' content='ocr_page ocr_carea ocr_par ocr_line ocrx_word'/>
</head>
<body>
  <div class='ocr_page' id='page_1' title='image "./publicationssur05unkngoog_0049.png"; bbox 0 0 3375 5100; ppageno 0'>
   <div class='ocr_carea' id='block_1_1' title="bbox 1557 341 1983 398">
    <p class='ocr_par' dir='ltr' id='par_1_1' title="bbox 1557 341 1983 398">
     <span class='ocr_line' id='line_1_1' title="bbox 1557 341 1983 398; baseline 0 0"><span class='ocrx_word' id='word_1_1' title='bbox 1557 341 1885 398; x_wconf 78' lang='lat' dir='ltr'><em>DOMINI</em></span> <span class='ocrx_word' id='word_1_2' title='bbox 1882 341 1983 398; x_wconf 83' lang='lat' dir='ltr'>CA</span> 
     </span>
    </p>
   </div>
   <div class='ocr_carea' id='block_1_2' title="bbox 1082 439 1186 497">
    <p class='ocr_par' dir='ltr' id='par_1_2' title="bbox 1082 439 1186 497">
     <span class='ocr_line' id='line_1_2' title="bbox 1082 439 1186 497; baseline 0.029 -3"><span class='ocrx_word' id='word_1_3' title='bbox 1082 439 1186 497; x_wconf 69' lang='lat'>48</span> 
     </span>
    </p>
   </div>
   <div class='ocr_carea' id='block_1_3' title="bbox 533 541 1735 804">
    <p class='ocr_par' dir='ltr' id='par_1_3' title="bbox 533 541 1735 804">
     <span class='ocr_line' id='line_1_3' title="bbox 535 541 1735 625; baseline -0.003 -16"><span class='ocrx_word' id='word_1_4' title='bbox 535 543 766 609; x_wconf 86' lang='lat' dir='ltr'>florete</span> <span class='ocrx_word' id='word_1_5' title='bbox 797 553 866 608; x_wconf 92' lang='lat' dir='ltr'>et</span> <span class='ocrx_word' id='word_1_6' title='bbox 896 542 1180 610; x_wconf 89' lang='lat' dir='ltr'>fructum</span> <span class='ocrx_word' id='word_1_7' title='bbox 1213 543 1428 608; x_wconf 89' lang='lat' dir='ltr'>facite.</span> <span class='ocrx_word' id='word_1_8' title='bbox 1517 541 1735 625; x_wconf 86' lang='lat' dir='ltr'>Prope</span> 
     </span>
     <span class='ocr_line' id='line_1_4' title="bbox 533 630 1733 706; baseline -0.002 -8"><span class='ocrx_word' id='word_1_9' title='bbox 533 643 636 698; x_wconf 88' lang='lat' dir='ltr'>est</span> <span class='ocrx_word' id='word_1_10' title='bbox 697 644 770 698; x_wconf 92' lang='lat' dir='ltr'>ut</span> <span class='ocrx_word' id='word_1_11' title='bbox 827 635 1052 698; x_wconf 89' lang='lat' dir='ltr'>veniat</span> <span class='ocrx_word' id='word_1_12' title='bbox 1111 635 1256 698; x_wconf 91' lang='lat' dir='ltr'>dies</span> <span class='ocrx_word' id='word_1_13' title='bbox 1315 633 1588 696; x_wconf 90' lang='lat' dir='ltr'>domini.</span> <span class='ocrx_word' id='word_1_14' title='bbox 1679 630 1733 706; x_wconf 73' lang='grc' dir='ltr'><strong><em>Ϋ</em></strong></span> 
     </span>
     <span class='ocr_line' id='line_1_5' title="bbox 537 719 1735 804; baseline -0.003 -18"><span class='ocrx_word' id='word_1_15' title='bbox 537 723 786 786; x_wconf 89' lang='lat' dir='ltr'>Rorate</span> <span class='ocrx_word' id='word_1_16' title='bbox 839 723 961 786; x_wconf 90' lang='lat' dir='ltr'>celi</span> <span class='ocrx_word' id='word_1_17' title='bbox 1021 723 1307 804; x_wconf 87' lang='lat' dir='ltr'>desuper</span> <span class='ocrx_word' id='word_1_18' title='bbox 1378 731 1448 784; x_wconf 91' lang='lat' dir='ltr'>et</span> <span class='ocrx_word' id='word_1_19' title='bbox 1519 719 1735 784; x_wconf 90' lang='lat' dir='ltr'>nubes</span> 
     </span>
    </p>
   </div>
   <div class='ocr_carea' id='block_1_4' title="bbox 1835 439 3029 805">
    <p class='ocr_par' dir='ltr' id='par_1_4' title="bbox 1835 439 3029 805">
     <span class='ocr_line' id='line_1_6' title="bbox 2378 439 2477 492; baseline 0 0"><span class='ocrx_word' id='word_1_20' title='bbox 2378 439 2477 492; x_wconf 72' lang='lat'>44</span> 
     </span>
     <span class='ocr_line' id='line_1_7' title="bbox 1838 541 3029 612; baseline -0.003 -2"><span class='ocrx_word' id='word_1_21' title='bbox 1838 544 2125 612; x_wconf 76' lang='lat' dir='ltr'><strong>Christi:</strong></span> <span class='ocrx_word' id='word_1_22' title='bbox 2172 543 2446 609; x_wconf 89' lang='lat' dir='ltr'>mittens</span> <span class='ocrx_word' id='word_1_23' title='bbox 2486 545 2655 609; x_wconf 90' lang='lat' dir='ltr'>duos</span> <span class='ocrx_word' id='word_1_24' title='bbox 2700 544 2785 608; x_wconf 91' lang='lat' dir='ltr'>de</span> <span class='ocrx_word' id='word_1_25' title='bbox 2832 541 3029 609; x_wconf 89' lang='lat' dir='ltr'>disci-</span> 
     </span>
     <span class='ocr_line' id='line_1_8' title="bbox 1836 633 3029 716; baseline 0 -18"><span class='ocrx_word' id='word_1_26' title='bbox 1836 634 2009 716; x_wconf 87' lang='lat' dir='ltr'>pulis</span> <span class='ocrx_word' id='word_1_27' title='bbox 2040 633 2175 698; x_wconf 88' lang='lat' dir='ltr'>suis</span> <span class='ocrx_word' id='word_1_28' title='bbox 2206 635 2301 697; x_wconf 89' lang='lat' dir='ltr'>ait</span> <span class='ocrx_word' id='word_1_29' title='bbox 2330 634 2423 696; x_wconf 91' lang='lat' dir='ltr'>illi</span> <span class='ocrx_word' id='word_1_30' title='bbox 2452 655 2467 698; x_wconf 91' lang='lat'>:</span> <span class='ocrx_word' id='word_1_31' title='bbox 2514 643 2586 697; x_wconf 93' lang='lat' dir='ltr'>tu</span> <span class='ocrx_word' id='word_1_32' title='bbox 2618 653 2691 696; x_wconf 91' lang='lat' dir='ltr'>es</span> <span class='ocrx_word' id='word_1_33' title='bbox 2722 633 2835 716; x_wconf 90' lang='lat' dir='ltr'>qui</span> <span class='ocrx_word' id='word_1_34' title='bbox 2868 654 3029 698; x_wconf 86' lang='lat' dir='ltr'>ven-</span> 
     </span>
     <span class='ocr_line' id='line_1_9' title="bbox 1835 722 3025 805; baseline 0 -19"><span class='ocrx_word' id='word_1_35' title='bbox 1835 732 2023 786; x_wconf 90' lang='lat' dir='ltr'>turus</span> <span class='ocrx_word' id='word_1_36' title='bbox 2072 743 2144 786; x_wconf 89' lang='lat' dir='ltr'>es</span> <span class='ocrx_word' id='word_1_37' title='bbox 2176 742 2261 785; x_wconf 89' lang='lat' dir='ltr'>an</span> <span class='ocrx_word' id='word_1_38' title='bbox 2308 722 2512 787; x_wconf 89' lang='lat' dir='ltr'>alium</span> <span class='ocrx_word' id='word_1_39' title='bbox 2568 732 3025 805; x_wconf 64' lang='lat' dir='ltr'>expectamus</span> 
     </span>
    </p>
   </div>
   <div class='ocr_carea' id='block_1_5' title="bbox 533 810 3023 894">
    <p class='ocr_par' dir='ltr' id='par_1_5' title="bbox 533 810 3023 894">
     <span class='ocr_line' id='line_1_10' title="bbox 533 810 3023 894; baseline 0 -21"><span class='ocrx_word' id='word_1_40' title='bbox 533 814 768 894; x_wconf 87' lang='lat' dir='ltr'><strong>pluant</strong></span> <span class='ocrx_word' id='word_1_41' title='bbox 827 811 1122 893; x_wconf 86' lang='lat' dir='ltr'>justum:</span> <span class='ocrx_word' id='word_1_42' title='bbox 1176 811 1510 894; x_wconf 88' lang='lat' dir='ltr'>aperiatur</span> <span class='ocrx_word' id='word_1_43' title='bbox 1559 819 1735 872; x_wconf 87' lang='lat' dir='ltr'>terra</span> <span class='ocrx_word' id='word_1_44' title='bbox 1821 820 1923 894; x_wconf 62' lang='lat' dir='ltr'>pf.</span> <span class='ocrx_word' id='word_1_45' title='bbox 2000 811 2401 874; x_wconf 84' lang='lat' dir='ltr'>Benedictus</span> <span class='ocrx_word' id='word_1_46' title='bbox 2446 810 2693 876; x_wconf 87' lang='lat' dir='ltr'><em>Oratio.</em></span> <span class='ocrx_word' id='word_1_47' title='bbox 2767 810 3023 875; x_wconf 89' lang='lat' dir='ltr'>Aurem</span> 
     </span>
    </p>
   </div>
   <div class='ocr_carea' id='block_1_6' title="bbox 505 897 1757 3642">
    <p class='ocr_par' dir='ltr' id='par_1_6' title="bbox 531 897 1757 1738">
     <span class='ocr_line' id='line_1_11' title="bbox 531 897 1735 981; baseline -0.002 -18"><span class='ocrx_word' id='word_1_48' title='bbox 531 910 602 963; x_wconf 91' lang='lat' dir='ltr'>et</span> <span class='ocrx_word' id='word_1_49' title='bbox 630 901 959 981; x_wconf 84' lang='lat' dir='ltr'><strong>germinet</strong></span> <span class='ocrx_word' id='word_1_50' title='bbox 995 899 1412 962; x_wconf 86' lang='lat' dir='ltr'>salvatorem.</span> <span class='ocrx_word' id='word_1_51' title='bbox 1503 897 1735 979; x_wconf 86' lang='lat' dir='ltr'>Prope.</span> 
     </span>
     <span class='ocr_line' id='line_1_12' title="bbox 533 985 1741 1071; baseline -0.004 -20"><span class='ocrx_word' id='word_1_52' title='bbox 533 987 764 1052; x_wconf 84' lang='lat' dir='ltr'>Gloria</span> <span class='ocrx_word' id='word_1_53' title='bbox 794 987 966 1070; x_wconf 90' lang='lat' dir='ltr'>patri</span> <span class='ocrx_word' id='word_1_54' title='bbox 1001 987 1228 1071; x_wconf 86' lang='lat' dir='ltr'>Prope.</span> <span class='ocrx_word' id='word_1_55' title='bbox 1287 985 1741 1068; x_wconf 77' lang='lat' dir='ltr'>Reinczpiatur</span> 
     </span>
     <span class='ocr_line' id='line_1_13' title="bbox 534 1073 1757 1157; baseline -0.002 -19"><span class='ocrx_word' id='word_1_56' title='bbox 534 1077 722 1157; x_wconf 82' lang='lat' dir='ltr'>Resp.</span> <span class='ocrx_word' id='word_1_57' title='bbox 801 1076 1088 1139; x_wconf 80' lang='lat' dir='ltr'>Montes,</span> <span class='ocrx_word' id='word_1_58' title='bbox 1206 1075 1392 1157; x_wconf 83' lang='lat' dir='ltr'>Resp.</span> <span class='ocrx_word' id='word_1_59' title='bbox 1488 1073 1757 1154; x_wconf 79' lang='lat' dir='ltr'>sen‘ale‘</span> 
     </span>
     <span class='ocr_line' id='line_1_14' title="bbox 537 1164 1732 1228; baseline -0.003 0"><span class='ocrx_word' id='word_1_60' title='bbox 537 1165 813 1228; x_wconf 89' lang='lat' dir='ltr'>Festina</span> <span class='ocrx_word' id='word_1_61' title='bbox 873 1184 958 1227; x_wconf 90' lang='lat' dir='ltr'>ne</span> <span class='ocrx_word' id='word_1_62' title='bbox 1017 1164 1378 1228; x_wconf 84' lang='lat' dir='ltr'>tardaveris</span> <span class='ocrx_word' id='word_1_63' title='bbox 1443 1164 1732 1228; x_wconf 91' lang='lat' dir='ltr'>domine.</span> 
     </span>
     <span class='ocr_line' id='line_1_15' title="bbox 539 1249 1734 1335; baseline 0.002 -20"><span class='ocrx_word' id='word_1_64' title='bbox 539 1251 632 1315; x_wconf 94' lang='lat' dir='ltr'>Et</span> <span class='ocrx_word' id='word_1_65' title='bbox 707 1253 913 1316; x_wconf 89' lang='lat' dir='ltr'>libera</span> <span class='ocrx_word' id='word_1_66' title='bbox 988 1252 1310 1335; x_wconf 91' lang='lat' dir='ltr'>populum</span> <span class='ocrx_word' id='word_1_67' title='bbox 1382 1262 1590 1317; x_wconf 89' lang='lat' dir='ltr'>tuum.</span> <span class='ocrx_word' id='word_1_68' title='bbox 1680 1249 1734 1325; x_wconf 73' lang='grc' dir='ltr'><strong><em>Ϋ</em></strong></span> 
     </span>
     <span class='ocr_line' id='line_1_16' title="bbox 534 1340 1731 1406; baseline -0.003 0"><span class='ocrx_word' id='word_1_69' title='bbox 534 1341 708 1406; x_wconf 83' lang='lat' dir='ltr'>Veni</span> <span class='ocrx_word' id='word_1_70' title='bbox 770 1340 1040 1404; x_wconf 91' lang='lat' dir='ltr'>domine</span> <span class='ocrx_word' id='word_1_71' title='bbox 1100 1351 1170 1405; x_wconf 92' lang='lat' dir='ltr'>et</span> <span class='ocrx_word' id='word_1_72' title='bbox 1231 1341 1363 1403; x_wconf 90' lang='lat' dir='ltr'>noli</span> <span class='ocrx_word' id='word_1_73' title='bbox 1425 1341 1731 1404; x_wconf 88' lang='lat' dir='ltr'>tardare:</span> 
     </span>
     <span class='ocr_line' id='line_1_17' title="bbox 535 1429 1735 1512; baseline 0 -20"><span class='ocrx_word' id='word_1_74' title='bbox 535 1430 766 1492; x_wconf 86' lang='lat' dir='ltr'>relaxa</span> <span class='ocrx_word' id='word_1_75' title='bbox 826 1429 1116 1492; x_wconf 89' lang='lat' dir='ltr'>facinora</span> <span class='ocrx_word' id='word_1_76' title='bbox 1175 1429 1354 1512; x_wconf 89' lang='lat' dir='ltr'>plebi</span> <span class='ocrx_word' id='word_1_77' title='bbox 1419 1438 1552 1492; x_wconf 91' lang='lat' dir='ltr'>tue.</span> <span class='ocrx_word' id='word_1_78' title='bbox 1643 1429 1735 1493; x_wconf 92' lang='lat' dir='ltr'>Et</span> 
     </span>
     <span class='ocr_line' id='line_1_18' title="bbox 533 1517 1737 1582; baseline 0.002 -2"><span class='ocrx_word' id='word_1_79' title='bbox 533 1517 780 1581; x_wconf 85' lang='lat' dir='ltr'>libera.¹</span> <span class='ocrx_word' id='word_1_80' title='bbox 1180 1518 1265 1580; x_wconf 80' lang='lat' dir='ltr'>In</span> <span class='ocrx_word' id='word_1_81' title='bbox 1293 1517 1600 1580; x_wconf 81' lang='lat' dir='ltr'><em>laudibus</em></span> <span class='ocrx_word' id='word_1_82' title='bbox 1627 1527 1737 1582; x_wconf 67' lang='lat' dir='ltr'>an.</span> 
     </span>
     <span class='ocr_line' id='line_1_19' title="bbox 549 1604 1737 1738; baseline 0.005 -74"><span class='ocrx_word' id='word_1_83' title='bbox 549 1655 558 1664; x_wconf 85' lang='lat'>.</span> <span class='ocrx_word' id='word_1_84' title='bbox 555 1607 870 1738; x_wconf 82' lang='lat' dir='ltr'>Veniet</span> <span class='ocrx_word' id='word_1_85' title='bbox 911 1604 1220 1669; x_wconf 91' lang='lat' dir='ltr'>dominus</span> <span class='ocrx_word' id='word_1_86' title='bbox 1273 1617 1340 1670; x_wconf 92' lang='lat' dir='ltr'>et</span> <span class='ocrx_word' id='word_1_87' title='bbox 1389 1626 1524 1670; x_wconf 91' lang='lat' dir='ltr'>non</span> <span class='ocrx_word' id='word_1_88' title='bbox 1553 1607 1737 1670; x_wconf 89' lang='lat' dir='ltr'>tard-</span> 
     </span>
    </p>

    <p class='ocr_par' dir='ltr' id='par_1_7' title="bbox 505 1694 1755 3642">
     <span class='ocr_line' id='line_1_20' title="bbox 701 1694 1733 1759; baseline 0 -1"><span class='ocrx_word' id='word_1_89' title='bbox 701 1694 844 1758; x_wconf 86' lang='lat' dir='ltr'>abit</span> <span class='ocrx_word' id='word_1_90' title='bbox 873 1703 948 1758; x_wconf 93' lang='lat' dir='ltr'>ut</span> <span class='ocrx_word' id='word_1_91' title='bbox 979 1694 1310 1758; x_wconf 91' lang='lat' dir='ltr'>illuminet</span> <span class='ocrx_word' id='word_1_92' title='bbox 1339 1695 1733 1759; x_wconf 88' lang='lat' dir='ltr'>abscondita</span> 
     </span>
     <span class='ocr_line' id='line_1_21' title="bbox 537 1783 1737 1848; baseline 0.002 -2"><span class='ocrx_word' id='word_1_93' title='bbox 537 1783 1002 1847; x_wconf 87' lang='lat' dir='ltr'>tenebrarum:</span> <span class='ocrx_word' id='word_1_94' title='bbox 1048 1792 1116 1846; x_wconf 89' lang='lat' dir='ltr'>et</span> <span class='ocrx_word' id='word_1_95' title='bbox 1166 1783 1616 1848; x_wconf 82' lang='lat' dir='ltr'>manifestabit</span> <span class='ocrx_word' id='word_1_96' title='bbox 1663 1803 1737 1848; x_wconf 89' lang='lat' dir='ltr'>se</span> 
     </span>
     <span class='ocr_line' id='line_1_22' title="bbox 537 1872 1737 1955; baseline 0.002 -21"><span class='ocrx_word' id='word_1_97' title='bbox 537 1872 626 1935; x_wconf 88' lang='lat' dir='ltr'>ad</span> <span class='ocrx_word' id='word_1_98' title='bbox 675 1892 904 1935; x_wconf 89' lang='lat' dir='ltr'>omnes</span> <span class='ocrx_word' id='word_1_99' title='bbox 949 1881 1198 1954; x_wconf 79' lang='lat' dir='ltr'>genteS.</span> <span class='ocrx_word' id='word_1_100' title='bbox 1274 1873 1555 1936; x_wconf 89' lang='lat' dir='ltr'>alleluia.</span> <span class='ocrx_word' id='word_1_101' title='bbox 1633 1881 1737 1955; x_wconf 57' lang='lat' dir='ltr'>pi.</span> 
     </span>
     <span class='ocr_line' id='line_1_23' title="bbox 541 1960 1737 2044; baseline 0.003 -22"><span class='ocrx_word' id='word_1_102' title='bbox 541 1960 870 2023; x_wconf 90' lang='lat' dir='ltr'>Dominus</span> <span class='ocrx_word' id='word_1_103' title='bbox 892 1961 1205 2044; x_wconf 86' lang='lat' dir='ltr'>regnavit.</span> <span class='ocrx_word' id='word_1_104' title='bbox 1251 1962 1312 2025; x_wconf 87' lang='lat' dir='ltr'><em>A</em></span> <span class='ocrx_word' id='word_1_105' title='bbox 1323 1971 1383 2025; x_wconf 79' lang='grc' dir='ltr'>ῆ.</span> <span class='ocrx_word' id='word_1_106' title='bbox 1421 1963 1737 2025; x_wconf 89' lang='lat' dir='ltr'>Hierusa-</span> 
     </span>
     <span class='ocr_line' id='line_1_24' title="bbox 541 2048 1738 2133; baseline 0.003 -22"><span class='ocrx_word' id='word_1_107' title='bbox 541 2048 675 2111; x_wconf 88' lang='lat' dir='ltr'>lem</span> <span class='ocrx_word' id='word_1_108' title='bbox 705 2049 924 2132; x_wconf 85' lang='lat' dir='ltr'>gaude</span> <span class='ocrx_word' id='word_1_109' title='bbox 968 2050 1216 2131; x_wconf 90' lang='lat' dir='ltr'>gaudio</span> <span class='ocrx_word' id='word_1_110' title='bbox 1247 2071 1532 2133; x_wconf 90' lang='lat' dir='ltr'>magno:</span> <span class='ocrx_word' id='word_1_111' title='bbox 1577 2049 1738 2133; x_wconf 89' lang='lat' dir='ltr'>quia</span> 
     </span>
     <span class='ocr_line' id='line_1_25' title="bbox 539 2139 1737 2221; baseline 0.002 -19"><span class='ocrx_word' id='word_1_112' title='bbox 539 2139 764 2202; x_wconf 85' lang='lat' dir='ltr'>veniet</span> <span class='ocrx_word' id='word_1_113' title='bbox 787 2139 906 2202; x_wconf 91' lang='lat' dir='ltr'>tibi</span> <span class='ocrx_word' id='word_1_114' title='bbox 931 2139 1234 2202; x_wconf 87' lang='lat' dir='ltr'>salvator.</span> <span class='ocrx_word' id='word_1_115' title='bbox 1299 2140 1578 2204; x_wconf 88' lang='lat' dir='ltr'>alleluia.</span> <span class='ocrx_word' id='word_1_116' title='bbox 1632 2149 1737 2221; x_wconf 61' lang='lat' dir='ltr'>pff.</span> 
     </span>
     <span class='ocr_line' id='line_1_26' title="bbox 505 2226 1735 2310; baseline -0.001 -18"><span class='ocrx_word' id='word_1_117' title='bbox 505 2226 882 2308; x_wconf 51' lang='lat' dir='ltr'>jubilate„</span> <span class='ocrx_word' id='word_1_118' title='bbox 941 2237 1048 2294; x_wconf 75' lang='grc' dir='ltr'>αῆ.</span> <span class='ocrx_word' id='word_1_119' title='bbox 1143 2227 1340 2292; x_wconf 87' lang='lat' dir='ltr'>Dabo</span> <span class='ocrx_word' id='word_1_120' title='bbox 1415 2229 1482 2291; x_wconf 91' lang='lat' dir='ltr'>in</span> <span class='ocrx_word' id='word_1_121' title='bbox 1567 2248 1735 2310; x_wconf 88' lang='lat' dir='ltr'>syon</span> 
     </span>
     <span class='ocr_line' id='line_1_27' title="bbox 541 2315 1739 2398; baseline 0 -20"><span class='ocrx_word' id='word_1_122' title='bbox 541 2315 866 2381; x_wconf 88' lang='lat' dir='ltr'>salutem:</span> <span class='ocrx_word' id='word_1_123' title='bbox 917 2324 985 2380; x_wconf 90' lang='lat' dir='ltr'>et</span> <span class='ocrx_word' id='word_1_124' title='bbox 1016 2317 1086 2379; x_wconf 89' lang='lat' dir='ltr'>in</span> <span class='ocrx_word' id='word_1_125' title='bbox 1148 2315 1540 2381; x_wconf 87' lang='lat' dir='ltr'>hierusalem</span> <span class='ocrx_word' id='word_1_126' title='bbox 1592 2317 1739 2398; x_wconf 88' lang='lat' dir='ltr'>glo-</span> 
     </span>
     <span class='ocr_line' id='line_1_28' title="bbox 542 2403 1739 2487; baseline 0 -20"><span class='ocrx_word' id='word_1_127' title='bbox 542 2405 707 2467; x_wconf 87' lang='lat' dir='ltr'>riam</span> <span class='ocrx_word' id='word_1_128' title='bbox 741 2425 980 2469; x_wconf 89' lang='lat' dir='ltr'>meam.</span> <span class='ocrx_word' id='word_1_129' title='bbox 1043 2403 1323 2468; x_wconf 91' lang='lat' dir='ltr'>alleluia.</span> <span class='ocrx_word' id='word_1_130' title='bbox 1375 2415 1474 2487; x_wconf 62' lang='lat' dir='ltr'>pff.</span> <span class='ocrx_word' id='word_1_131' title='bbox 1553 2406 1739 2468; x_wconf 90' lang='lat' dir='ltr'>Deus</span> 
     </span>
     <span class='ocr_line' id='line_1_29' title="bbox 547 2492 1741 2558; baseline -0.001 -1"><span class='ocrx_word' id='word_1_132' title='bbox 547 2492 712 2557; x_wconf 89' lang='lat' dir='ltr'>deus</span> <span class='ocrx_word' id='word_1_133' title='bbox 805 2513 1008 2557; x_wconf 79' lang='lat' dir='ltr'>meus,</span> <span class='ocrx_word' id='word_1_134' title='bbox 1105 2502 1214 2558; x_wconf 72' lang='lat' dir='ltr'>an.</span> <span class='ocrx_word' id='word_1_135' title='bbox 1322 2493 1597 2558; x_wconf 86' lang='lat' dir='ltr'>Montes</span> <span class='ocrx_word' id='word_1_136' title='bbox 1671 2501 1741 2557; x_wconf 92' lang='lat' dir='ltr'>et</span> 
     </span>
     <span class='ocr_line' id='line_1_30' title="bbox 543 2581 1741 2646; baseline 0.002 -3"><span class='ocrx_word' id='word_1_137' title='bbox 543 2600 776 2645; x_wconf 92' lang='lat' dir='ltr'>omnes</span> <span class='ocrx_word' id='word_1_138' title='bbox 806 2582 1010 2645; x_wconf 92' lang='lat' dir='ltr'>colles</span> <span class='ocrx_word' id='word_1_139' title='bbox 1054 2581 1620 2646; x_wconf 87' lang='lat' dir='ltr'>humiliabuntur:</span> <span class='ocrx_word' id='word_1_140' title='bbox 1671 2592 1741 2645; x_wconf 89' lang='lat' dir='ltr'>et</span> 
     </span>
     <span class='ocr_line' id='line_1_31' title="bbox 546 2670 1743 2754; baseline 0 -21"><span class='ocrx_word' id='word_1_141' title='bbox 546 2678 740 2733; x_wconf 88' lang='lat' dir='ltr'>erunt</span> <span class='ocrx_word' id='word_1_142' title='bbox 783 2690 988 2752; x_wconf 86' lang='lat' dir='ltr'>prava</span> <span class='ocrx_word' id='word_1_143' title='bbox 1019 2670 1087 2734; x_wconf 90' lang='lat' dir='ltr'>in</span> <span class='ocrx_word' id='word_1_144' title='bbox 1117 2670 1368 2735; x_wconf 88' lang='lat' dir='ltr'>directa</span> <span class='ocrx_word' id='word_1_145' title='bbox 1395 2679 1464 2735; x_wconf 90' lang='lat' dir='ltr'>et</span> <span class='ocrx_word' id='word_1_146' title='bbox 1509 2692 1743 2754; x_wconf 89' lang='lat' dir='ltr'>aspera</span> 
     </span>
     <span class='ocr_line' id='line_1_32' title="bbox 548 2757 1744 2840; baseline 0.002 -21"><span class='ocrx_word' id='word_1_147' title='bbox 548 2757 615 2820; x_wconf 91' lang='lat' dir='ltr'>in</span> <span class='ocrx_word' id='word_1_148' title='bbox 645 2758 786 2820; x_wconf 86' lang='lat' dir='ltr'>vias</span> <span class='ocrx_word' id='word_1_149' title='bbox 832 2758 1109 2840; x_wconf 85' lang='lat' dir='ltr'>planas:</span> <span class='ocrx_word' id='word_1_150' title='bbox 1160 2760 1312 2823; x_wconf 90' lang='lat' dir='ltr'>veni</span> <span class='ocrx_word' id='word_1_151' title='bbox 1359 2760 1627 2823; x_wconf 91' lang='lat' dir='ltr'>domine</span> <span class='ocrx_word' id='word_1_152' title='bbox 1673 2768 1744 2823; x_wconf 88' lang='lat' dir='ltr'>et</span> 
     </span>
     <span class='ocr_line' id='line_1_33' title="bbox 549 2843 1744 2930; baseline 0.003 -22"><span class='ocrx_word' id='word_1_153' title='bbox 549 2843 684 2908; x_wconf 90' lang='lat' dir='ltr'>noli</span> <span class='ocrx_word' id='word_1_154' title='bbox 731 2847 1010 2911; x_wconf 87' lang='lat' dir='ltr'>tardare.</span> <span class='ocrx_word' id='word_1_155' title='bbox 1099 2846 1380 2913; x_wconf 88' lang='lat' dir='ltr'>alleluia.</span> <span class='ocrx_word' id='word_1_156' title='bbox 1439 2857 1540 2930; x_wconf 45' lang='lat' dir='ltr'>psi.</span> <span class='ocrx_word' id='word_1_157' title='bbox 1618 2848 1744 2911; x_wconf 88' lang='lat' dir='ltr'>Be-</span> 
     </span>
     <span class='ocr_line' id='line_1_34' title="bbox 547 2933 1745 3020; baseline 0.003 -24"><span class='ocrx_word' id='word_1_158' title='bbox 547 2933 854 2999; x_wconf 86' lang='lat' dir='ltr'>nedicite.</span> <span class='ocrx_word' id='word_1_159' title='bbox 971 2944 1077 3000; x_wconf 77' lang='lat' dir='ltr'>an&#39;.</span> <span class='ocrx_word' id='word_1_160' title='bbox 1195 2936 1388 3018; x_wconf 90' lang='lat' dir='ltr'>Juste</span> <span class='ocrx_word' id='word_1_161' title='bbox 1476 2944 1546 3000; x_wconf 91' lang='lat' dir='ltr'>et</span> <span class='ocrx_word' id='word_1_162' title='bbox 1635 2938 1745 3020; x_wconf 91' lang='lat' dir='ltr'>pie</span> 
     </span>
     <span class='ocr_line' id='line_1_35' title="bbox 546 3022 1743 3107; baseline 0.004 -22"><span class='ocrx_word' id='word_1_163' title='bbox 546 3022 849 3086; x_wconf 89' lang='lat' dir='ltr'>vivamus</span> <span class='ocrx_word' id='word_1_164' title='bbox 939 3034 1374 3107; x_wconf 86' lang='lat' dir='ltr'>expectantes</span> <span class='ocrx_word' id='word_1_165' title='bbox 1473 3026 1743 3090; x_wconf 87' lang='lat' dir='ltr'>beatam</span> 
     </span>
     <span class='ocr_line' id='line_1_36' title="bbox 546 3112 1745 3197; baseline 0.003 -22"><span class='ocrx_word' id='word_1_166' title='bbox 546 3132 737 3195; x_wconf 89' lang='lat' dir='ltr'>spem</span> <span class='ocrx_word' id='word_1_167' title='bbox 786 3122 854 3176; x_wconf 91' lang='lat' dir='ltr'>et</span> <span class='ocrx_word' id='word_1_168' title='bbox 893 3112 1254 3178; x_wconf 88' lang='lat' dir='ltr'>adventum</span> <span class='ocrx_word' id='word_1_169' title='bbox 1297 3114 1570 3179; x_wconf 91' lang='lat' dir='ltr'>domini.</span> <span class='ocrx_word' id='word_1_170' title='bbox 1641 3124 1745 3197; x_wconf 62' lang='lat' dir='ltr'>pf.</span> 
     </span>
     <span class='ocr_line' id='line_1_37' title="bbox 552 3200 1749 3284; baseline 0.003 -21"><span class='ocrx_word' id='word_1_171' title='bbox 552 3200 874 3265; x_wconf 91' lang='lat' dir='ltr'>Laudate.</span> <span class='ocrx_word' id='word_1_172' title='bbox 969 3200 1339 3284; x_wconf 81' lang='lat' dir='ltr'>Capitulum</span> <span class='ocrx_word' id='word_1_173' title='bbox 1403 3205 1593 3268; x_wconf 88' lang='lat' dir='ltr'>Hora</span> <span class='ocrx_word' id='word_1_174' title='bbox 1645 3214 1749 3267; x_wconf 90' lang='lat' dir='ltr'>est</span> 
     </span>
     <span class='ocr_line' id='line_1_38' title="bbox 539 3289 1749 3373; baseline 0.004 -21"><span class='ocrx_word' id='word_1_175' title='bbox 539 3289 685 3373; x_wconf 87' lang='lat' dir='ltr'>jam</span> <span class='ocrx_word' id='word_1_176' title='bbox 729 3309 866 3355; x_wconf 74' lang='lat' dir='ltr'>nos,</span> <span class='ocrx_word' id='word_1_177' title='bbox 954 3291 1278 3372; x_wconf 84' lang='lat' dir='ltr'>Hymnus.</span> <span class='ocrx_word' id='word_1_178' title='bbox 1364 3294 1524 3357; x_wconf 85' lang='lat' dir='ltr'>Vox</span> <span class='ocrx_word' id='word_1_179' title='bbox 1557 3292 1749 3357; x_wconf 89' lang='lat' dir='ltr'>clara.</span> 
     </span>
     <span class='ocr_line' id='line_1_39' title="bbox 553 3373 1754 3468; baseline 0.004 -27"><span class='ocrx_word' id='word_1_180' title='bbox 553 3373 606 3449; x_wconf 73' lang='grc' dir='ltr'><strong><em>Ϋ</em></strong></span> <span class='ocrx_word' id='word_1_181' title='bbox 668 3377 830 3442; x_wconf 87' lang='lat' dir='ltr'>Vox</span> <span class='ocrx_word' id='word_1_182' title='bbox 860 3377 1228 3468; x_wconf 66' lang='lat' dir='ltr'>clamantis</span> <span class='ocrx_word' id='word_1_183' title='bbox 1317 3380 1402 3444; x_wconf 89' lang='lat' dir='ltr'>In</span> <span class='ocrx_word' id='word_1_184' title='bbox 1425 3382 1754 3463; x_wconf 82' lang='lat' dir='ltr'>evangelio</span> 
     </span>
     <span class='ocr_line' id='line_1_40' title="bbox 548 3466 1747 3551; baseline 0.004 -22"><span class='ocrx_word' id='word_1_185' title='bbox 548 3466 924 3548; x_wconf 77' lang='lat' dir='ltr'>antiphona.</span> <span class='ocrx_word' id='word_1_186' title='bbox 1059 3469 1402 3551; x_wconf 88' lang='lat' dir='ltr'>Johannes</span> <span class='ocrx_word' id='word_1_187' title='bbox 1523 3480 1747 3535; x_wconf 90' lang='lat' dir='ltr'>autem</span> 
     </span>
     <span class='ocr_line' id='line_1_41' title="bbox 554 3557 1755 3642; baseline 0.006 -26"><span class='ocrx_word' id='word_1_188' title='bbox 554 3572 706 3619; x_wconf 92' lang='lat' dir='ltr'>cum</span> <span class='ocrx_word' id='word_1_189' title='bbox 745 3557 1037 3621; x_wconf 84' lang='lat' dir='ltr'>audisset</span> <span class='ocrx_word' id='word_1_190' title='bbox 1099 3558 1166 3620; x_wconf 89' lang='lat' dir='ltr'>in</span> <span class='ocrx_word' id='word_1_191' title='bbox 1212 3558 1495 3623; x_wconf 90' lang='lat' dir='ltr'>vinculis</span> <span class='ocrx_word' id='word_1_192' title='bbox 1549 3580 1755 3642; x_wconf 90' lang='lat' dir='ltr'>opera</span> 
     </span>
    </p>
   </div>
   <div class='ocr_carea' id='block_1_7' title="bbox 556 3741 1760 4602">
    <p class='ocr_par' dir='ltr' id='par_1_8' title="bbox 557 3741 1749 3869">
     <span class='ocr_line' id='line_1_42' title="bbox 621 3741 1749 3819; baseline 0 -16"><span class='ocrx_word' id='word_1_193' title='bbox 621 3754 636 3784; x_wconf 89' lang='lat'>¹</span> <span class='ocrx_word' id='word_1_194' title='bbox 683 3756 700 3781; x_wconf 74' lang='lat'>⁸</span> <span class='ocrx_word' id='word_1_195' title='bbox 724 3741 777 3817; x_wconf 72' lang='grc' dir='ltr'><strong><em>Ϋ</em></strong></span> <span class='ocrx_word' id='word_1_196' title='bbox 845 3753 1036 3804; x_wconf 86' lang='lat' dir='ltr'>Emitte</span> <span class='ocrx_word' id='word_1_197' title='bbox 1089 3769 1275 3819; x_wconf 86' lang='lat' dir='ltr'>agnum</span> <span class='ocrx_word' id='word_1_198' title='bbox 1335 3752 1540 3804; x_wconf 89' lang='lat' dir='ltr'>domine</span> <span class='ocrx_word' id='word_1_199' title='bbox 1556 3753 1570 3776; x_wconf 92' lang='grc'><strong><em>’</em></strong></span> <span class='ocrx_word' id='word_1_200' title='bbox 1615 3752 1749 3803; x_wconf 85' lang='lat' dir='ltr'>add:</span> 
     </span>
     <span class='ocr_line' id='line_1_43' title="bbox 557 3818 782 3869; baseline -0.004 0"><span class='ocrx_word' id='word_1_201' title='bbox 557 3818 782 3869; x_wconf 81' lang='lat' dir='ltr'>E.G.W.</span> 
     </span>
    </p>

    <p class='ocr_par' dir='ltr' id='par_1_9' title="bbox 625 3886 1058 3937">
     <span class='ocr_line' id='line_1_44' title="bbox 625 3886 1058 3937; baseline 0.002 -3"><span class='ocrx_word' id='word_1_202' title='bbox 625 3887 644 3916; x_wconf 82' lang='lat'>⁸</span> <span class='ocrx_word' id='word_1_203' title='bbox 683 3886 789 3934; x_wconf 82' lang='lat' dir='ltr'>‘et’</span> <span class='ocrx_word' id='word_1_204' title='bbox 815 3902 915 3936; x_wconf 89' lang='lat' dir='ltr'>om.</span> <span class='ocrx_word' id='word_1_205' title='bbox 948 3903 960 3937; x_wconf 76' lang='grc' dir='ltr'><strong>ε</strong></span> <span class='ocrx_word' id='word_1_206' title='bbox 995 3888 1058 3937; x_wconf 94' lang='lat' dir='ltr'>G.</span> 
     </span>
    </p>

    <p class='ocr_par' dir='ltr' id='par_1_10' title="bbox 556 3952 1757 4499">
     <span class='ocr_line' id='line_1_45' title="bbox 625 3952 1749 4017; baseline 0.002 -17"><span class='ocrx_word' id='word_1_207' title='bbox 625 3952 644 3981; x_wconf 78' lang='lat'><strong>³</strong></span> <span class='ocrx_word' id='word_1_208' title='bbox 677 3952 994 4001; x_wconf 73' lang='lat' dir='ltr'>exercituum.</span> <span class='ocrx_word' id='word_1_209' title='bbox 1043 3953 1168 4003; x_wconf 81' lang='lat' dir='ltr'>vade</span> <span class='ocrx_word' id='word_1_210' title='bbox 1191 3960 1240 4003; x_wconf 91' lang='lat' dir='ltr'>et</span> <span class='ocrx_word' id='word_1_211' title='bbox 1263 3953 1521 4017; x_wconf 81' lang='lat' dir='ltr'>ingredere</span> <span class='ocrx_word' id='word_1_212' title='bbox 1544 3952 1610 4002; x_wconf 86' lang='lat' dir='ltr'>ad</span> <span class='ocrx_word' id='word_1_213' title='bbox 1633 3968 1749 4003; x_wconf 87' lang='lat' dir='ltr'>eum</span> 
     </span>
     <span class='ocr_line' id='line_1_46' title="bbox 556 4016 1747 4084; baseline 0.003 -19"><span class='ocrx_word' id='word_1_214' title='bbox 556 4016 643 4082; x_wconf 91' lang='lat' dir='ltr'>qui</span> <span class='ocrx_word' id='word_1_215' title='bbox 667 4016 860 4067; x_wconf 82' lang='lat' dir='ltr'>habitat</span> <span class='ocrx_word' id='word_1_216' title='bbox 883 4019 935 4067; x_wconf 88' lang='lat' dir='ltr'>in</span> <span class='ocrx_word' id='word_1_217' title='bbox 958 4019 1278 4069; x_wconf 87' lang='lat' dir='ltr'>tabernaculo</span> <span class='ocrx_word' id='word_1_218' title='bbox 1299 4021 1362 4069; x_wconf 87' lang='lat' dir='ltr'>ad</span> <span class='ocrx_word' id='word_1_219' title='bbox 1395 4020 1614 4069; x_wconf 83' lang='lat' dir='ltr'>sobriam</span> <span class='ocrx_word' id='word_1_220' title='bbox 1637 4036 1747 4084; x_wconf 88' lang='lat' dir='ltr'>pre-</span> 
     </span>
     <span class='ocr_line' id='line_1_47' title="bbox 559 4082 1749 4149; baseline 0.003 -18"><span class='ocrx_word' id='word_1_221' title='bbox 559 4082 777 4148; x_wconf 87' lang='lat' dir='ltr'>positum</span> <span class='ocrx_word' id='word_1_222' title='bbox 813 4086 985 4149; x_wconf 88' lang='lat' dir='ltr'>templi</span> <span class='ocrx_word' id='word_1_223' title='bbox 1019 4094 1068 4134; x_wconf 90' lang='lat' dir='ltr'>et</span> <span class='ocrx_word' id='word_1_224' title='bbox 1103 4086 1239 4135; x_wconf 81' lang='lat' dir='ltr'>&lt;lices</span> <span class='ocrx_word' id='word_1_225' title='bbox 1270 4086 1330 4135; x_wconf 88' lang='lat' dir='ltr'>ei.</span> <span class='ocrx_word' id='word_1_226' title='bbox 1408 4087 1542 4149; x_wconf 86' lang='lat' dir='ltr'>Quid</span> <span class='ocrx_word' id='word_1_227' title='bbox 1578 4096 1631 4136; x_wconf 86' lang='lat' dir='ltr'>tu</span> <span class='ocrx_word' id='word_1_228' title='bbox 1666 4087 1749 4135; x_wconf 86' lang='lat' dir='ltr'>hic</span> 
     </span>
     <span class='ocr_line' id='line_1_48' title="bbox 559 4150 1750 4217; baseline 0.003 -18"><span class='ocrx_word' id='word_1_229' title='bbox 559 4159 647 4199; x_wconf 87' lang='lat' dir='ltr'>aut</span> <span class='ocrx_word' id='word_1_230' title='bbox 683 4150 823 4214; x_wconf 84' lang='lat' dir='ltr'>quasi</span> <span class='ocrx_word' id='word_1_231' title='bbox 863 4152 973 4216; x_wconf 88' lang='lat' dir='ltr'>quis</span> <span class='ocrx_word' id='word_1_232' title='bbox 1007 4152 1090 4201; x_wconf 86' lang='lat' dir='ltr'>hic</span> <span class='ocrx_word' id='word_1_233' title='bbox 1129 4152 1244 4217; x_wconf 69' lang='lat' dir='ltr'>quit</span> <span class='ocrx_word' id='word_1_234' title='bbox 1283 4152 1506 4202; x_wconf 80' lang='lat' dir='ltr'>excidisti</span> <span class='ocrx_word' id='word_1_235' title='bbox 1543 4154 1633 4202; x_wconf 83' lang='lat' dir='ltr'>tibi</span> <span class='ocrx_word' id='word_1_236' title='bbox 1666 4154 1750 4203; x_wconf 89' lang='lat' dir='ltr'>hic</span> 
     </span>
     <span class='ocr_line' id='line_1_49' title="bbox 560 4216 1751 4280; baseline 0.004 -16"><span class='ocrx_word' id='word_1_237' title='bbox 560 4216 892 4280; x_wconf 86' lang='lat' dir='ltr'>sepulchrum.</span> <span class='ocrx_word' id='word_1_238' title='bbox 967 4218 1208 4268; x_wconf 87' lang='lat' dir='ltr'>Excidisti</span> <span class='ocrx_word' id='word_1_239' title='bbox 1250 4218 1298 4267; x_wconf 90' lang='lat' dir='ltr'>in</span> <span class='ocrx_word' id='word_1_240' title='bbox 1333 4218 1528 4268; x_wconf 82' lang='lat' dir='ltr'>excelso</span> <span class='ocrx_word' id='word_1_241' title='bbox 1563 4236 1751 4269; x_wconf 90' lang='lat' dir='ltr'>memo-</span> 
     </span>
     <span class='ocr_line' id='line_1_50' title="bbox 562 4282 1752 4349; baseline 0.004 -19"><span class='ocrx_word' id='word_1_242' title='bbox 562 4284 686 4331; x_wconf 84' lang='lat' dir='ltr'>riam</span> <span class='ocrx_word' id='word_1_243' title='bbox 730 4282 994 4347; x_wconf 86' lang='lat' dir='ltr'>diligenter</span> <span class='ocrx_word' id='word_1_244' title='bbox 1037 4292 1086 4334; x_wconf 86' lang='lat' dir='ltr'>et</span> <span class='ocrx_word' id='word_1_245' title='bbox 1121 4285 1172 4333; x_wconf 92' lang='lat' dir='ltr'>in</span> <span class='ocrx_word' id='word_1_246' title='bbox 1209 4293 1348 4349; x_wconf 87' lang='lat' dir='ltr'>petra</span> <span class='ocrx_word' id='word_1_247' title='bbox 1379 4285 1752 4335; x_wconf 87' lang='lat' dir='ltr'>tabernaculum</span> 
     </span>
     <span class='ocr_line' id='line_1_51' title="bbox 561 4348 1747 4417; baseline 0.001 -18"><span class='ocrx_word' id='word_1_248' title='bbox 561 4349 672 4399; x_wconf 86' lang='lat' dir='ltr'>tibi.</span> <span class='ocrx_word' id='word_1_249' title='bbox 737 4348 848 4399; x_wconf 90' lang='lat' dir='ltr'>Hec</span> <span class='ocrx_word' id='word_1_250' title='bbox 870 4350 991 4400; x_wconf 87' lang='lat' dir='ltr'>dicit</span> <span class='ocrx_word' id='word_1_251' title='bbox 1015 4352 1244 4401; x_wconf 89' lang='lat' dir='ltr'>dominus</span> <span class='ocrx_word' id='word_1_252' title='bbox 1267 4352 1405 4401; x_wconf 79' lang='lat' dir='ltr'>deus,</span> <span class='ocrx_word' id='word_1_253' title='bbox 1515 4353 1672 4401; x_wconf 53' lang='lat' dir='ltr'>Lectio</span> <span class='ocrx_word' id='word_1_254' title='bbox 1693 4353 1747 4417; x_wconf 86' lang='lat' dir='ltr'>ij.</span> 
     </span>
     <span class='ocr_line' id='line_1_52' title="bbox 559 4416 1757 4499; baseline 0.003 -35"><span class='ocrx_word' id='word_1_255' title='bbox 559 4418 745 4499; x_wconf 81' lang='lat' dir='ltr'>Ecce</span> <span class='ocrx_word' id='word_1_256' title='bbox 767 4416 1004 4467; x_wconf 89' lang='lat' dir='ltr'>dominus</span> <span class='ocrx_word' id='word_1_257' title='bbox 1027 4418 1268 4483; x_wconf 85' lang='lat' dir='ltr'>asportari</span> <span class='ocrx_word' id='word_1_258' title='bbox 1291 4426 1340 4467; x_wconf 89' lang='lat' dir='ltr'>te</span> <span class='ocrx_word' id='word_1_259' title='bbox 1362 4417 1508 4467; x_wconf 87' lang='lat' dir='ltr'>faciet</span> <span class='ocrx_word' id='word_1_260' title='bbox 1531 4420 1657 4469; x_wconf 89' lang='lat' dir='ltr'>sicut</span> <span class='ocrx_word' id='word_1_261' title='bbox 1679 4434 1757 4468; x_wconf 88' lang='lat' dir='ltr'>as·</span> 
     </span>
    </p>

    <p class='ocr_par' dir='ltr' id='par_1_11' title="bbox 559 4484 1760 4602">
     <span class='ocr_line' id='line_1_53' title="bbox 659 4484 1759 4549; baseline 0.001 -17"><span class='ocrx_word' id='word_1_262' title='bbox 659 4490 881 4545; x_wconf 82' lang='lat' dir='ltr'>portatur</span> <span class='ocrx_word' id='word_1_263' title='bbox 933 4485 1094 4549; x_wconf 85' lang='lat' dir='ltr'>gallus</span> <span class='ocrx_word' id='word_1_264' title='bbox 1147 4484 1477 4549; x_wconf 83' lang='lat' dir='ltr'>gallinacius:</span> <span class='ocrx_word' id='word_1_265' title='bbox 1522 4494 1570 4535; x_wconf 90' lang='lat' dir='ltr'>et</span> <span class='ocrx_word' id='word_1_266' title='bbox 1617 4486 1759 4549; x_wconf 88' lang='lat' dir='ltr'>quasi</span> 
     </span>
     <span class='ocr_line' id='line_1_54' title="bbox 559 4548 1760 4602; baseline 0.003 -5"><span class='ocrx_word' id='word_1_267' title='bbox 559 4548 797 4599; x_wconf 83' lang='lat' dir='ltr'>amictum</span> <span class='ocrx_word' id='word_1_268' title='bbox 832 4551 904 4601; x_wconf 89' lang='lat' dir='ltr'>sic</span> <span class='ocrx_word' id='word_1_269' title='bbox 937 4552 1224 4601; x_wconf 87' lang='lat' dir='ltr'>sublimabit</span> <span class='ocrx_word' id='word_1_270' title='bbox 1260 4560 1325 4601; x_wconf 90' lang='lat' dir='ltr'>te.</span> <span class='ocrx_word' id='word_1_271' title='bbox 1401 4552 1674 4602; x_wconf 85' lang='lat' dir='ltr'>Coronabit</span> <span class='ocrx_word' id='word_1_272' title='bbox 1710 4560 1760 4601; x_wconf 90' lang='lat' dir='ltr'>te</span> 
     </span>
    </p>
   </div>
   <div class='ocr_carea' id='block_1_8' title="bbox 1834 899 3049 3643">
    <p class='ocr_par' dir='ltr' id='par_1_12' title="bbox 1834 899 3031 1316">
     <span class='ocr_line' id='line_1_55' title="bbox 1838 899 3031 963; baseline -0.001 -1"><span class='ocrx_word' id='word_1_273' title='bbox 1838 909 2043 962; x_wconf 87' lang='lat' dir='ltr'>tuam.</span> <span class='ocrx_word' id='word_1_274' title='bbox 2130 899 2463 962; x_wconf 81' lang='lat' dir='ltr'>Memoria</span> <span class='ocrx_word' id='word_1_275' title='bbox 2513 900 2594 963; x_wconf 81' lang='lat' dir='ltr'>de</span> <span class='ocrx_word' id='word_1_276' title='bbox 2636 899 2903 962; x_wconf 85' lang='lat' dir='ltr'>domina</span> <span class='ocrx_word' id='word_1_277' title='bbox 2952 909 3031 962; x_wconf 88' lang='lat' dir='ltr'>ut</span> 
     </span>
     <span class='ocr_line' id='line_1_56' title="bbox 1834 987 3029 1070; baseline -0.001 -18"><span class='ocrx_word' id='word_1_278' title='bbox 1834 999 2052 1070; x_wconf 86' lang='lat' dir='ltr'>supra.</span> <span class='ocrx_word' id='word_1_279' title='bbox 2138 987 2269 1051; x_wconf 88' lang='lat' dir='ltr'>Ad</span> <span class='ocrx_word' id='word_1_280' title='bbox 2304 987 2502 1051; x_wconf 80' lang='lat' dir='ltr'>horas</span> <span class='ocrx_word' id='word_1_281' title='bbox 2543 988 2891 1070; x_wconf 78' lang='lat' dir='ltr'>antiphone</span> <span class='ocrx_word' id='word_1_282' title='bbox 2948 989 3029 1051; x_wconf 82' lang='lat' dir='ltr'>de</span> 
     </span>
     <span class='ocr_line' id='line_1_57' title="bbox 1836 1076 3029 1158; baseline -0.001 -19"><span class='ocrx_word' id='word_1_283' title='bbox 1836 1076 2145 1140; x_wconf 86' lang='lat' dir='ltr'>laudibus</span> <span class='ocrx_word' id='word_1_284' title='bbox 2224 1086 2425 1139; x_wconf 84' lang='lat' dir='ltr'>cetera</span> <span class='ocrx_word' id='word_1_285' title='bbox 2492 1086 2569 1139; x_wconf 87' lang='lat' dir='ltr'>ut</span> <span class='ocrx_word' id='word_1_286' title='bbox 2652 1077 2721 1139; x_wconf 89' lang='lat' dir='ltr'>in</span> <span class='ocrx_word' id='word_1_287' title='bbox 2795 1077 3029 1158; x_wconf 84' lang='lat' dir='ltr'>prima</span> 
     </span>
     <span class='ocr_line' id='line_1_58' title="bbox 1836 1164 3025 1229; baseline 0 -1"><span class='ocrx_word' id='word_1_288' title='bbox 1836 1165 2160 1228; x_wconf 88' lang='lat' dir='ltr'>dominica</span> <span class='ocrx_word' id='word_1_289' title='bbox 2218 1185 2363 1228; x_wconf 86' lang='lat' dir='ltr'>cum</span> <span class='ocrx_word' id='word_1_290' title='bbox 2422 1165 2713 1228; x_wconf 81' lang='lat' dir='ltr'>oratione</span> <span class='ocrx_word' id='word_1_291' title='bbox 2768 1164 3025 1229; x_wconf 89' lang='lat' dir='ltr'>Aurem</span> 
     </span>
     <span class='ocr_line' id='line_1_59' title="bbox 1839 1262 2043 1316; baseline 0 0"><span class='ocrx_word' id='word_1_292' title='bbox 1839 1262 2043 1316; x_wconf 89' lang='lat' dir='ltr'>tuam.</span> 
     </span>
    </p>

    <p class='ocr_par' dir='ltr' id='par_1_13' title="bbox 1834 1341 3041 2488">
     <span class='ocr_line' id='line_1_60' title="bbox 1924 1341 3031 1423; baseline -0.001 -19"><span class='ocrx_word' id='word_1_293' title='bbox 1924 1345 1985 1404; x_wconf 83' lang='lat' dir='ltr'><em>A</em></span> <span class='ocrx_word' id='word_1_294' title='bbox 1997 1341 2052 1404; x_wconf 81' lang='lat' dir='ltr'><em>d</em></span> <span class='ocrx_word' id='word_1_295' title='bbox 2116 1353 2411 1423; x_wconf 81' lang='lat' dir='ltr'>vesperas</span> <span class='ocrx_word' id='word_1_296' title='bbox 2514 1341 2857 1423; x_wconf 77' lang='lat' dir='ltr'>antiphone</span> <span class='ocrx_word' id='word_1_297' title='bbox 2949 1342 3031 1404; x_wconf 83' lang='lat' dir='ltr'>de</span> 
     </span>
     <span class='ocr_line' id='line_1_61' title="bbox 1834 1429 3034 1513; baseline 0.001 -22"><span class='ocrx_word' id='word_1_298' title='bbox 1834 1429 2141 1494; x_wconf 84' lang='lat' dir='ltr'>laudibus</span> <span class='ocrx_word' id='word_1_299' title='bbox 2180 1451 2323 1493; x_wconf 87' lang='lat' dir='ltr'>cum</span> <span class='ocrx_word' id='word_1_300' title='bbox 2354 1431 2636 1513; x_wconf 86' lang='lat' dir='ltr'>psalmis</span> <span class='ocrx_word' id='word_1_301' title='bbox 2676 1431 3034 1494; x_wconf 86' lang='lat' dir='ltr'>dominica-</span> 
     </span>
     <span class='ocr_line' id='line_1_62' title="bbox 1836 1518 3031 1601; baseline 0.001 -20"><span class='ocrx_word' id='word_1_302' title='bbox 1836 1518 2022 1582; x_wconf 87' lang='lat' dir='ltr'>libus.</span> <span class='ocrx_word' id='word_1_303' title='bbox 2144 1518 2532 1601; x_wconf 85' lang='lat' dir='ltr'>Capitulum.</span> <span class='ocrx_word' id='word_1_304' title='bbox 2652 1521 2731 1582; x_wconf 90' lang='lat' dir='ltr'>In</span> <span class='ocrx_word' id='word_1_305' title='bbox 2792 1519 3031 1582; x_wconf 89' lang='lat' dir='ltr'>diebus</span> 
     </span>
     <span class='ocr_line' id='line_1_63' title="bbox 1836 1606 3033 1690; baseline 0.001 -21"><span class='ocrx_word' id='word_1_306' title='bbox 1836 1606 1979 1670; x_wconf 91' lang='lat' dir='ltr'>illis.</span> <span class='ocrx_word' id='word_1_307' title='bbox 2026 1607 2141 1670; x_wconf 77' lang='lat' dir='ltr'>Re.</span> <span class='ocrx_word' id='word_1_308' title='bbox 2187 1607 2293 1672; x_wconf 87' lang='lat' dir='ltr'>Tu</span> <span class='ocrx_word' id='word_1_309' title='bbox 2318 1628 2664 1690; x_wconf 71' lang='lat' dir='ltr'>exurgens</span> <span class='ocrx_word' id='word_1_310' title='bbox 2703 1607 3033 1688; x_wconf 86' lang='lat' dir='ltr'>Hymnus.</span> 
     </span>
     <span class='ocr_line' id='line_1_64' title="bbox 1840 1689 3033 1765; baseline -0.001 -4"><span class='ocrx_word' id='word_1_311' title='bbox 1840 1695 2163 1761; x_wconf 89' lang='lat' dir='ltr'>Conditor</span> <span class='ocrx_word' id='word_1_312' title='bbox 2235 1695 2427 1760; x_wconf 90' lang='lat' dir='ltr'>alme.</span> <span class='ocrx_word' id='word_1_313' title='bbox 2501 1689 2552 1765; x_wconf 73' lang='grc' dir='ltr'><em>Ῠ</em></span> <span class='ocrx_word' id='word_1_314' title='bbox 2600 1697 2850 1760; x_wconf 90' lang='lat' dir='ltr'>Rorate</span> <span class='ocrx_word' id='word_1_315' title='bbox 2890 1697 3033 1760; x_wconf 89' lang='lat' dir='ltr'>celi.</span> 
     </span>
     <span class='ocr_line' id='line_1_65' title="bbox 1837 1784 3035 1866; baseline 0 -19"><span class='ocrx_word' id='word_1_316' title='bbox 1837 1785 1921 1847; x_wconf 89' lang='lat' dir='ltr'>In</span> <span class='ocrx_word' id='word_1_317' title='bbox 1967 1785 2293 1865; x_wconf 81' lang='lat' dir='ltr'>evangelio</span> <span class='ocrx_word' id='word_1_318' title='bbox 2336 1793 2441 1848; x_wconf 75' lang='lat' dir='ltr'>aii.</span> <span class='ocrx_word' id='word_1_319' title='bbox 2520 1784 2625 1848; x_wconf 92' lang='lat' dir='ltr'>Ite</span> <span class='ocrx_word' id='word_1_320' title='bbox 2684 1786 2885 1848; x_wconf 93' lang='lat' dir='ltr'>dicite</span> <span class='ocrx_word' id='word_1_321' title='bbox 2926 1785 3035 1866; x_wconf 89' lang='lat' dir='ltr'>jo-</span> 
     </span>
     <span class='ocr_line' id='line_1_66' title="bbox 1839 1873 3029 1938; baseline 0 -2"><span class='ocrx_word' id='word_1_322' title='bbox 1839 1873 2042 1936; x_wconf 88' lang='lat' dir='ltr'>hanni</span> <span class='ocrx_word' id='word_1_323' title='bbox 2081 1873 2217 1936; x_wconf 90' lang='lat' dir='ltr'>ceci</span> <span class='ocrx_word' id='word_1_324' title='bbox 2248 1874 2477 1936; x_wconf 91' lang='lat' dir='ltr'>vident</span> <span class='ocrx_word' id='word_1_325' title='bbox 2510 1873 2614 1936; x_wconf 79' lang='lat' dir='ltr'>et²</span> <span class='ocrx_word' id='word_1_326' title='bbox 2638 1874 2817 1938; x_wconf 89' lang='lat' dir='ltr'>surdi</span> <span class='ocrx_word' id='word_1_327' title='bbox 2842 1875 3029 1937; x_wconf 87' lang='lat' dir='ltr'>audi·</span> 
     </span>
     <span class='ocr_line' id='line_1_67' title="bbox 1840 1960 3031 2044; baseline 0 -20"><span class='ocrx_word' id='word_1_328' title='bbox 1840 1971 2003 2026; x_wconf 91' lang='lat' dir='ltr'>unt:</span> <span class='ocrx_word' id='word_1_329' title='bbox 2071 1961 2289 2026; x_wconf 89' lang='lat' dir='ltr'>claudi</span> <span class='ocrx_word' id='word_1_330' title='bbox 2350 1973 2713 2026; x_wconf 86' lang='lat' dir='ltr'>curantur:</span> <span class='ocrx_word' id='word_1_331' title='bbox 2790 1960 3031 2044; x_wconf 89' lang='lat' dir='ltr'>leprosi</span> 
     </span>
     <span class='ocr_line' id='line_1_68' title="bbox 1842 2049 3041 2133; baseline -0.001 -20"><span class='ocrx_word' id='word_1_332' title='bbox 1842 2051 2261 2114; x_wconf 90' lang='lat' dir='ltr'>mundantur.</span> <span class='ocrx_word' id='word_1_333' title='bbox 2308 2059 2409 2132; x_wconf 60' lang='lat' dir='ltr'>pff.</span> <span class='ocrx_word' id='word_1_334' title='bbox 2473 2049 2879 2133; x_wconf 86' lang='lat' dir='ltr'>Magnificat.</span> <span class='ocrx_word' id='word_1_335' title='bbox 2932 2051 3041 2113; x_wconf 83' lang='lat' dir='ltr'>vel</span> 
     </span>
     <span class='ocr_line' id='line_1_69' title="bbox 1839 2137 3031 2220; baseline 0 -17"><span class='ocrx_word' id='word_1_336' title='bbox 1839 2137 2209 2220; x_wconf 76' lang='lat' dir='ltr'>antiphona.</span> <span class='ocrx_word' id='word_1_337' title='bbox 2284 2140 2367 2203; x_wconf 92' lang='lat' dir='ltr'>O.</span> <span class='ocrx_word' id='word_1_338' title='bbox 2448 2139 2691 2204; x_wconf 87' lang='lat' dir='ltr'>Oratio.</span> <span class='ocrx_word' id='word_1_339' title='bbox 2772 2137 3031 2203; x_wconf 88' lang='lat' dir='ltr'>Aurem</span> 
     </span>
     <span class='ocr_line' id='line_1_70' title="bbox 1841 2227 3037 2292; baseline -0.001 -1"><span class='ocrx_word' id='word_1_340' title='bbox 1841 2238 2047 2292; x_wconf 91' lang='lat' dir='ltr'>tuam.</span> <span class='ocrx_word' id='word_1_341' title='bbox 2138 2227 2465 2291; x_wconf 81' lang='lat' dir='ltr'>Memoria</span> <span class='ocrx_word' id='word_1_342' title='bbox 2512 2229 2590 2290; x_wconf 83' lang='lat' dir='ltr'>de</span> <span class='ocrx_word' id='word_1_343' title='bbox 2638 2228 2906 2291; x_wconf 85' lang='lat' dir='ltr'>domina</span> <span class='ocrx_word' id='word_1_344' title='bbox 2960 2237 3037 2291; x_wconf 89' lang='lat' dir='ltr'>ut</span> 
     </span>
     <span class='ocr_line' id='line_1_71' title="bbox 1840 2325 2815 2398; baseline -0.005 -20"><span class='ocrx_word' id='word_1_345' title='bbox 1840 2325 2064 2398; x_wconf 83' lang='lat' dir='ltr'>supra.</span> <span class='ocrx_word' id='word_1_346' title='bbox 2808 2367 2815 2373; x_wconf 91' lang='lat'>.</span> 
     </span>
     <span class='ocr_line' id='line_1_72' title="bbox 1845 2403 3035 2488; baseline -0.001 -20"><span class='ocrx_word' id='word_1_347' title='bbox 1845 2410 1911 2483; x_wconf 70' lang='lat' dir='ltr'>(s</span> <span class='ocrx_word' id='word_1_348' title='bbox 1954 2404 2157 2468; x_wconf 83' lang='lat' dir='ltr'>Feria</span> <span class='ocrx_word' id='word_1_349' title='bbox 2184 2403 2255 2487; x_wconf 73' lang='lat' dir='ltr'>ij.</span> <span class='ocrx_word' id='word_1_350' title='bbox 2743 2404 2963 2468; x_wconf 86' lang='lat' dir='ltr'>Lectio</span> <span class='ocrx_word' id='word_1_351' title='bbox 2970 2405 3035 2488; x_wconf 91' lang='lat' dir='ltr'>j.</span> 
     </span>
    </p>

    <p class='ocr_par' dir='ltr' id='par_1_14' title="bbox 1842 2493 3046 3376">
     <span class='ocr_line' id='line_1_73' title="bbox 2020 2493 3033 2559; baseline 0 -2"><span class='ocrx_word' id='word_1_352' title='bbox 2020 2513 2095 2559; x_wconf 90' lang='lat' dir='ltr'>ec</span> <span class='ocrx_word' id='word_1_353' title='bbox 2126 2494 2287 2557; x_wconf 91' lang='lat' dir='ltr'>dicit</span> <span class='ocrx_word' id='word_1_354' title='bbox 2317 2493 2627 2559; x_wconf 88' lang='lat' dir='ltr'>dominus</span> <span class='ocrx_word' id='word_1_355' title='bbox 2658 2494 2867 2558; x_wconf 76' lang='lat' dir='ltr'>deus.⁸</span> <span class='ocrx_word' id='word_1_356' title='bbox 2961 2494 3033 2559; x_wconf 90' lang='lat' dir='ltr'>Si</span> 
     </span>
     <span class='ocr_line' id='line_1_74' title="bbox 2021 2583 3037 2667; baseline 0.001 -22"><span class='ocrx_word' id='word_1_357' title='bbox 2021 2583 3037 2667; x_wconf 88' lang='lat' dir='ltr'>revertiminietquiescatissalvi</span> 
     </span>
     <span class='ocr_line' id='line_1_75' title="bbox 1842 2672 3039 2755; baseline 0 -20"><span class='ocrx_word' id='word_1_358' title='bbox 1842 2672 2039 2735; x_wconf 89' lang='lat' dir='ltr'>eritis.</span> <span class='ocrx_word' id='word_1_359' title='bbox 2133 2672 2212 2735; x_wconf 90' lang='lat' dir='ltr'>In</span> <span class='ocrx_word' id='word_1_360' title='bbox 2253 2672 2514 2737; x_wconf 85' lang='lat' dir='ltr'>silentio</span> <span class='ocrx_word' id='word_1_361' title='bbox 2561 2683 2627 2736; x_wconf 91' lang='lat' dir='ltr'>et</span> <span class='ocrx_word' id='word_1_362' title='bbox 2665 2672 2731 2735; x_wconf 90' lang='lat' dir='ltr'>in</span> <span class='ocrx_word' id='word_1_363' title='bbox 2764 2692 2882 2755; x_wconf 91' lang='lat' dir='ltr'>spe</span> <span class='ocrx_word' id='word_1_364' title='bbox 2912 2672 3039 2735; x_wconf 88' lang='lat' dir='ltr'>erit</span> 
     </span>
     <span class='ocr_line' id='line_1_76' title="bbox 1846 2760 3039 2826; baseline 0 -3"><span class='ocrx_word' id='word_1_365' title='bbox 1846 2760 2163 2824; x_wconf 90' lang='lat' dir='ltr'>fortitudo</span> <span class='ocrx_word' id='word_1_366' title='bbox 2206 2770 2467 2826; x_wconf 89' lang='lat' dir='ltr'>vestra:</span> <span class='ocrx_word' id='word_1_367' title='bbox 2514 2772 2582 2825; x_wconf 92' lang='lat' dir='ltr'>et</span> <span class='ocrx_word' id='word_1_368' title='bbox 2622 2760 2925 2826; x_wconf 91' lang='lat' dir='ltr'>noluistis</span> <span class='ocrx_word' id='word_1_369' title='bbox 2968 2770 3039 2824; x_wconf 93' lang='lat' dir='ltr'>et</span> 
     </span>
     <span class='ocr_line' id='line_1_77' title="bbox 1843 2848 3037 2932; baseline 0 -20"><span class='ocrx_word' id='word_1_370' title='bbox 1843 2848 2123 2914; x_wconf 83' lang='lat' dir='ltr'>dixistis.</span> <span class='ocrx_word' id='word_1_371' title='bbox 2218 2850 2702 2932; x_wconf 89' lang='lat' dir='ltr'>Nequaquam:</span> <span class='ocrx_word' id='word_1_372' title='bbox 2769 2850 2887 2913; x_wconf 91' lang='lat' dir='ltr'>sed</span> <span class='ocrx_word' id='word_1_373' title='bbox 2948 2849 3037 2913; x_wconf 91' lang='lat' dir='ltr'>ad</span> 
     </span>
     <span class='ocr_line' id='line_1_78' title="bbox 1846 2937 3041 3021; baseline 0.001 -20"><span class='ocrx_word' id='word_1_374' title='bbox 1846 2958 2051 3020; x_wconf 92' lang='lat' dir='ltr'>equos</span> <span class='ocrx_word' id='word_1_375' title='bbox 2083 2937 2427 3020; x_wconf 79' lang='lat' dir='ltr'>fugiemus,</span> <span class='ocrx_word' id='word_1_376' title='bbox 2494 2940 2659 3003; x_wconf 92' lang='lat' dir='ltr'>Ideo</span> <span class='ocrx_word' id='word_1_377' title='bbox 2682 2938 2947 3021; x_wconf 83' lang='lat' dir='ltr'>fugietis</span> <span class='ocrx_word' id='word_1_378' title='bbox 2970 2948 3041 3002; x_wconf 91' lang='lat' dir='ltr'>et</span> 
     </span>
     <span class='ocr_line' id='line_1_79' title="bbox 1846 3026 3041 3109; baseline 0.001 -20"><span class='ocrx_word' id='word_1_379' title='bbox 1846 3046 2046 3109; x_wconf 91' lang='lat' dir='ltr'>super</span> <span class='ocrx_word' id='word_1_380' title='bbox 2092 3026 2356 3090; x_wconf 90' lang='lat' dir='ltr'>veloces</span> <span class='ocrx_word' id='word_1_381' title='bbox 2402 3027 2793 3092; x_wconf 80' lang='lat' dir='ltr'>ascendetis,</span> <span class='ocrx_word' id='word_1_382' title='bbox 2890 3030 3041 3091; x_wconf 89' lang='lat' dir='ltr'>Hec</span> 
     </span>
     <span class='ocr_line' id='line_1_80' title="bbox 1846 3115 3045 3199; baseline 0.001 -20"><span class='ocrx_word' id='word_1_383' title='bbox 1846 3115 2025 3180; x_wconf 90' lang='lat' dir='ltr'>dicit.</span> <span class='ocrx_word' id='word_1_384' title='bbox 2730 3116 2942 3180; x_wconf 84' lang='lat' dir='ltr'>Lectio</span> <span class='ocrx_word' id='word_1_385' title='bbox 2972 3116 3045 3199; x_wconf 76' lang='lat' dir='ltr'>ij.</span> 
     </span>
     <span class='ocr_line' id='line_1_81' title="bbox 1848 3204 3046 3337; baseline 0 -70"><span class='ocrx_word' id='word_1_386' title='bbox 1848 3206 1947 3337; x_wconf 81' lang='lat' dir='ltr'><em>l</em></span> <span class='ocrx_word' id='word_1_387' title='bbox 1951 3204 2078 3268; x_wconf 88' lang='lat' dir='ltr'>deo</span> <span class='ocrx_word' id='word_1_388' title='bbox 2106 3204 2463 3268; x_wconf 88' lang='lat' dir='ltr'>velociores</span> <span class='ocrx_word' id='word_1_389' title='bbox 2500 3212 2690 3267; x_wconf 88' lang='lat' dir='ltr'>erunt</span> <span class='ocrx_word' id='word_1_390' title='bbox 2736 3205 2849 3287; x_wconf 91' lang='lat' dir='ltr'>qui</span> <span class='ocrx_word' id='word_1_391' title='bbox 2897 3226 3046 3288; x_wconf 89' lang='lat' dir='ltr'>per-</span> 
     </span>
     <span class='ocr_line' id='line_1_82' title="bbox 1950 3292 3044 3376; baseline 0.003 -22"><span class='ocrx_word' id='word_1_392' title='bbox 1950 3303 2307 3376; x_wconf 90' lang='lat' dir='ltr'>sequentur</span> <span class='ocrx_word' id='word_1_393' title='bbox 2334 3314 2470 3357; x_wconf 78' lang='lat' dir='ltr'>voS.</span> <span class='ocrx_word' id='word_1_394' title='bbox 2526 3293 2712 3356; x_wconf 90' lang='lat' dir='ltr'>Mille</span> <span class='ocrx_word' id='word_1_395' title='bbox 2742 3292 3044 3357; x_wconf 90' lang='lat' dir='ltr'>homines</span> 
     </span>
    </p>

    <p class='ocr_par' dir='ltr' id='par_1_15' title="bbox 1851 3381 3049 3643">
     <span class='ocr_line' id='line_1_83' title="bbox 1852 3381 3047 3447; baseline 0 -2"><span class='ocrx_word' id='word_1_396' title='bbox 1852 3402 1893 3445; x_wconf 89' lang='lat' dir='ltr'>a</span> <span class='ocrx_word' id='word_1_397' title='bbox 1925 3381 2089 3445; x_wconf 91' lang='lat' dir='ltr'>facie</span> <span class='ocrx_word' id='word_1_398' title='bbox 2120 3382 2381 3445; x_wconf 90' lang='lat' dir='ltr'>terroris</span> <span class='ocrx_word' id='word_1_399' title='bbox 2414 3382 2606 3445; x_wconf 92' lang='lat' dir='ltr'>unius</span> <span class='ocrx_word' id='word_1_400' title='bbox 2633 3404 2647 3445; x_wconf 92' lang='lat'>:</span> <span class='ocrx_word' id='word_1_401' title='bbox 2696 3392 2764 3446; x_wconf 92' lang='lat' dir='ltr'>et</span> <span class='ocrx_word' id='word_1_402' title='bbox 2799 3403 2842 3446; x_wconf 89' lang='lat' dir='ltr'>a</span> <span class='ocrx_word' id='word_1_403' title='bbox 2877 3382 3047 3447; x_wconf 88' lang='lat' dir='ltr'>facie</span> 
     </span>
     <span class='ocr_line' id='line_1_84' title="bbox 1851 3470 3049 3554; baseline 0.002 -21"><span class='ocrx_word' id='word_1_404' title='bbox 1851 3470 2117 3533; x_wconf 87' lang='lat' dir='ltr'>terroris</span> <span class='ocrx_word' id='word_1_405' title='bbox 2172 3471 2461 3554; x_wconf 89' lang='lat' dir='ltr'>quinque</span> <span class='ocrx_word' id='word_1_406' title='bbox 2514 3470 2779 3553; x_wconf 88' lang='lat' dir='ltr'>fugietis</span> <span class='ocrx_word' id='word_1_407' title='bbox 2830 3471 3049 3535; x_wconf 91' lang='lat' dir='ltr'>donee</span> 
     </span>
     <span class='ocr_line' id='line_1_85' title="bbox 1853 3559 3047 3643; baseline 0.002 -22"><span class='ocrx_word' id='word_1_408' title='bbox 1853 3559 2298 3642; x_wconf 90' lang='lat' dir='ltr'>relinquimini</span> <span class='ocrx_word' id='word_1_409' title='bbox 2354 3560 2538 3643; x_wconf 89' lang='lat' dir='ltr'>quasi</span> <span class='ocrx_word' id='word_1_410' title='bbox 2596 3560 2810 3623; x_wconf 89' lang='lat' dir='ltr'>malus</span> <span class='ocrx_word' id='word_1_411' title='bbox 2860 3560 3047 3624; x_wconf 88' lang='lat' dir='ltr'>navis</span> 
     </span>
    </p>
   </div>
   <div class='ocr_carea' id='block_1_9' title="bbox 1848 3752 3057 4482">
    <p class='ocr_par' dir='ltr' id='par_1_16' title="bbox 1848 3752 3055 4303">
     <span class='ocr_line' id='line_1_86' title="bbox 1850 3752 3051 3818; baseline 0 -15"><span class='ocrx_word' id='word_1_412' title='bbox 1850 3752 2167 3803; x_wconf 84' lang='lat' dir='ltr'>tribulatione</span> <span class='ocrx_word' id='word_1_413' title='bbox 2201 3753 2341 3818; x_wconf 87' lang='lat' dir='ltr'>quasi</span> <span class='ocrx_word' id='word_1_414' title='bbox 2376 3753 2549 3818; x_wconf 87' lang='lat' dir='ltr'>pillam</span> <span class='ocrx_word' id='word_1_415' title='bbox 2585 3754 2776 3818; x_wconf 84' lang='lat' dir='ltr'>(pilam,</span> <span class='ocrx_word' id='word_1_416' title='bbox 2806 3755 2896 3815; x_wconf 88' lang='lat' dir='ltr'>G.)</span> <span class='ocrx_word' id='word_1_417' title='bbox 2932 3753 3051 3803; x_wconf 87' lang='lat' dir='ltr'>mit-</span> 
     </span>
     <span class='ocr_line' id='line_1_87' title="bbox 1849 3820 3049 3884; baseline 0.001 -16"><span class='ocrx_word' id='word_1_418' title='bbox 1849 3828 1921 3869; x_wconf 88' lang='lat' dir='ltr'>tet</span> <span class='ocrx_word' id='word_1_419' title='bbox 1957 3826 2007 3869; x_wconf 90' lang='lat' dir='ltr'>te</span> <span class='ocrx_word' id='word_1_420' title='bbox 2043 3820 2094 3869; x_wconf 92' lang='lat' dir='ltr'>in</span> <span class='ocrx_word' id='word_1_421' title='bbox 2132 3827 2311 3869; x_wconf 84' lang='lat' dir='ltr'>terram</span> <span class='ocrx_word' id='word_1_422' title='bbox 2358 3820 2507 3869; x_wconf 89' lang='lat' dir='ltr'>latam</span> <span class='ocrx_word' id='word_1_423' title='bbox 2554 3828 2602 3869; x_wconf 88' lang='lat' dir='ltr'>et</span> <span class='ocrx_word' id='word_1_424' title='bbox 2648 3821 2926 3884; x_wconf 86' lang='lat' dir='ltr'>spaciosam</span> <span class='ocrx_word' id='word_1_425' title='bbox 2946 3840 2952 3847; x_wconf 94' lang='lat'><strong>·</strong></span> <span class='ocrx_word' id='word_1_426' title='bbox 2972 3820 3049 3869; x_wconf 86' lang='lat' dir='ltr'>ibi</span> 
     </span>
     <span class='ocr_line' id='line_1_88' title="bbox 1850 3887 3050 3947; baseline 0 -12"><span class='ocrx_word' id='word_1_427' title='bbox 1850 3887 2056 3936; x_wconf 89' lang='lat' dir='ltr'>moreris</span> <span class='ocrx_word' id='word_1_428' title='bbox 2084 3887 2337 3947; x_wconf 88' lang='lat' dir='ltr'>(morieris,</span> <span class='ocrx_word' id='word_1_429' title='bbox 2369 3887 2430 3935; x_wconf 93' lang='lat' dir='ltr'>G.</span> <span class='ocrx_word' id='word_1_430' title='bbox 2441 3887 2549 3947; x_wconf 85' lang='lat' dir='ltr'>W.)</span> <span class='ocrx_word' id='word_1_431' title='bbox 2576 3896 2623 3935; x_wconf 89' lang='lat' dir='ltr'>et</span> <span class='ocrx_word' id='word_1_432' title='bbox 2650 3887 2717 3935; x_wconf 90' lang='lat' dir='ltr'>ibi</span> <span class='ocrx_word' id='word_1_433' title='bbox 2752 3888 2844 3936; x_wconf 87' lang='lat' dir='ltr'>erit</span> <span class='ocrx_word' id='word_1_434' title='bbox 2878 3902 3050 3936; x_wconf 87' lang='lat' dir='ltr'>currus</span> 
     </span>
     <span class='ocr_line' id='line_1_89' title="bbox 1848 3952 3053 4017; baseline 0.001 -16"><span class='ocrx_word' id='word_1_435' title='bbox 1848 3953 2007 4017; x_wconf 77' lang='lat' dir='ltr'>glorie</span> <span class='ocrx_word' id='word_1_436' title='bbox 2080 3961 2163 4002; x_wconf 86' lang='lat' dir='ltr'>tue</span> <span class='ocrx_word' id='word_1_437' title='bbox 2222 3952 2365 4017; x_wconf 90' lang='lat' dir='ltr'>[‘et’</span> <span class='ocrx_word' id='word_1_438' title='bbox 2422 3953 2537 4011; x_wconf 87' lang='lat' dir='ltr'>add,</span> <span class='ocrx_word' id='word_1_439' title='bbox 2611 3954 2700 4015; x_wconf 95' lang='lat' dir='ltr'>G.]</span> <span class='ocrx_word' id='word_1_440' title='bbox 2776 3954 3053 4016; x_wconf 84' lang='lat' dir='ltr'>ignominia</span> 
     </span>
     <span class='ocr_line' id='line_1_90' title="bbox 1850 4019 3051 4083; baseline 0.001 -15"><span class='ocrx_word' id='word_1_441' title='bbox 1850 4020 2031 4068; x_wconf 88' lang='lat' dir='ltr'>domus</span> <span class='ocrx_word' id='word_1_442' title='bbox 2071 4019 2261 4068; x_wconf 90' lang='lat' dir='ltr'>domini</span> <span class='ocrx_word' id='word_1_443' title='bbox 2300 4020 2371 4069; x_wconf 91' lang='lat' dir='ltr'>tui</span> <span class='ocrx_word' id='word_1_444' title='bbox 2394 4038 2406 4069; x_wconf 93' lang='lat'>:</span> <span class='ocrx_word' id='word_1_445' title='bbox 2441 4028 2490 4068; x_wconf 90' lang='lat' dir='ltr'>et</span> <span class='ocrx_word' id='word_1_446' title='bbox 2514 4020 2761 4083; x_wconf 82' lang='lat' dir='ltr'>expellam</span> <span class='ocrx_word' id='word_1_447' title='bbox 2785 4027 2833 4069; x_wconf 88' lang='lat' dir='ltr'>te</span> <span class='ocrx_word' id='word_1_448' title='bbox 2857 4020 2921 4070; x_wconf 93' lang='lat' dir='ltr'>de</span> <span class='ocrx_word' id='word_1_449' title='bbox 2948 4028 3051 4069; x_wconf 84' lang='lat' dir='ltr'>sta-</span> 
     </span>
     <span class='ocr_line' id='line_1_91' title="bbox 1850 4085 3049 4150; baseline 0.002 -16"><span class='ocrx_word' id='word_1_450' title='bbox 1850 4086 1986 4135; x_wconf 88' lang='lat' dir='ltr'>tione</span> <span class='ocrx_word' id='word_1_451' title='bbox 2009 4093 2093 4134; x_wconf 86' lang='lat' dir='ltr'>tua</span> <span class='ocrx_word' id='word_1_452' title='bbox 2116 4094 2163 4135; x_wconf 89' lang='lat' dir='ltr'>et</span> <span class='ocrx_word' id='word_1_453' title='bbox 2188 4086 2251 4136; x_wconf 89' lang='lat' dir='ltr'>de</span> <span class='ocrx_word' id='word_1_454' title='bbox 2286 4085 2560 4134; x_wconf 88' lang='lat' dir='ltr'>ministerio</span> <span class='ocrx_word' id='word_1_455' title='bbox 2596 4094 2682 4134; x_wconf 89' lang='lat' dir='ltr'>tuo</span> <span class='ocrx_word' id='word_1_456' title='bbox 2704 4087 2953 4150; x_wconf 87' lang='lat' dir='ltr'>deponam</span> <span class='ocrx_word' id='word_1_457' title='bbox 2978 4095 3049 4137; x_wconf 89' lang='lat' dir='ltr'>te.</span> 
     </span>
     <span class='ocr_line' id='line_1_92' title="bbox 1854 4152 3047 4217; baseline 0.002 -16"><span class='ocrx_word' id='word_1_458' title='bbox 1854 4153 1967 4201; x_wconf 87' lang='lat' dir='ltr'>Hec</span> <span class='ocrx_word' id='word_1_459' title='bbox 1990 4152 2126 4202; x_wconf 86' lang='lat' dir='ltr'>dicit.</span> <span class='ocrx_word' id='word_1_460' title='bbox 2784 4154 2947 4201; x_wconf 86' lang='lat' dir='ltr'>Lectio</span> <span class='ocrx_word' id='word_1_461' title='bbox 2970 4153 3047 4217; x_wconf 78' lang='lat' dir='ltr'>iij.</span> 
     </span>
     <span class='ocr_line' id='line_1_93' title="bbox 1852 4218 3055 4303; baseline 0.001 -36"><span class='ocrx_word' id='word_1_462' title='bbox 1852 4222 1969 4303; x_wconf 82' lang='lat' dir='ltr'>Et</span> <span class='ocrx_word' id='word_1_463' title='bbox 2004 4220 2093 4268; x_wconf 89' lang='lat' dir='ltr'>erit</span> <span class='ocrx_word' id='word_1_464' title='bbox 2119 4220 2173 4267; x_wconf 86' lang='lat' dir='ltr'>in</span> <span class='ocrx_word' id='word_1_465' title='bbox 2198 4220 2281 4268; x_wconf 89' lang='lat' dir='ltr'>die</span> <span class='ocrx_word' id='word_1_466' title='bbox 2316 4218 2402 4267; x_wconf 85' lang='lat' dir='ltr'>illa</span> <span class='ocrx_word' id='word_1_467' title='bbox 2428 4219 2619 4267; x_wconf 89' lang='lat' dir='ltr'>vocabo</span> <span class='ocrx_word' id='word_1_468' title='bbox 2653 4234 2849 4267; x_wconf 86' lang='lat' dir='ltr'>servum</span> <span class='ocrx_word' id='word_1_469' title='bbox 2884 4234 3055 4268; x_wconf 88' lang='lat' dir='ltr'>meum</span> 
     </span>
    </p>

    <p class='ocr_par' dir='ltr' id='par_1_17' title="bbox 1856 4284 3057 4482">
     <span class='ocr_line' id='line_1_94' title="bbox 1950 4284 3055 4349; baseline 0.001 -16"><span class='ocrx_word' id='word_1_470' title='bbox 1950 4285 2227 4349; x_wconf 85' lang='lat' dir='ltr'>helyachim</span> <span class='ocrx_word' id='word_1_471' title='bbox 2266 4284 2419 4333; x_wconf 86' lang='lat' dir='ltr'>filium</span> <span class='ocrx_word' id='word_1_472' title='bbox 2462 4285 2694 4334; x_wconf 88' lang='lat' dir='ltr'>helchie:</span> <span class='ocrx_word' id='word_1_473' title='bbox 2749 4294 2798 4334; x_wconf 88' lang='lat' dir='ltr'>et</span> <span class='ocrx_word' id='word_1_474' title='bbox 2850 4286 3055 4334; x_wconf 86' lang='lat' dir='ltr'>induam</span> 
     </span>
     <span class='ocr_line' id='line_1_95' title="bbox 1856 4349 3055 4415; baseline 0.003 -18"><span class='ocrx_word' id='word_1_475' title='bbox 1856 4349 1997 4399; x_wconf 85' lang='lat' dir='ltr'>illurn</span> <span class='ocrx_word' id='word_1_476' title='bbox 2021 4353 2239 4401; x_wconf 89' lang='lat' dir='ltr'>tunicam</span> <span class='ocrx_word' id='word_1_477' title='bbox 2264 4360 2397 4401; x_wconf 87' lang='lat' dir='ltr'>tuam</span> <span class='ocrx_word' id='word_1_478' title='bbox 2434 4361 2483 4401; x_wconf 90' lang='lat' dir='ltr'>et</span> <span class='ocrx_word' id='word_1_479' title='bbox 2517 4352 2717 4415; x_wconf 86' lang='lat' dir='ltr'>cingulo</span> <span class='ocrx_word' id='word_1_480' title='bbox 2749 4360 2834 4400; x_wconf 90' lang='lat' dir='ltr'>tuo</span> <span class='ocrx_word' id='word_1_481' title='bbox 2858 4352 3055 4401; x_wconf 87' lang='lat' dir='ltr'>confor-</span> 
     </span>
     <span class='ocr_line' id='line_1_96' title="bbox 1861 4417 3057 4482; baseline 0.003 -18"><span class='ocrx_word' id='word_1_482' title='bbox 1861 4417 1978 4467; x_wconf 89' lang='lat' dir='ltr'>tabo</span> <span class='ocrx_word' id='word_1_483' title='bbox 2013 4435 2125 4467; x_wconf 88' lang='lat' dir='ltr'>eum</span> <span class='ocrx_word' id='word_1_484' title='bbox 2158 4437 2169 4467; x_wconf 90' lang='lat'>:</span> <span class='ocrx_word' id='word_1_485' title='bbox 2227 4426 2276 4467; x_wconf 90' lang='lat' dir='ltr'>et</span> <span class='ocrx_word' id='word_1_486' title='bbox 2314 4427 2609 4482; x_wconf 87' lang='lat' dir='ltr'>potestatem</span> <span class='ocrx_word' id='word_1_487' title='bbox 2652 4428 2788 4467; x_wconf 88' lang='lat' dir='ltr'>tuam</span> <span class='ocrx_word' id='word_1_488' title='bbox 2828 4419 2961 4467; x_wconf 90' lang='lat' dir='ltr'>dabo</span> <span class='ocrx_word' id='word_1_489' title='bbox 3004 4419 3057 4468; x_wconf 89' lang='lat' dir='ltr'>in</span> 
     </span>
    </p>
   </div>
   <div class='ocr_carea' id='block_1_10' title="bbox 1860 4474 3059 4601">
    <p class='ocr_par' dir='ltr' id='par_1_18' title="bbox 1860 4474 3059 4601">
     <span class='ocr_line' id='line_1_97' title="bbox 1860 4474 3059 4601; baseline 0.004 -70"><span class='ocrx_word' id='word_1_490' title='bbox 1860 4485 2167 4601; x_wconf 43' lang='grc' dir='ltr'>ἓεὸυῷᾗυε.</span> <span class='ocrx_word' id='word_1_491' title='bbox 2242 4486 2355 4534; x_wconf 89' lang='lat' dir='ltr'>Hec</span> <span class='ocrx_word' id='word_1_492' title='bbox 2396 4486 2531 4535; x_wconf 89' lang='lat' dir='ltr'>dicit.</span> <span class='ocrx_word' id='word_1_493' title='bbox 2596 4474 2647 4549; x_wconf 71' lang='grc' dir='ltr'><strong><em>Ῡ</em></strong></span> <span class='ocrx_word' id='word_1_494' title='bbox 2683 4486 2888 4545; x_wconf 85' lang='lat' dir='ltr'>Emitte,</span> <span class='ocrx_word' id='word_1_495' title='bbox 2918 4494 3014 4535; x_wconf 88' lang='lat' dir='ltr'>etc.</span> <span class='ocrx_word' id='word_1_496' title='bbox 3045 4503 3059 4536; x_wconf 88' lang='lat'>:</span> 
     </span>
    </p>
   </div>
   <div class='ocr_carea' id='block_1_11' title="bbox 3277 1209 3289 2190">
    <p class='ocr_par' dir='ltr' id='par_1_19' title="bbox 3277 1209 3289 2190">
     <span class='ocr_line' id='line_1_98' title="bbox 3277 1209 3289 2190; baseline 0 0"><span class='ocrx_word' id='word_1_497' title='bbox 3277 1209 3289 2190; x_wconf 95' lang='lat' dir='ltr'> </span> 
     </span>
    </p>
   </div>
   <div class='ocr_carea' id='block_1_12' title="bbox 3279 4288 3288 4849">
    <p class='ocr_par' dir='ltr' id='par_1_20' title="bbox 3279 4288 3288 4849">
     <span class='ocr_line' id='line_1_99' title="bbox 3279 4288 3288 4849; baseline 0 0"><span class='ocrx_word' id='word_1_498' title='bbox 3279 4288 3288 4849; x_wconf 95' lang='lat' dir='ltr'> </span> 
     </span>
    </p>
   </div>
  </div>
 </body>
</html>
