3375 5100
611 357 870 413 INFRA
925 356 1673 411 SEPTUAGESJMAM
1718 357 1840 410 ET
1885 356 2653 428 QUADRAGESJMAM.

974 465 1131 520 229

374 572 560 635 mino
591 571 856 635 alleluia
887 569 1193 634 alleluia.¹
1244 570 1395 634 Deo
1424 589 1577 652 gra·

372 661 501 723 tias
526 659 791 723 alleluia
820 658 1131 723 alleluia.²

377 752 441 825 ([
486 747 781 810 Rubrica
832 746 912 809 de
946 746 1151 827 sestis
1204 745 1393 827 infra
1441 746 1573 810 Lxx.

368 835 879 916 contingentibus
928 845 991 898 et
1038 835 1127 898 xl.
1190 834 1573 898 Notandum

370 924 550 1007 quod
570 924 636 986 si
662 924 933 1005 aliquod
956 924 1213 1004 festum
1242 922 1479 1004 duplex
1504 923 1573 984 in

372 1012 635 1075 sabbato
693 1011 997 1093 proximo
1067 1020 1219 1074 ante
1275 1010 1573 1092 primam

370 1100 765 1163 dominicam
794 1099 917 1162 lxx.
975 1099 1081 1161 vel
1122 1100 1191 1162 in
1244 1097 1402 1161 aliis
1429 1099 1575 1162 sab-

372 1187 547 1252 batis
604 1207 803 1270 usque
857 1187 953 1250 ad
1007 1187 1574 1270 quadragesimam

370 1276 656 1339 evenerit
674 1299 698 1338 .·
756 1275 1025 1340 secunde
1082 1287 1330 1356 vespere
1384 1285 1577 1338 erunt

370 1364 633 1426 omnino
690 1364 771 1426 de
824 1373 1041 1426 sancto
1069 1387 1091 1426 .·
1142 1372 1204 1426 et
1264 1364 1574 1426 memoria

370 1461 633 1515 tantum
692 1452 771 1514 de
814 1451 1155 1515 dominica.
1245 1451 1347 1513 Et
1395 1451 1461 1513 si
1502 1452 1573 1514 in

369 1540 698 1603 dominica
730 1539 919 1620 insra
950 1549 1194 1621 tempus
1211 1539 1571 1620 predictum

372 1629 502 1690 tale
533 1629 789 1709 ‚festum
832 1629 1116 1691 evenerit
1133 1651 1156 1690 .·
1202 1637 1404 1690 totum
1435 1628 1577 1711 fiat

368 1717 450 1778 de
462 1717 641 1798 sesto
666 1739 691 1779 .·
734 1726 795 1780 et
821 1725 1079 1780 tantum
1112 1715 1423 1778 memoria
1435 1716 1577 1799 fiat

368 1805 453 1867 de
475 1804 801 1868 dominica
822 1826 845 1866 .·
889 1814 1027 1867 tam
1060 1805 1130 1866 in
1157 1804 1407 1884 primis
1436 1825 1571 1868 ves-

356 1894 542 1974 peris
569 1913 765 1974 quam
799 1893 869 1954 in
908 1892 1201 1954 secundis
1246 1901 1308 1954 et
1358 1902 1571 1956 matu-

372 1979 537 2043 tinis
607 2001 753 2043 cum
809 1980 1180 2061 antiphonis
1238 1989 1301 2042 et
1370 1983 1571 2045 versi-

370 2068 537 2131 culis
584 2068 977 2132 dominicam
1024 2069 1529 2149 contingentibus
1549 2093 1573 2132 .-

368 2166 432 2218 et
497 2157 785 2219 oratione
869 2156 1291 2220 dominicali:
1362 2165 1427 2220 et
1500 2157 1570 2219 in

368 2245 654 2308 crastino
703 2245 767 2308 si
810 2266 854 2307 a
887 2244 1063 2325 sesto
1110 2245 1185 2307 ix
1237 2244 1573 2308 lectionum

370 2333 703 2395 vacaverit
753 2332 1107 2413 incipiatur
1150 2333 1425 2397 historia
1462 2334 1571 2414 fe-

374 2421 569 2483 rialis
598 2441 741 2484 cum
775 2421 969 2483 tertia
1016 2421 1273 2485 lectione
1314 2431 1573 2485 tantum

371 2508 454 2572 de
497 2508 878 2591 expositione
924 2510 1248 2592 evangelii
1290 2530 1417 2573 non
1448 2511 1571 2576 im-

354 2596 655 2679 pediente
682 2598 861 2678 festo
904 2598 992 2680 iij
1014 2598 1351 2661 lectionum
1381 2608 1443 2661 et
1468 2600 1571 2662 di-

370 2696 547 2749 cetur
560 2686 1101 2768 superpsalmnm.
1154 2686 1569 2751 Benedictus,

371 2774 729 2854 antiphona
808 2774 1213 2855 contingens³
1269 2776 1527 2856 feriam
1548 2798 1572 2837 :

371 2871 434 2925 et
459 2871 773 2943 sequatur
796 2861 1005 2925 oratio
1033 2863 1445 2927 dominicalis
1469 2887 1492 2926 .·
1512 2872 1574 2927 et

369 2950 437 3013 si
462 2950 635 3032 quod
657 2948 1157 3031 Responsorium
1175 2952 1269 3015 sit
1281 2951 1361 3014 de
1378 2972 1570 3015 evan-

360 3038 534 3121 gelio
564 3039 753 3119 infra
785 3039 977 3102 talem
1022 3038 1369 3102 historiam
1397 3040 1576 3103 debet

358 3127 769 3208 pretermitti.
840 3127 927 3190 Si
953 3148 1102 3190 vero
1126 3127 1381 3208 festum
1411 3128 1570 3190 sim-

354 3215 512 3296 plex
558 3214 631 3277 ix
676 3214 1014 3279 lectionum
1056 3216 1127 3277 in
1160 3216 1286 3279 tali
1310 3216 1571 3279 sabbato

371 3303 653 3365 evenerit
675 3326 699 3366 .·
749 3313 998 3384 vespere
1045 3304 1115 3366 in
1159 3304 1422 3367 sabbato
1469 3304 1570 3368 di-

368 3401 604 3454 cantur
629 3391 710 3454 de
747 3391 1073 3454 dominica
1098 3415 1121 3455 .·
1166 3403 1229 3457 et
1253 3392 1395 3475 fiat
1443 3413 1569 3455 me-

372 3480 585 3542 moria
614 3479 694 3542 de
717 3489 950 3543 sancto.
1046 3480 1133 3543 Si
1175 3501 1321 3543 vero
1364 3481 1569 3545 domi-

372 3567 521 3631 nica
547 3568 829 3630 evenerit
866 3568 996 3631 tale
1022 3569 1273 3649 ‚festum
1303 3569 1568 3651 differa-

372 3666 491 3718 tur
530 3676 731 3738 usque
776 3656 847 3719 in
893 3657 1253 3719 crastinum
1280 3658 1345 3720 si
1384 3676 1569 3719 vaca-

372 3744 545 3807 verit
588 3764 633 3806 a
665 3745 844 3825 festo
892 3746 976 3809 ix.
1027 3745 1364 3809 lectionum
1394 3756 1455 3807 et
1498 3750 1571 3809 in

370 3832 698 3895 dominica
745 3832 843 3895 ad
883 3843 1171 3914 vesperas
1221 3833 1576 3915 incipiatur

368 3920 453 3982 de
492 3930 710 3983 sancto
755 3920 852 3983 ad
890 3921 1243 4003 capitulum
1264 3946 1289 3986 .·
1332 3932 1395 3984 et
1424 3922 1573 4003 fiat

372 4009 683 4071 memoria
731 4009 809 4071 de
858 4009 1202 4073 dominica.
1294 4010 1351 4075 S
1354 4010 1385 4073 i
1422 4032 1571 4074 vero

352 4098 611 4178 festum
659 4105 880 4160 sancte
924 4098 1179 4179 agnetis
1224 4098 1399 4180 quod
1443 4119 1569 4163 non

354 4194 573 4267 potest
597 4184 860 4267 differri
886 4186 957 4249 in
997 4186 1357 4250 crastinum
1373 4198 1569 4269 prop-

372 4282 472 4336 ter
524 4293 790 4355 sequens
840 4274 1096 4354 festum
1154 4275 1367 4339 sancti
1423 4275 1569 4338 vin-

369 4361 565 4424 centii
584 4362 689 4424 vel
700 4362 895 4425 aliud
907 4363 1233 4425 consimile
1257 4363 1327 4425 in
1344 4363 1567 4446 hujus-

577 4506 589 4535 ¹
635 4504 889 4555 ‘alleluia'
914 4522 1052 4556 om.:
1097 4508 1317 4556 E.G.W.

578 4572 599 4602 ²
634 4571 835 4621 tertium
865 4570 1039 4622 ‘all'a'
1062 4573 1193 4622 add:
1230 4573 1451 4624 E.G.W.

2183 465 2344 520 280

1676 570 1858 632 modi
1881 568 2206 632 dominica
2235 568 2516 632 evenerit
2534 591 2560 632 .·
2612 568 2690 630 di
2734 588 2874 632 era-

1676 666 1791 722 tur
1835 658 1905 721 in
1951 659 2212 721 tertiam
2244 657 2519 739 seriam.
2609 656 2875 720 Festum

1675 755 1893 809 autem
1907 745 2191 826 fabiani
2216 756 2280 808 et
2312 744 2692 809 Sebastiani
2714 747 2782 807 si
2803 744 2876 807 in

1674 835 2001 897 dominica
2029 833 2488 916 septuagesime
2510 833 2878 914 contigerit:

1674 923 2061 1005 anticipetur
2112 922 2282 984 sicut
2329 932 2529 1003 supra
2581 930 2875 984 notatum

1675 1020 1774 1074 est
1843 1011 2102 1094 quando
2173 1011 2490 1092 contingit
2547 1009 2874 1072 dominica

1660 1098 1890 1180 prima
1905 1110 2062 1181 post
2087 1109 2348 1162 octavas
2375 1097 2716 1180 epiphanie.
2787 1097 2872 1160 In

1676 1208 2049 1270 quacunque
2061 1187 2252 1268 feria
2282 1209 2326 1250 a
2355 1187 2486 1250 lxx.
2535 1207 2734 1267 usque
2781 1185 2881 1248 ad

1674 1285 1867 1358 caput
1874 1275 2128 1358 jejunii
2141 1277 2394 1357 festum
2427 1275 2516 1356 iij
2536 1274 2874 1338 lectionum

1674 1363 2012 1445 contigerit
2035 1364 2274 1427 habens
2298 1363 2637 1445 propriam
2667 1363 2876 1443 legen-

1673 1452 1831 1514 dam
1865 1461 2068 1515 totum
2111 1453 2457 1516 servitium
2485 1451 2628 1534 fiat
2653 1451 2734 1513 de
2759 1471 2825 1512 eo
2848 1472 2872 1512 .·

1675 1541 1812 1603 nisi
1851 1561 1933 1604 ex
1973 1561 2164 1604 causa
2194 1539 2705 1623 percantationis
2742 1539 2873 1601 ali-

1672 1629 1858 1710 cujus
1876 1629 2173 1694 historie:
2203 1630 2281 1692 de
2297 1650 2427 1710 qua
2458 1629 2528 1693 in
2547 1627 2872 1692 dominica

1656 1727 1924 1798 propter
1950 1718 2206 1798 festum
2265 1717 2501 1798 duplex
2553 1716 2689 1780 dici
2746 1735 2870 1778 non

1657 1807 1880 1886 potuit
1901 1828 1924 1869 .·
1969 1815 2032 1868 ct
2062 1815 2397 1887 propterea
2440 1814 2536 1868 est
2555 1805 2578 1840 ⁴
2624 1805 2693 1866 in
2744 1823 2868 1866 me-

1670 1893 1807 1956 diis
1837 1893 2045 1973 seriis
2075 1892 2521 1974 percantanda
2562 1891 2869 1973 impedia-

1672 1991 1800 2044 tur.
1895 1981 2172 2059 Quando
2219 2002 2366 2044 vero
2410 1980 2492 2044 de
2542 1981 2669 2043 tali
2694 1979 2872 2059 sesto

1672 2069 1878 2132 trium
1907 2069 2245 2134 lectionum
2274 2069 2523 2132 dicitur
2552 2068 2694 2151 fiat
2739 2087 2867 2128 me-

1672 2157 1884 2220 moria
1925 2157 2005 2219 de
2054 2157 2180 2221 lxx.
2235 2157 2333 2220 ad
2376 2166 2666 2237 vesperas
2693 2163 2756 2218 et
2779 2153 2878 2216 ad

1672 2245 2037 2308 matutinas
2094 2255 2158 2308 et
2213 2245 2311 2308 ad
2361 2245 2680 2308 missam:
2751 2263 2874 2324 que

1668 2333 1908 2396 scilicet
1964 2334 2271 2396 memoria
2333 2332 2404 2396 in
2463 2331 2640 2395 nullo
2691 2331 2872 2411 sesto

1669 2421 2044 2486 omittitur:
2090 2443 2201 2486 nec
2240 2423 2312 2486 in
2347 2421 2522 2502 festo
2554 2419 2869 2521 purifica-

1671 2509 1917 2575 ti‘:onis
1961 2511 2032 2575 in
2080 2531 2202 2594 quo
2239 2510 2418 2592 sesto
2461 2509 2658 2573 etiam
2687 2508 2754 2572 si
2795 2507 2870 2571 in

1669 2599 1996 2663 dominica
2055 2600 2334 2663 evenerit
2367 2599 2508 2684 fiat
2557 2597 2869 2661 memoria

1668 2688 1750 2749 de
1777 2688 1908 2751 lxx.
1940 2708 2083 2750 cum
2114 2688 2466 2770 antiphona
2495 2696 2556 2751 et
2583 2686 2871 2750 oratione

1669 2774 2179 2841 dominicalibus.
2306 2776 2448 2841 Sed
2497 2776 2561 2839 si
2611 2775 2868 2856 festum

1654 2864 2141 2945 purificationis
2157 2866 2438 2929 evenerit
2458 2865 2528 2928 in
2546 2863 2870 2928 dominica

1667 2961 1824 3015 ante
1877 2953 2003 3018 lxx.
2066 2974 2192 3017 non
2249 2954 2376 3038 fiet
2426 2952 2738 3016 memoria
2794 2952 2876 3014 de

1668 3040 2009 3106 dominica.
2149 3043 2234 3105 In
2308 3041 2652 3105 dominicis
2726 3061 2872 3103 vero

1673 3128 1847 3191 nihil
1874 3129 2002 3212 fiet
2049 3130 2130 3193 de
2163 3130 2366 3210 festis
2408 3129 2496 3211 iij
2533 3129 2868 3192 lectionum

1671 3216 1810 3280 nisi
1835 3220 2146 3282 memoria
2180 3228 2452 3282 tantum.
2542 3219 2630 3281 Si
2655 3225 2870 3280 antem

1668 3305 1750 3367 de
1750 3305 1952 3383 festis
1971 3316 2340 3369 sanctorum
2357 3305 2554 3387 hujus
2573 3304 2872 3385 temporis

1670 3393 1892 3455 minus
1927 3394 2117 3475 plene
2166 3394 2273 3457 hic
2323 3394 2692 3457 invenitur:
2723 3412 2868 3473 que-

1671 3490 1869 3544 ratur
1913 3484 2103 3562 infra
2149 3482 2221 3544 in
2261 3482 2464 3563 festis
2509 3479 2868 3543 eorundem.

1670 3569 1741 3633 E
1745 3580 1774 3631 t
1781 3569 1923 3652 fiat
1945 3570 2292 3633 servitium
2321 3570 2400 3631 de
2426 3566 2725 3650 apostolis
2743 3588 2766 3630 .·
2793 3566 2872 3629 de

1669 3667 1886 3721 sancto
1947 3657 2294 3720 willelmo:
2356 3665 2420 3718 et
2466 3655 2547 3717 de
2603 3654 2870 3717 domina

1672 3746 1860 3826 infra
1889 3744 2018 3809 Lu.
2050 3765 2247 3825 usque
2274 3743 2371 3807 ad
2391 3752 2581 3824 caput
2598 3742 2868 3825 jejunii.

1674 3838 1739 3911 (Ι
1784 3833 2135 3896 Dominica
2165 3833 2292 3895 lxx.

1674 3921 1959 3986 Sabbato
2009 3921 2106 3984 ad
2157 3932 2462 4001 vesperas.
2555 3918 2742 3982 Deus
2803 3918 2868 3981 in

1670 4010 2092 4090 adjutorium.
2181 4008 2409 4073 Gloria
2441 4008 2630 4091 patri.
2678 4026 2877 4089 usque

1672 4098 1914 4162 Amen.
2005 4098 2234 4163 statim
2276 4107 2598 4179 sequatur.
2693 4097 2874 4159 Laus

1668 4187 1790 4251 tibi
1809 4188 2081 4251 domine
2101 4208 2221 4250 rex
2246 4197 2472 4250 eterne
2493 4185 2719 4269 glorie.
2766 4184 2876 4247 Ab

1668 4274 1822 4339 hinc
1847 4296 2047 4357 usque
2093 4275 2189 4338 ad
2235 4276 2508 4340 missam
2537 4275 2608 4338 in
2641 4272 2879 4355 vigilia

1654 4364 1892 4445 pasche
1919 4385 2044 4427 non
2081 4364 2326 4427 dicitur
2369 4362 2635 4427 alleluia
2662 4361 2832 4425 sed
2804 4382 2876 4427 m

1858 4512 1878 4539 ³
1910 4510 2176 4573 contigeris:
2199 4510 2266 4559 E.
2287 4510 2360 4559 W.

1860 4579 1878 4606 ⁴
1901 4584 2000 4639 pro
2029 4576 2258 4625 ‘est'et.·
2294 4576 2432 4625 AG.
