3375 5100
899 289 1174 345 DOMcA.
1222 288 1390 344 XIII
1437 285 1536 322 ΠΛ·
1585 286 1790 341 ΧῙΗΑ·
1838 288 1960 343 ET
1998 289 2231 343 XVJm.

840 398 988 455 637

309 511 730 569 occurrerunt
759 490 819 567 ei
851 504 1081 567 decem
1112 502 1231 565 viri
1263 500 1502 585 leprosi

312 596 423 676 qui
471 602 793 657 steterunt
838 612 879 653 a
925 590 1161 673 longe:
1209 601 1276 654 et
1329 591 1502 655 leva-

311 691 547 746 verunt
619 701 852 744 vocem
927 680 1255 743 dicentes:
1343 679 1500 761 Jesu

311 779 657 853 preceptor
739 770 1042 831 miserere
1117 768 1324 831 nobiS.
1399 777 1500 850 pff.

314 858 728 923 Benedictus,
1255 856 1501 921 Oratio,

321 946 822 1082 Omnipotens
883 945 1279 1027 sempiterne
1337 946 1502 1007 deus

446 1035 532 1098 da
574 1034 764 1097 nobis
810 1031 964 1097 fidei
1009 1033 1149 1115 spei
1196 1042 1263 1096 et
1293 1034 1498 1097 chari-

307 1124 465 1185 tatis
511 1131 979 1205 augmentum:
1027 1131 1094 1184 et
1131 1131 1204 1184 ut
1251 1142 1499 1185 merea-

309 1232 456 1274 mur
476 1211 736 1293 assequi
768 1210 947 1293 quod
980 1211 1349 1291 promittis:
1396 1210 1498 1273 sac

306 1320 428 1363 nos
481 1320 704 1362 amare
752 1298 932 1381 quod
987 1299 1284 1380 precipis.
1378 1298 1500 1362 Per

304 1388 668 1451 dominum.
715 1387 842 1449 Ad
864 1385 1182 1467 vesperas¹
1217 1386 1288 1449 in
1317 1408 1496 1449 evan.

301 1484 406 1539 aii.
459 1476 649 1540 Unus
697 1485 917 1538 autem
950 1494 1039 1536 ex
1071 1473 1197 1537 illis
1228 1484 1302 1538 ut
1333 1475 1498 1538 vidit

303 1564 462 1645 quia
494 1564 852 1627 mundatus
881 1572 1010 1627 est:
1045 1582 1372 1645 regressus
1397 1573 1498 1627 est

303 1672 455 1715 cum
533 1672 776 1734 magna
835 1671 996 1715 voce
1065 1650 1496 1733 magnificans

304 1740 504 1803 deum
536 1740 816 1803 alleluia.
873 1749 968 1821 ρέ.
1029 1738 1430 1820 Magnificat.

307 1833 369 1906 (Ι
401 1828 749 1891 Dominica
775 1848 879 1891 xv.
959 1827 1090 1891 Sec.
1124 1827 1493 1891 mattheum.

301 1919 454 2047 ln
506 1916 617 1978 illo
666 1926 978 1999 tempore.
1059 1916 1252 1979 Dixit
1301 1915 1495 1997 jesus

409 2004 748 2086 discipulis
779 2005 930 2067 suiS.
1021 2003 1242 2066 Nemo
1273 2012 1496 2086 potest

303 2092 565 2155 duobus
617 2092 905 2155 dominis
976 2092 1235 2155 servire.
1348 2092 1495 2156 Aut

303 2180 480 2243 enim
527 2200 732 2243 unum
779 2180 935 2243 odio
979 2180 1254 2243 habebit
1283 2190 1352 2243 et
1398 2181 1488 2244 al-

301 2277 514 2332 terum
562 2269 792 2352 diliget
843 2269 1002 2331 aut²
1041 2289 1246 2332 unum
1301 2270 1494 2332 susti-

301 2356 523 2421 nebit:
597 2366 666 2421 et
739 2356 1018 2421 alterum
1093 2366 1492 2422 contemnet.

303 2444 396 2508 Et
428 2445 694 2529 reliqua.

303 2532 557 2598 Omelia
587 2532 972 2598 venerabilis
1000 2533 1159 2598 bede.
1211 2532 1347 2598 Lec.
1375 2534 1490 2617 νῇ.

295 2623 540 2753 Duo
599 2625 775 2686 enim
835 2623 1126 2686 domini:
1202 2624 1364 2687 deus
1426 2634 1491 2686 et

452 2711 756 2774 diabolus
810 2711 1279 2794 intelliguntur.
1363 2711 1490 2776 His

300 2819 457 2880 ergo
489 2800 748 2863 duobus
771 2799 1059 2864 dominis
1083 2821 1250 2863 unus
1281 2800 1490 2863 idem-

299 2908 430 2969 que
474 2888 677 2951 homo
725 2908 858 2951 uno
902 2887 1270 2970 eodemque
1323 2897 1490 2951 tem-

298 2995 457 3057 pore
504 2978 743 3040 servire
807 2977 1002 3040 simul
1068 2996 1200 3038 non
1251 2986 1488 3058 potest.

299 3063 476 3146 Quia
527 3064 722 3128 valde
781 3065 1108 3128 contraria
1156 3075 1310 3128 sunt
1359 3085 1490 3147 que

297 3153 606 3216 dominus
679 3154 960 3235 precipit
1041 3162 1107 3216 et
1185 3153 1488 3216 diabolus

295 3242 604 3323 suggerit.
685 3241 1012 3304 Dominus
1057 3241 1232 3304 enim
1280 3243 1488 3323 preci-

295 3329 396 3411 pit
455 3329 942 3394 humilitatem:
1039 3339 1106 3393 et
1183 3329 1487 3393 diabolus

295 3419 590 3499 suggerit
626 3418 1020 3500 superbiam.
1117 3417 1207 3480 Et
1238 3427 1311 3481 ut
1345 3416 1489 3481 bre—

293 3506 464 3568 viter
503 3506 893 3570 concludam
941 3505 1249 3568 dominus
1294 3515 1490 3571 vocat

293 3595 379 3656 ad
413 3595 688 3658 virtutes
715 3616 730 3658 :
777 3593 1082 3657 diabolus
1114 3594 1199 3656 ad
1229 3595 1406 3658 vitia.

289 3683 472 3813 N
473 3703 559 3745 on
592 3683 868 3765 potestis
901 3683 1027 3746 deo
1074 3682 1316 3765 [Lectio
1345 3682 1485 3765 viij.

471 3773 712 3834 servire
755 3780 824 3835 et
858 3791 1237 3834 mammone
1285 3773 1350 3834 id
1384 3781 1484 3834 est

291 3858 554 3922 divitiis.
644 3858 854 3923 Aliud
901 3869 1003 3922 est
1034 3860 1208 3922 enim
1241 3858 1484 3923 habere

289 3947 592 4012 divitias:
641 3957 706 4010 et
738 3947 917 4011 aliud
949 3949 1190 4011 servire
1221 3949 1482 4013 divitiis.

291 4034 424 4116 Qui
496 4036 672 4098 enim
736 4036 1113 4099 divitiarum
1176 4036 1483 4100 dominus

289 4130 435 4187 est:
485 4145 598 4187 eas
644 4134 720 4188 ut
770 4125 1080 4188 dominus
1130 4124 1480 4188 distribuit.

290 4209 424 4293 Qui
487 4222 710 4275 autem
773 4233 998 4276 earum
1053 4234 1277 4276 servus
1339 4223 1481 4278 est:

289 4301 436 4364 illas
467 4301 759 4365 custodit
791 4311 865 4364 ut
895 4322 1136 4365 servuS.
1208 4302 1301 4365 Et
1333 4302 1484 4365 ideo

454 4475 468 4504 ¹
511 4473 617 4524 ‘Ad
633 4473 776 4538 vesp)
799 4489 890 4523 om.
913 4489 931 4524 .·
975 4471 1127 4522 le:

1333 4474 1354 4504 ²
1387 4487 1478 4536 pro
1508 4473 1772 4524 ‘aut’ut:
1808 4473 1873 4526 N.

2110 398 2265 454 638

1603 500 1765 565 dum
1812 503 2109 566 servituti
2156 503 2531 567 divitiarum
2580 502 2797 584 impli-

1605 599 1793 652 catus
1816 600 2110 654 tenetur:
2142 612 2183 654 a
2209 590 2452 654 Christi
2484 593 2796 654 servitute

1605 688 1975 743 evacuatur.
2470 680 2679 742 Lectio
2711 680 2797 743 ix.

1779 768 1909 829 nde
1955 788 2067 831 eos
2112 769 2227 850 qui
2261 768 2526 833 Christo
2556 769 2796 831 servire

1776 856 2204 921 desiderant:
2295 857 2605 920 dominus
2710 856 2794 919 ad

1601 952 2038 1026 spontaneam
2070 954 2527 1027 paupertatem
2562 945 2797 1007 invitat

1600 1052 1753 1094 curn
1792 1033 2133 1115 subjungit
2165 1034 2433 1097 dicens:
2483 1033 2647 1096 Ideo
2694 1034 2796 1096 di-

1600 1140 1678 1184 co
1710 1120 1936 1184 vobis:
1984 1142 2067 1185 ne
2112 1122 2371 1185 solliciti
2403 1122 2545 1185 sitis
2576 1122 2795 1185 anime

1597 1218 1814 1271 vestre
1862 1210 2023 1292 quid
2076 1211 2525 1275 manducetis:
2581 1230 2795 1292 neque

1599 1299 1855 1379 corpori
1910 1307 2131 1363 vestro
2188 1299 2349 1382 quid
2411 1299 2794 1361 induamini.

1601 1386 1855 1449 Anima
1914 1388 2091 1449 enim
2156 1388 2218 1450 in
2282 1388 2409 1451 hoc
2469 1387 2615 1450 loco
2675 1407 2794 1469 pro

1596 1476 1884 1555 presenti
1918 1476 2056 1538 vita
2086 1477 2366 1558 ponitur.
2426 1476 2510 1539 In
2539 1496 2792 1557 evange.

1597 1570 1704 1625 αῆ.
1738 1562 1966 1626 Nolite
1995 1564 2255 1627 solliciti
2281 1585 2425 1627 esse
2457 1564 2751 1627 dicentes
2777 1586 2792 1629 :

1597 1650 1757 1732 quid
1793 1653 2345 1717 manducabimus
2364 1662 2479 1716 aut
2498 1654 2659 1735 quid
2692 1653 2793 1716 bi-

1599 1738 1873 1802 bemus:
1938 1741 2063 1804 scit
2110 1741 2287 1804 enim
2337 1750 2525 1823 pater
2576 1752 2793 1804 vester

1595 1825 1855 1891 celestis
1909 1828 2067 1910 quid
2118 1830 2307 1891 vobis
2360 1849 2625 1891 necesse
2685 1830 2789 1893 sit.

1595 1914 1877 1979 alleluia.
1907 1926 2008 1997 pff.
2068 1917 2481 1982 Benedictus,
2542 1916 2786 1982 Oratio.

1607 2004 1954 2135 Custodi
1986 2024 2343 2086 quesumus
2376 2005 2644 2068 domine
2685 2026 2790 2070 ec-

1732 2091 1998 2156 clesiam
2075 2103 2259 2156 tuam
2322 2094 2789 2176 propitiatione

1593 2188 1949 2261 perpetua:
1992 2190 2059 2244 et
2091 2183 2247 2263 quia
2278 2183 2419 2245 sine
2449 2191 2517 2246 te
2547 2182 2791 2245 labitur

1593 2268 1885 2331 humana
1909 2269 2277 2333 mortalitas
2301 2270 2433 2333 tuis
2457 2292 2471 2333 :
2503 2270 2793 2351 semper⁸

1593 2356 1861 2420 auxiliis
1889 2366 1958 2420 et
1990 2358 2412 2422 abstrahatur
2440 2379 2481 2421 a
2524 2360 2743 2421 noxiis
2772 2380 2786 2423 :

1593 2452 1660 2507 et
1718 2445 1804 2508 ad
1864 2445 2180 2510 salutaria
2238 2447 2571 2529 dirigatur.
2667 2447 2791 2511 Per

1592 2532 1953 2599 dominum.
2043 2533 2167 2599 Ad
2190 2546 2478 2617 vesperas
2508 2536 2577 2600 in
2608 2557 2786 2600 evan.

1591 2631 1692 2686 αῆ.
1775 2621 2048 2705 Querite
2095 2645 2252 2707 ergo
2308 2627 2589 2708 primum
2643 2645 2785 2706 reg-

1593 2731 1753 2774 num
1804 2713 1910 2775 dei
1974 2722 2041 2776 et
2088 2713 2421 2794 justiciam
2484 2711 2664 2794 ejus:
2720 2723 2788 2778 et

1591 2799 1714 2865 hec
1800 2803 2025 2864 omnia
2114 2803 2507 2884 adjicientur
2577 2803 2787 2868 vobis,

1593 2887 1869 2952 alleluia.
1935 2899 2033 2971 ps':
2086 2889 2492 2973 Magnificat.

1595 2981 1657 3054 (Ι
1693 2978 2043 3041 Dominica
2071 2978 2207 3061 xvj.
2391 2979 2448 3043 S
2448 3001 2523 3043 ec.
2556 2979 2785 3044 lucam.

1591 3066 1696 3196 I
1702 3084 1745 3127 n
1778 3065 1891 3128 illo
1922 3075 2219 3149 tempore
2246 3089 2262 3131 :
2314 3067 2465 3131 Ibat
2493 3068 2688 3150 Jesus
2720 3069 2786 3132 in

1702 3153 2035 3218 civitatem
2068 3176 2199 3237 que
2228 3165 2501 3219 vocatur
2547 3177 2785 3239 naym:

1589 3250 1657 3305 et
1705 3242 1891 3305 ibant
1937 3263 2088 3305 cum
2133 3243 2246 3308 illo
2294 3244 2596 3326 discipuli
2643 3245 2786 3327 ejus

1590 3339 1660 3392 et
1691 3330 1886 3394 turba
1919 3332 2201 3413 copiosa.
2283 3333 2375 3395 Et
2407 3332 2672 3414 reliqua.

1594 3417 1846 3482 Omelia
1906 3420 2289 3484 venerabilis
2340 3421 2488 3485 bede
2528 3420 2785 3502 presby-

1590 3506 1729 3568 teri.
2426 3507 2640 3572 Lectio
2670 3511 2782 3592 vij.

1584 3595 2105 3727 suscitaturus
2120 3617 2277 3678 ergo
2289 3598 2598 3661 dominus
2614 3618 2785 3661 mor-

1708 3691 1897 3746 tuum
1946 3704 2076 3747 non
2123 3685 2339 3749 solum
2387 3685 2782 3769 discipulos:

1584 3771 1702 3833 sed
1750 3772 1951 3834 etiarn
1996 3774 2261 3836 turbam
2307 3774 2644 3856 copiosam
2684 3795 2785 3838 se-

1582 3879 1737 3921 cum
1784 3859 1993 3924 voluit
2039 3863 2381 3925 comitari:
2430 3873 2503 3926 ut
2551 3883 2639 3925 ex
2688 3863 2784 3926 vi-

1582 3949 1769 4011 sione
1827 3947 2122 4012 miraculi
2172 3950 2391 4032 plures
2444 3952 2529 4014 ad
2581 3951 2783 4015 fidem

1582 4035 1727 4117 ejus
1776 4047 2181 4102 vocarentur.
2274 4038 2645 4103 Defunctus
2700 4041 2785 4104 is-

1585 4134 1652 4187 te
1712 4125 1826 4206 qui
1888 4135 2083 4188 extra
2132 4127 2466 4190 civitatem
2528 4129 2613 4192 ad
2683 4150 2785 4193 se-

1585 4213 1967 4295 peliendum
2029 4214 2290 4278 delatus
2342 4227 2515 4280 erat:
2572 4217 2782 4280 homi-

1587 4322 1740 4364 nem
1772 4301 2103 4385 significat
2142 4304 2480 4368 mortifero
2512 4307 2783 4370 crimine

2080 4477 2099 4505 ¹
2140 4475 2247 4526 ‘et’
2272 4477 2411 4526 add:
2446 4478 2513 4528 N.
