3375 5100
980 351 1034 405 R
1045 349 1359 407 UBRJCA.
1390 348 1617 406 'POST
1660 348 1766 404 OC
1767 348 1824 404 T
1815 348 1870 404 A
1887 348 2044 404 VAS
2081 349 2564 405 EPIPHANIE

1034 458 1177 513 195

508 576 575 631 et
626 563 982 648 incipiatur
1024 564 1307 629 historia
1340 586 1367 629 .·
1407 562 1702 627 Domine

512 676 598 719 ne
628 656 695 719 in
727 656 843 721 ira.
927 653 1055 717 Ad
1084 652 1554 735 completorium
1579 673 1700 716 an-

507 744 787 826 tiphona.
878 744 1207 807 Miserere.
1296 751 1361 805 et
1384 750 1584 805 cetera
1610 740 1702 803 si-

511 842 621 897 cut
648 832 935 914 inferius
979 832 1050 895 in
1094 830 1357 894 sabbato
1384 838 1539 892 ante
1563 829 1702 892 his-

512 920 769 985 toriam.
864 921 1153 984 Domine
1186 938 1269 982 ne
1300 919 1365 981 in
1400 919 1495 981 ira
1524 918 1702 981 ordi-

510 1020 740 1084 natum
770 1018 878 1072 est.
1088 1028 1097 1035 ·

512 1104 577 1177 (Ι
602 1098 709 1161 De
734 1095 1062 1160 memoriis
1088 1093 1489 1177 quotidianis
1501 1103 1699 1175 patet.

508 1188 611 1321 l
604 1208 646 1249 n
662 1184 975 1267 profestis
1003 1205 1150 1247 vero
1177 1182 1397 1247 diebus
1424 1183 1507 1246 ab
1535 1192 1703 1246 octa-

601 1275 705 1338 vis
730 1273 1062 1355 epiphanie
1089 1292 1287 1355 usque
1298 1272 1395 1335 ad
1403 1271 1702 1353 primam

506 1363 900 1427 dominicam
972 1360 1466 1443 quadragesime
1537 1368 1704 1441 repe-

509 1462 742 1517 tantur
780 1450 1109 1532 suffragia
1154 1448 1562 1531 quottidiana
1602 1447 1701 1511 vi-

511 1541 735 1605 delicet
760 1538 839 1603 de
877 1547 1101 1602 sancta
1132 1538 1349 1600 maria
1398 1557 1544 1600 cum
1582 1556 1700 1599 an-

511 1629 788 1710 tiphona.
924 1627 987 1692 O
1064 1624 1464 1689 admirabile.
1562 1626 1699 1688 An’.

510 1718 801 1800 Quando
846 1725 1041 1779 natus
1086 1736 1175 1778 es·
1263 1714 1395 1777 An.
1428 1713 1700 1777 Rubum

511 1824 729 1889 quern.
841 1804 976 1869 Αῆ.
1046 1803 1475 1868 Germinavit.
1563 1801 1702 1865 Ανῖ.

510 1896 690 1959 Ecce
720 1894 942 1958 maria.
1030 1890 1385 1956 ordinatim
1437 1890 1697 1953 iterati.¹

512 2002 557 2071 γ
607 1984 761 2047 Post
792 1990 1077 2065 partum.
1170 1980 1419 2045 Orati0.
1511 1979 1698 2042 Deus

510 2073 624 2155 qui
687 2071 919 2135 salutis
981 2090 1181 2152 usque
1236 2068 1335 2131 ad
1386 2067 1699 2151 purifica·-

510 2162 745 2225 tionem
766 2182 791 2224 .·
857 2168 921 2223 et
969 2168 1124 2241 post
1176 2156 1700 2241 purificationem

508 2250 605 2314 ad
638 2248 1003 2313 matutinas
1059 2268 1201 2309 cum
1271 2253 1377 2309 an'.
1488 2245 1701 2309 Beata

509 2348 737 2402 mater.
806 2354 853 2423 γ
902 2337 1060 2400 Post
1090 2343 1373 2418 partum.
1454 2334 1701 2398 Oratio.

510 2425 824 2493 Concede
856 2445 980 2488 nos
1010 2423 1311 2486 famulos,
1355 2431 1418 2485 et
1444 2422 1541 2485 ad
1564 2442 1698 2485 ves-

494 2527 695 2599 peras
736 2523 844 2578 an.
938 2512 1189 2578 Sancta
1235 2510 1343 2575 dei
1387 2509 1698 2594 genitrix.

507 2622 554 2691 γ
601 2604 761 2667 Post
791 2611 1074 2685 partum.
1153 2599 1398 2664 Oratio.
1464 2599 1699 2664 Omni-

508 2701 765 2775 potens,
856 2707 1087 2752 necnon
1118 2687 1197 2750 de
1225 2687 1522 2770 apostolis
1552 2711 1577 2751 .·
1623 2687 1704 2750 de

502 2789 721 2844 sancto
751 2778 1053 2841 willelmo
1074 2798 1097 2840 .·
1138 2776 1216 2838 de
1245 2775 1539 2858 reliquiis
1558 2797 1581 2838 .·
1624 2776 1704 2838 de

504 2868 747 2932 sanctis
774 2863 1235 2946 confessoribus
1242 2863 1533 2946 johanne
1556 2863 1702 2928 wil-

492 2955 690 3039 frido
731 2965 793 3018 et
846 2953 1185 3020 Cuthberto
1205 2975 1229 3017 .·
1273 2952 1352 3014 de
1409 2952 1704 3016 omnibus

506 3044 749 3108 sanctis
774 3067 797 3108 .·
850 3053 977 3126 pro
1009 3051 1167 3124 pace
1192 3062 1217 3104 .·
1289 3040 1456 3104 sicut
1514 3041 1702 3123 infra

508 3143 772 3196 notatur
843 3139 993 3194 ante
1064 3129 1471 3212 psalterium.
1604 3131 1674 3194 E
1676 3139 1707 3193 t

507 3221 756 3302 agenda
781 3229 1179 3284 mortuorum
1188 3219 1703 3300 frequententur.

508 3311 613 3375 Dc
640 3331 814 3373 cruce
834 3317 1051 3372 autem
1076 3307 1257 3370 nulla
1270 3307 1409 3389 fiat
1430 3308 1663 3370 mentio
1678 3309 1706 3346 ²

506 3399 614 3463 leis
642 3397 863 3464 diebus
881 3421 906 3462 .·
934 3397 1103 3460 sicut
1131 3416 1241 3459 nec
1268 3395 1335 3460 in
1366 3396 1706 3459 dominicis
1734 3429 1742 3438 ·

508 3490 614 3552 vel
664 3486 821 3551 aliis
878 3487 1078 3569 hujus
1135 3484 1434 3566 temporis
1483 3485 1706 3548 diebus

504 3578 604 3642 ad
610 3576 1067 3659 processionem
1096 3573 1175 3638 de
1206 3572 1515 3637 tn'nitate.

595 3667 660 3729 R
665 3666 887 3730 ubrica
899 3673 1053 3748 post
1092 3671 1349 3726 octavas
1375 3660 1706 3743 epiphanie

507 3755 586 3818 de
630 3753 967 3818 dominicis
1014 3753 1085 3816 in
1122 3751 1331 3833 feriis
1366 3751 1702 3832 faciendis

510 3844 632 3906 isto
664 3853 949 3925 tempore.

508 3931 981 4064 Mta'ndum
1026 3949 1175 3992 vero
1216 3927 1449 4010 quodsi
1485 3937 1700 3991 octave

671 4019 1001 4100 epiphanie
1033 4016 1101 4080 in
1132 4016 1457 4080 dominica
1484 4037 1698 4080 evene-

509 4105 651 4169 rint
703 4107 839 4168 sive
898 4106 968 4168 in
1013 4105 1199 4186 feria
1246 4105 1521 4168 secunda
1578 4115 1701 4168 aut

2319 456 2462 513 196

1803 573 1960 628 tunc
1972 564 2041 627 in
2049 564 2331 628 crastino
2346 575 2719 629 octavarum
2717 564 2994 646 serialis

1803 662 2152 717 nocturnus
2192 653 2454 717 dicatur
2469 676 2495 717 .·
2536 664 2602 717 et
2646 655 2943 736 expositio
2967 675 2994 718 .·

1806 740 1976 805 Cum
2010 741 2222 806 factus
2253 752 2427 806 esset
2447 744 2642 825 Jesus
2663 762 2988 806 annorum

1800 831 2174 894 duodecim.
2245 831 2343 893 ad
2363 831 2725 894 matutinas
2739 832 2997 911 legatur

1801 939 1944 981 cum
1975 918 2417 1000 Responsoriis
2443 920 2724 1002 ejusdem
2767 920 2948 1000 serie
2965 942 2992 983 .·

1803 1010 1926 1069 non
1957 1008 2036 1069 de
2075 1008 2365 1071 historia.
2457 1009 2750 1072 Domine
2792 1028 2876 1071 ne
2923 1008 2990 1071 in

1802 1096 1914 1160 ira.
2003 1096 2161 1177 quia
2233 1096 2452 1159 omnia
2509 1096 2934 1177 Responsoria
2967 1119 2991 1159 .·

1803 1192 1941 1246 tam
1984 1184 2270 1265 ferialia
2325 1206 2524 1267 quam
2577 1184 2992 1248 dominicalia

1801 1272 1880 1335 de
1893 1272 2178 1353 psalmis
2200 1283 2358 1336 sunt
2397 1283 2654 1355 sumpta
2677 1296 2704 1335 .·
2743 1283 2809 1335 et
2847 1294 2992 1335 cum

1804 1360 2204 1424 invitatoriis
2244 1371 2311 1424 et
2333 1362 2591 1443 hymnis
2619 1361 2992 1443 ferialibus.

1810 1448 2084 1528 Quando
2111 1448 2433 1513 dominica
2457 1452 2555 1533 fit
2584 1450 2651 1513 in
2685 1449 2750 1513 ii.
2782 1449 2990 1531 serta.

1802 1538 2298 1619 ,Responsorium
2409 1538 2628 1621 Quam
2729 1558 2992 1619 magna.

1803 1625 1918 1689 Re.
1964 1626 2382 1690 Benedicam.
2470 1627 2586 1691 Re.
2625 1626 2991 1691 Delectare.

1802 1715 2050 1778 Eodem
2079 1724 2295 1778 autem
2327 1714 2508 1777 modo
2533 1717 2674 1798 fiat
2709 1714 2992 1797 quando-

1802 1823 2044 1885 cunque
2096 1803 2227 1885 fit³
2287 1804 2606 1867 dominica
2681 1804 2750 1866 in
2801 1803 2994 1885 sert‘a

1804 1890 1980 1953 inter
2041 1902 2300 1955 octavas
2348 1892 2678 1974 epiphanie
2735 1901 2798 1954 et
2855 1902 2994 1973 sep-

1805 1980 2234 2061 tuagesimam
2268 2004 2296 2045 .·
2367 1980 2603 2043 scilicet
2669 2001 2814 2043 cum
2873 2001 2990 2043 an-

1803 2068 2080 2150 tiphonis
2105 2081 2298 2152 super
2323 2078 2701 2133 nocturnum
2723 2091 2748 2131 .·
2773 2078 2838 2131 et
2862 2069 2992 2131 Re-

1801 2157 2147 2239 sponsoriis
2217 2158 2576 2239 senalibus
2690 2156 2997 2220 dicantur

1800 2246 1998 2309 etiam
2069 2256 2263 2327 super
2346 2246 2570 2310 laudes
2655 2246 2996 2327 antiphone

1785 2334 2067 2415 feriales
2136 2344 2259 2397 aut
2325 2334 2736 2398 dominicales
2805 2343 2998 2415 super

1786 2423 2141 2504 psalmum.
2235 2424 2650 2488 Benedictus
2738 2422 2990 2486 scilicet.

1805 2512 1930 2576 Fili
1963 2510 2124 2594 quid
2156 2510 2383 2576 fecisti.
2479 2511 2726 2577 Oratio.
2814 2510 2993 2576 Vota

1803 2621 2161 2682 quesumus
2221 2601 2508 2665 domine.
2600 2601 2723 2664 Per
2779 2599 2994 2663 domi-

1803 2709 1982 2753 num.
2057 2690 2389 2752 Memoria
2417 2690 2496 2752 de
2521 2699 2738 2752 sancto
2751 2688 2946 2770 felice
2971 2711 2996 2752 .·

1803 2786 1866 2840 et
1890 2778 2217 2860 suffragia
2234 2787 2523 2843 consueta
2547 2777 2682 2842 nisi
2698 2777 2777 2840 de
2793 2797 2996 2841 cruce:

1803 2874 1882 2928 ut
1907 2866 2149 2929 dictum
2180 2875 2288 2930 est.

1807 2959 1873 3032 (s
1903 2955 2000 3018 Et
2011 2955 2336 3018 sciendum
2365 2964 2463 3018 est
2486 2955 2662 3037 quod
2682 2953 2747 3017 si
2771 2953 2996 3036 aliqua

1803 3043 2125 3107 dominica
2174 3064 2437 3126 sequens
2468 3044 2762 3126 primam
2792 3043 2998 3106 domi-

1805 3132 2015 3195 nicam
2029 3131 2169 3214 fiat
2178 3132 2520 3213 ferialiter
2546 3132 2716 3194 inter
2741 3140 2999 3194 octavas

1803 3221 2134 3302 epiphanie
2179 3229 2242 3283 et
2284 3221 2815 3302 septuagesimam
2848 3229 3002 3282 tunc

1805 3309 1874 3372 in
1889 3309 2248 3390 ferialibus
2299 3309 2573 3391 vesperis
2609 3309 2996 3391 precedenti-

1804 3397 1924 3461 bus
1991 3398 2241 3460 dicetur
2287 3397 2492 3461 oratio
2541 3397 2618 3460 de
2676 3397 2998 3460 dominica

1789 3486 2196 3568 precedenti:
2242 3506 2365 3550 non
2412 3485 2528 3550 illa
2557 3507 2676 3568 que
2703 3495 3000 3568 sequetur

1806 3575 1875 3638 in
1905 3575 2187 3638 crastino
2225 3575 2322 3637 ad
2355 3575 2813 3656 expositionem.
2903 3573 2998 3637 Et

1801 3661 1938 3726 sive
1953 3664 2032 3726 de
2035 3664 2264 3746 prima
2284 3663 2604 3727 dominica
2618 3663 2755 3726 sive
2770 3662 2848 3725 de
2857 3663 2994 3726 alia

1803 3752 2024 3816 debeat
2050 3751 2184 3815 dici
2212 3751 2556 3834 ferialiter
2595 3751 2666 3814 in
2695 3751 2992 3815 crastino.

1804 3841 1894 3904 ix.
1937 3841 2271 3904 lectionum
2310 3841 2378 3904 in
2409 3862 2546 3903 secu
2553 3840 2701 3904 ndis
2723 3841 2999 3922 vesperis

1799 3929 1999 4012 hujus
2040 3929 2216 4011 festi
2269 3929 2362 3994 ix.
2423 3929 2758 3993 lectionum
2813 3927 2995 3990 nulla

1785 4018 2099 4099 facienda
2110 4027 2206 4081 est
2223 4017 2532 4080 memoria
2547 4018 2625 4080 de
2645 4016 2994 4080 dominica:

1799 4116 1864 4169 et
1889 4107 2098 4170 eodem
2130 4105 2314 4170 modo
2346 4106 2521 4189 fiat⁴
2551 4106 2629 4168 de
2657 4103 2997 4168 dominicis

510 4193 719 4257 tertia.
792 4203 857 4256 et
892 4203 1137 4274 tempus
1166 4193 1261 4255 ita
1286 4193 1468 4256 breve
1474 4193 1700 4273 fuerit
1781 4191 2124 4276 fericditer
2193 4194 2478 4258 dicendis
2549 4194 2632 4257 ab
2703 4192 2994 4256 historia.

506 4281 683 4366 quod
736 4301 933 4364 usque
1001 4281 1099 4343 ad
1162 4281 1694 4362 septuagesimam

506 4392 631 4434 non
664 4369 923 4432 intersit
968 4368 1103 4431 nisi
1142 4389 1276 4432 una
1319 4369 1637 4432 dominica
1668 4391 1694 4431 .-

570 4545 583 4566 ¹
620 4544 818 4592 iterate:
859 4541 917 4592 G.

1238 4541 1259 4571 ²
1290 4541 1523 4590 memoria
1543 4558 1561 4590 .·
1597 4543 1665 4594 E.
1679 4543 1736 4592 G.

1801 4284 1986 4347 Deus
2018 4285 2335 4348 omnium.
2411 4303 2608 4366 usque
2636 4283 2732 4345 ad
2753 4281 2994 4346 adven-

1801 4381 1938 4435 tum
1969 4372 2234 4436 domini.

1964 4546 1985 4575 ⁸
2015 4545 2108 4593 sit:
2149 4543 2300 4594 G.W.
2482 4546 2502 4575 ⁴
2541 4544 2676 4609 ‘fiat’
2709 4559 2831 4592 om..·
2851 4541 2918 4592 E.
