3375 5100
1844 563 2125 591 ‘‘‘‘‘

2109 593 2126 604 ο

492 693 1014 770 RUBRICA
1095 693 1785 770 GENERALIS
1842 694 1992 768 IN
2050 692 2658 770 ADVENTU.

903 895 932 948 1

327 1003 395 1078 Ε
439 1000 524 1063 In
577 1000 832 1064 nomine
889 1009 1105 1064 sancte
1157 1008 1222 1064 et
1283 997 1527 1063 indivi-

2184 885 2240 946 '2

1623 1008 1817 1062 ventu
1858 998 2114 1063 domini
2152 999 2219 1062 si
2260 999 2529 1082 aliquod
2554 999 2810 1082 festum

323 1088 452 1152 due
531 1089 872 1153 trinitatis.
961 1088 1025 1152 A
1039 1108 1196 1153 men.
1286 1087 1530 1170 Incipit
1622 1087 1699 1150 ix
1714 1087 2047 1152 lectionum
2068 1089 2138 1150 in
2152 1086 2415 1151 sabbato
2434 1087 2770 1172 contigerit
2786 1113 2813 1154 .·

323 1177 478 1240 ordo
519 1176 865 1242 Breviarii
893 1176 1236 1240 secundum
1285 1197 1524 1240 morem
1622 1183 1776 1238 tunc
1836 1176 1907 1240 in
1966 1176 2099 1257 ipso
2140 1176 2404 1240 sabbato
2447 1187 2691 1259 vespere
2732 1177 2812 1242 de

325 1265 398 1328 &
440 1265 952 1330 consuetudinem
981 1264 1224 1328 ecclesie
1265 1265 1336 1328 E
1339 1265 1521 1329 bora·

320 1354 524 1417 censis
563 1353 913 1436 anglicane.
1019 1353 1104 1416 In
1141 1363 1339 1436 parte
1378 1353 1520 1434 hye-

322 1441 503 1516 mali.
591 1443 696 1506 Et
719 1443 943 1524 primo
971 1441 1052 1505 de
1090 1442 1371 1506 adventu
1405 1442 1519 1506 do-

324 1529 495 1594 mini
555 1530 828 1614 quedam
905 1530 1118 1613 regule
1179 1540 1520 1612 ponentur.

319 1618 564 1682 Prima
593 1638 872 1702 quarum
901 1629 1010 1684 est.

318 1709 474 1840 A
484 1707 758 1771 dventus
772 1707 1026 1771 domini
1040 1727 1148 1770 nec
1164 1717 1316 1771 ante
1327 1706 1516 1789 quin-

536 1805 674 1860 tam
691 1795 1000 1860 kalendas
1014 1795 1355 1859 decembris
1368 1796 1515 1859 cele-

319 1883 510 1948 brari
544 1883 871 1950 inchoetur
884 1907 909 1949 .·
967 1905 1078 1948 nec
1102 1883 1380 1966 ejusdem
1412 1885 1513 1948 in-

316 1971 563 2036 choatio
635 1972 816 2037 ultra
887 1982 1196 2054 quartam
1281 1972 1513 2036 Nonas

315 2060 660 2125 decembris
679 2061 1038 2143 differatur.
1115 2059 1257 2124 Sed
1278 2061 1350 2124 in
1378 2059 1513 2125 hiis

315 2158 544 2230 septem
571 2148 795 2213 diebus
826 2149 942 2214 ubi
979 2148 1116 2213 dies
1149 2148 1511 2212 dominicus

313 2237 637 2301 evenerit:
681 2236 914 2301 ibidem
949 2237 1267 2300 adventus
1302 2236 1512 2301 domi-

315 2325 394 2389 ni
461 2324 767 2389 celebrari
836 2325 1197 2408 incipiatur.
1340 2324 1508 2390 Alia

315 2413 556 2496 regula.
669 2413 946 2478 Andree
1004 2414 1176 2478 festo
1234 2413 1507 2478 vicinior

313 2502 546 2567 ordine
565 2504 816 2586 quovis,
836 2502 1225 2568 Adventum
1250 2503 1503 2568 domini

312 2592 528 2674 prima
573 2592 731 2657 colit
775 2592 950 2657 seria.
1073 2592 1146 2657 Si
1193 2593 1388 2657 cadat
1435 2593 1500 2657 in

310 2678 528 2745 lucem
587 2682 894 2746 domini:
967 2680 1334 2746 celebretur
1380 2682 1501 2744 ibi-

309 2768 484 2833 dem.
594 2774 658 2848 Ε
702 2768 1090 2833 Notandum
1138 2789 1285 2833 vero
1334 2770 1511 2852 quod

305 2858 373 2920 si
425 2856 775 2938 festivitas
829 2856 1044 2921 sancti
1108 2858 1171 2920 A
1182 2856 1374 2921 ndree
1429 2860 1498 2922 in

303 2945 566 3009 sabbato
594 2956 745 3010 ante
769 2946 1062 3029 primam
1106 2945 1498 3010 dominicam

304 3032 622 3097 adventus
667 3034 992 3098 evenerit:
1056 3033 1240 3097 nulla
1279 3034 1350 3097 in
1403 3056 1498 3098 eo-

304 3122 448 3185 dem
477 3123 738 3186 sabbato
755 3123 853 3186 ad
873 3132 1161 3202 vesperas
1179 3123 1258 3185 de
1286 3122 1496 3205 dupli-

300 3209 364 3273 ci
395 3210 574 3292 fisto
601 3212 815 3274 sancti
853 3212 916 3274 A
927 3210 1119 3275 ndree
1149 3211 1278 3295 fiet
1319 3232 1494 3275 men-

299 3298 448 3363 tio:
494 3310 713 3381 preter
773 3298 1204 3381 pulsationem
1277 3300 1491 3383 signo-

299 3407 501 3451 rum:
559 3408 678 3470 que
724 3387 960 3471 duplex
1021 3388 1150 3451 erit
1197 3398 1332 3451 tam
1400 3386 1499 3452 ad

296 3475 764 3557 completorium
809 3498 1004 3559 quam
1047 3476 1144 3539 ad
1166 3477 1486 3559 vesperas¹

281 3572 504 3644 preter
571 3566 947 3629 memoriam
981 3588 1006 3629 .·
1093 3586 1237 3627 cum
1314 3566 1488 3629 anti·

279 3651 520 3734 pliona.
613 3654 903 3718 Domine
930 3654 1089 3736 Jesu
1125 3652 1385 3719 Christe
1417 3653 1487 3717 &

295 3740 603 3805 versiculo
635 3741 896 3805 Dilexit
925 3743 1239 3805 andream
1273 3742 1485 3807 domi-

297 3848 437 3904 nuS‚
474 3833 542 3894 ἃ·
572 3830 818 3894 collecta
850 3831 1295 3913 Majestatem.
1385 3831 1491 3894 Et

274 3918 450 4001 fient
499 3920 799 3982 memorie
837 3920 918 3983 de
947 3919 1212 3982 domina
1237 3942 1261 3982 .·
1303 3929 1367 3981 et
1406 3919 1489 3983 de

288 4007 532 4071 sanctis
567 4007 867 4074 Crisanto
895 4017 956 4071 et
982 4008 1219 4071 Daria.
1285 4012 1349 4086 Ε
1400 4008 1457 4073 S
1459 4009 1489 4071 i

289 4116 334 4158 v
331 4115 437 4158 ero
509 4097 649 4195 ejus
703 4097 984 4179 festum
1033 4097 1102 4160 in
1161 4094 1484 4160 dominica

285 4184 612 4247 evenerit:
670 4185 953 4285 qualiter
991 4184 1312 4286 agendum
1326 4183 1482 4265 fue-

285 4273 428 4335 ri:t
473 4271 839 4336 invenietur
862 4272 957 4335 ad
978 4274 1115 4356 elus
1130 4273 1379 4354 festum
1413 4275 1482 4337 in

267 4360 594 4442 principio
635 4371 1020 4426 sanctorum.
1124 4366 1188 4440 Ε
1234 4361 1320 4424 In
1365 4362 1484 4425 ad-

353 4532 368 4563 ¹
409 4534 666 4585 ‘et’add.·
701 4536 929 4587 E.G.W.

807 4604 934 4665 ⁴pro
962 4602 1124 4652 ‘cum‘
1157 4609 1202 4651 et
1229 4620 1246 4652 :
1280 4602 1353 4653 JV,

1297 4536 1318 4566 ²
1351 4552 1524 4586 vacare
1540 4552 1558 4586 .·
1591 4536 1657 4587 E.
1671 4536 1729 4587 G.

1619 1262 1942 1328 dominica
1954 1265 2139 1348 fiant
2181 1285 2323 1328 cum
2352 1265 2725 1348 antiphonis
2752 1277 2815 1330 et

1601 1351 1891 1434 psalmis
1930 1351 2028 1416 ad
2062 1352 2397 1417 sabbatum
2429 1355 2809 1436 pertinenti

1617 1439 1778 1506 bus:
1822 1451 1886 1504 et
1924 1440 2237 1506 memoria
2263 1440 2346 1504 de
2383 1453 2647 1509 sancto:
2675 1464 2813 1545 que

1599 1529 1892 1610 precedet
1905 1530 2280 1593 memoriam
2305 1529 2478 1594 beate
2504 1531 2804 1613 virginis.

1619 1621 1683 1718 Ε
1734 1617 1824 1683 Si
1840 1639 1989 1681 vero
2012 1617 2143 1682 tale
2152 1618 2457 1700 festum
2428 1640 2497 1682 m
2525 1620 2807 1685 domini-

1611 1706 1706 1769 cis
1723 1705 1911 1789 infra
1930 1705 2278 1770 adventum
2300 1709 2615 1773 evenerit
2644 1729 2805 1772 sem-

1598 1805 1724 1876 per
1735 1795 2165 1877 differaturin
2173 1795 2513 1859 secundam
2516 1796 2805 1878 sertam

1609 1882 1676 1946 si
1715 1904 1857 1946 eam
1902 1884 2239 1966 contigerit
2281 1905 2325 1948 a
2356 1884 2533 1965 festo
2582 1905 2805 1949 novem

1608 1970 1943 2035 lectionum
2002 1991 2226 2035 vacari
2221 1971 2320 2036 ²:
2396 1972 2466 2036 &
2526 1982 2678 2038 tunc
2734 1974 2805 2038 in

1606 2058 1931 2123 dominica
1955 2071 2202 2142 vespere
2222 2059 2399 2144 fient
2422 2060 2503 2124 de
2536 2072 2800 2127 sancto·
2776 2113 2791 2127 .

1607 2146 1961 2230 incipiendo
2005 2146 2087 2211 de
2127 2169 2194 2212 eo
2251 2150 2351 2212 ad
2397 2150 2751 2231 capitulum
2775 2174 2801 2216 .·

1605 2255 1751 2298 cum
1802 2237 2112 2300 memoria
2153 2235 2234 2299 de
2272 2237 2609 2304 dominica.
2702 2239 2806 2302 Et

1603 2323 1671 2386 si
1728 2324 1799 2387 in
1856 2323 2233 2408 hujusmodi
2276 2325 2468 2408 seria
2524 2327 2799 2391 secunda

1600 2412 1797 2476 aliud
1800 2413 2054 2495 festum
2086 2413 2161 2476 ix
2194 2414 2528 2478 lectionum
2557 2419 2798 2478 contin-

1591 2510 1723 2584 gat
1744 2523 1769 2566 .·
1831 2511 1981 2567 tunc
2022 2501 2105 2566 de
2137 2503 2312 2583 festo
2359 2505 2428 2569 in
2473 2502 2796 2569 dominica

1601 2590 1995 2673 contingente
2040 2591 2302 2655 dicatur
2323 2615 2347 2655 .·
2410 2593 2579 2657 sicut
2622 2594 2797 2657 ordi-

1601 2689 1806 2742 natur
1876 2680 1947 2744 in
2022 2700 2264 2763 magna
2339 2680 2595 2745 rubrica
2644 2693 2797 2746 ante

1602 2767 1789 2831 Deus
1856 2769 2171 2833 omnium.
2267 2773 2331 2847 Ε
2382 2769 2471 2834 Si
2529 2791 2676 2833 vero
2720 2771 2791 2835 in

1595 2856 1823 2938 aliqua
1852 2856 2176 2921 dominica
2206 2856 2395 2938 infra
2440 2858 2791 2923 adventum

1595 2944 1852 3010 domini
1877 2945 2131 3027 festum
2188 2946 2421 3027 duplex
2473 2948 2792 3012 evenerit:

1595 3041 1799 3096 totum
1804 3033 1945 3116 fiat
1961 3033 2044 3097 de
2047 3033 2270 3115 festo
2312 3055 2457 3097 cum
2483 3036 2791 3124 memoria

1593 3121 1674 3183 de
1699 3120 2019 3185 dominica
2050 3131 2185 3185 tam
2217 3123 2289 3185 in
2310 3123 2556 3205 primis
2594 3116 2788 3206 quam

1593 3209 1664 3273 in
1693 3210 1988 3273 secundis
2015 3212 2289 3292 vesperis
2307 3212 2375 3273 ἃ·
2399 3213 2787 3278 matutinis:

1588 3318 1734 3361 cum
1778 3298 2148 3381 antiphonis
2196 3308 2259 3361 et
2298 3300 2631 3364 versiculis
2678 3302 2788 3365 do-

1589 3385 1822 3451 minice
1840 3386 1866 3425 ⁸
1914 3386 2469 3470 contingenti.bus·
2516 3388 2586 3452 &
2636 3411 2783 3455 ora-

1589 3476 1761 3563 tione
1815 3474 2237 3539 dominicali:
2280 3497 2400 3558 que
2453 3477 2788 3560 precedent

1589 3556 1965 3628 memoriam
2008 3563 2090 3627 de
2132 3562 2314 3627 beata
2357 3566 2657 3648 virgine:
2709 3567 2779 3631 &

1587 3654 1658 3716 in
1707 3652 1989 3715 crastino
2027 3652 2292 3716 dicatur
2328 3651 2410 3715 de
2444 3653 2640 3736 officio
2668 3654 2777 3718 do-

1585 3740 1886 3804 minicali
1914 3739 2309 3821 ferialiter:
2374 3761 2517 3804 cum
2568 3742 2778 3807 tribus

1579 3828 1952 3892 lectionibus
2005 3827 2087 3890 de
2154 3828 2531 3911 expositione
2582 3852 2779 3895 evan·

1572 3916 1741 3999 gelii
1813 3919 1882 3980 ὃ·
1944 3916 2153 3980 tribus
2224 3917 2643 3999 responsoriis
2699 3922 2781 3984 de

1569 4005 1791 4088 primo
1830 4014 2131 4069 nocturno
2178 4007 2358 4069 cum⁴
2395 4016 2503 4070 an.
2533 4010 2778 4072 contin-

1570 4094 2032 4177 genteseriam
2050 4104 2239 4177 super
2238 4095 2529 4177 psalmo*
2563 4098 2770 4161 Bene-

1581 4183 1799 4247 dictus
1860 4203 1986 4247 non
2046 4182 2420 4265 impediente
2456 4185 2635 4267 sesto
2694 4187 2783 4268 ii]

1581 4271 1931 4335 lectionum.
2026 4276 2090 4350 Ε
2134 4272 2240 4335 De
2266 4272 2466 4353 festis
2509 4294 2654 4338 vero
2692 4274 2783 4357 ii]

1582 4360 1683 4425 lec.
1718 4360 1786 4424 in
1816 4359 2099 4424 adventu
2145 4382 2269 4424 non
2305 4370 2595 4443 agatur:
2637 4364 2776 4427 nisi

2071 4535 2091 4565 ¹
2110 4534 2404 4583 dominicam
2424 4550 2443 4584 .·
2464 4535 2532 4585 E.
2546 4536 2604 4585 G.
2624 4536 2699 4586 W.

1788 4604 1808 4633 ⁸
1818 4602 2075 4667 psalmum
2093 4615 2111 4650 .·
2132 4601 2200 4649 E.
2214 4600 2271 4649 G.

2553 4694 2595 4743 B
