3375 5100
1482 264 1739 321 FERJA
1793 264 2116 337 QUINTA

1109 373 1269 432 82³

562 482 766 567 elegit
823 481 1025 547 david
1086 500 1347 547 servum
1396 498 1635 545 suurn.
1619 502 1635 517 ·
1697 488 1768 545 et

560 572 827 639 sustulit
856 592 1009 636 eum
1042 571 1126 636 de
1156 571 1467 654 gregibus
1498 570 1768 633 ovium:

562 664 651 729 de
708 670 865 745 post
923 660 1211 724 fetantes
1278 658 1535 741 accepit
1592 678 1766 723 eum.

562 752 853 817 Pascere
878 748 1080 831 jacob
1124 768 1387 813 servum
1418 766 1653 812 suum.
1701 755 1772 811 et

564 839 757 905 israel
787 838 1225 903 hereditatem
1256 856 1465 901 suam.
1524 835 1622 899 Et
1652 854 1770 917 pa-

567 930 663 994 vit
696 948 809 991 eos
856 928 923 991 in
954 926 1333 989 innocentia
1370 924 1588 989 cordis
1628 923 1771 988 sui:

567 1018 734 1083 etin
766 1014 1211 1079 intellectibus
1258 1033 1577 1077 manuum
1620 1032 1774 1075 sua-

568 1126 715 1171 rum
776 1104 1061 1168 deduxit
1106 1102 1261 1167 eos.¹
1338 1102 1473 1165 Αῆ.
1548 1100 1655 1165 Tu
1701 1120 1774 1163 es

568 1195 735 1259 deus
766 1193 879 1276 qui
912 1191 1072 1255 facis
1106 1189 1451 1255 mirabilia.
1643 1189 1776 1272 pi?

770 1302 844 1344 us
875 1289 1195 1343 venerunt
1224 1286 1459 1363 gentes
1490 1278 1557 1341 in
1588 1276 1778 1341 here-

728 1371 1011 1434 ditatem
1071 1377 1307 1432 tuam:
1396 1366 1778 1450 polluerunt

570 1457 901 1541 templum
932 1466 1235 1521 sanctum
1268 1464 1500 1520 tuum:
1538 1474 1778 1538 posue-

573 1557 727 1611 runt
752 1545 1143 1609 hierusalem
1170 1546 1238 1608 in
1260 1564 1611 1628 pomorum
1632 1564 1780 1607 cus-

572 1636 845 1701 todiam.
884 1634 1265 1697 Posuerunt
1282 1633 1627 1697 morticina
1644 1652 1780 1695 ser-

572 1744 808 1790 vorum
855 1732 1120 1787 tuorum
1166 1742 1353 1785 escas
1396 1720 1779 1785 volatilibus

575 1814 741 1879 celi:
804 1832 1034 1876 carnes
1082 1820 1459 1875 sanctorum
1511 1819 1778 1873 tuorum

574 1902 805 1969 bestiis
834 1910 1021 1965 terre.
1081 1899 1485 1963 Effuderunt
1514 1898 1782 1980 sangui-

576 2011 729 2056 nem
778 1990 1071 2073 ipsorum
1096 1989 1122 2028 ³
1165 1997 1485 2070 tanquam
1534 2005 1780 2069 aquam

574 2081 643 2143 in
698 2080 971 2144 circuitu
1032 2076 1466 2141 hierusalem:
1536 2074 1597 2139 &
1646 2093 1783 2138 non

580 2178 721 2232 erat
751 2166 867 2249 qui
912 2165 1234 2249 sepeliret.
1322 2164 1517 2228 Facti
1552 2183 1784 2227 sumus

578 2256 1009 2340 opprobrium
1034 2254 1265 2318 vicinis
1298 2252 1540 2317 nostris
1568 2274 1582 2317 :
1628 2252 1786 2315 sub-

582 2346 891 2409 sannatio
953 2353 1023 2407 et
1084 2342 1303 2407 illusio
1374 2341 1479 2405 his
1541 2342 1653 2423 qui
1717 2340 1786 2403 in

579 2434 854 2498 circuitu
903 2441 1132 2496 nostro
1163 2440 1335 2495 sunt.
1422 2430 1787 2513 Usquequo

581 2522 854 2588 domine
908 2521 1203 2586 irasceris
1264 2520 1331 2583 in
1384 2518 1632 2584 finem:
1678 2538 1788 2582 ac-

586 2613 906 2676 cendetur
943 2611 1126 2674 velut
1172 2609 1343 2692 ignis
1392 2607 1571 2672 zelus
1616 2617 1789 2671 tuus,

582 2701 877 2766 Effunde
907 2700 1071 2762 iram
1097 2708 1285 2761 tuam
1318 2699 1381 2760 in
1416 2707 1651 2780 gentes
1675 2695 1789 2778 qui

582 2799 653 2854 te
704 2808 838 2852 non
889 2795 1257 2851 noverunt:
1325 2794 1396 2849 et
1453 2787 1524 2848 in
1586 2804 1793 2867 regna

586 2897 717 2962 que
764 2896 1007 2940 nomen
1042 2885 1231 2938 tuum
1278 2894 1411 2938 non
1444 2875 1790 2937 invocave-

587 2975 757 3030 runt.
856 2964 1027 3044 Quia
1074 2963 1508 3027 comederunt
1546 2961 1792 3045 jacob:

588 3065 659 3120 et
688 3055 909 3118 locum
944 3053 1085 3135 ejus
1116 3051 1595 3116 desolaverunt.
1680 3051 1795 3115 Ne

592 3143 968 3209 memineris
1035 3141 1459 3223 iniquitatum
1539 3149 1796 3203 nostra-

591 3254 736 3298 rum
762 3231 1183 3313 antiquarum
1220 3251 1235 3294 :
1266 3231 1401 3293 cito
1433 3229 1798 3310 anticipent

593 3343 714 3386 nos
760 3319 1204 3384 misericordie
1246 3327 1398 3382 tue:
1444 3319 1601 3400 quia
1633 3337 1798 3398 pau-

592 3431 783 3495 peres
815 3409 971 3472 facti
1003 3428 1231 3471 sumus
1262 3407 1475 3471 nimis,
1522 3406 1583 3468 A
1595 3404 1799 3486 djuva

596 3520 719 3563 nos
779 3499 944 3562 deus
1012 3496 1319 3560 salutaris
1380 3503 1653 3558 noster:
1729 3503 1799 3559 et

596 3597 869 3672 propter
896 3586 1176 3670 gloriam
1223 3585 1509 3648 nominis
1550 3582 1647 3646 tui
1681 3584 1800 3648 do-

598 3679 777 3741 mine
837 3676 1045 3740 libera
1104 3694 1275 3738 nos:
1340 3680 1407 3736 et
1468 3673 1798 3755 propicius

598 3777 744 3831 esto
775 3765 1064 3848 peccatis
1110 3762 1350 3826 nostris
1381 3769 1652 3844 propter
1682 3782 1802 3824 no-

603 3876 755 3919 men
788 3865 997 3918 tuum.
1086 3851 1198 3915 Ne
1244 3850 1415 3914 sorte
1460 3849 1685 3914 dicant
1731 3851 1799 3914 in

602 3943 913 4026 gentibus
946 3940 1059 4005 ubi
1090 3949 1191 4003 est
1221 3939 1387 4002 deus
1419 3958 1645 4002 eorum
1676 3961 1692 4002 :
1734 3949 1804 4005 et

599 4035 971 4096 innotescat
1024 4029 1090 4092 in
1146 4028 1527 4093 nationibus
1576 4047 1800 4092 coram

600 4121 809 4184 oculis
862 4118 1117 4183 nostris
1222 4116 1415 4182 Ultio
1462 4117 1803 4199 sanguinis

603 4228 939 4274 servorum
1000 4218 1307 4273 tuorum:
1383 4204 1499 4289 qui
1558 4205 1806 4271 effusus

759 4371 979 4422 ‘Gloria
1010 4370 1172 4436 patri’
1191 4371 1326 4421 add·
1362 4369 1421 4420 E.
1432 4369 1496 4420 G.
1548 4434 1551 4436 v

696 4375 825 4538 {ps
869 4438 969 4502 78.·
1010 4439 1077 4488 E.
1092 4439 1150 4489 G.
1222 4437 1473 4502 lxxviyst
1506 4436 1559 4487 S.

696 4509 888 4573 “pro
908 4506 961 4572 ip
971 4505 1171 4556 sorum'
1204 4519 1417 4556 eorum·
1452 4502 1514 4556 E.
1523 4503 1589 4555 G.

2379 372 2540 431 826

1865 491 2009 548 est.
1993 502 2010 519 ·
2069 482 2356 547 introeat
2415 482 2483 545 in
2541 490 2950 565 conspectu
3011 494 3136 545 tuo

1865 571 2158 657 gemitus
2189 572 2754 655 compeditorum.
2843 571 3138 635 Secun-

1868 661 2032 725 dum
2081 661 2611 743 magnitudinem
2645 658 2934 724 brachii
2989 662 3132 724 tui:

1869 749 2137 833 posside
2167 748 2338 813 filios
2369 747 2980 813 mortificatorum.
3031 748 3132 811 Et

1873 838 2077 903 redde
2121 838 2354 903 vicinis
2403 839 2648 901 nostris
2693 837 3126 919 septuplum

1873 927 1942 992 in
1974 928 2120 991 sinu
2153 946 2426 992 eorum:
2473 926 2990 1009 improperium
3029 928 3128 1009 ip-

1873 1036 2100 1081 sorum
2141 1016 2322 1099 quod
2369 1014 2948 1098 exprobaverunt
2999 1016 3126 1078 tibi

1873 1104 2164 1169 domine.
2275 1103 2428 1168 Nos
2500 1113 2736 1167 autem
2801 1103 3124 1186 populus

1875 1204 2030 1258 tuus
2077 1202 2147 1257 et
2194 1212 2353 1256 oves
2400 1212 2646 1276 pascue
2699 1202 2826 1255 tue
2851 1214 2876 1256 ε

1877 1282 2216 1346 fitebimur
2259 1281 2386 1345 tibi
2447 1282 2514 1344 in
2575 1280 2920 1343 seculum.
3035 1282 3118 1343 In

1874 1370 2302 1455 generatione
2389 1379 2460 1433 et
2537 1371 3078 1452 generationem
3097 1370 3120 1405 ⁴

1875 1458 2430 1525 annunciabimus
2459 1457 2729 1521 laudem
2765 1468 3002 1521 tuam.

2015 1548 2080 1611 ui
2125 1548 2299 1629 regis
2340 1546 2532 1611 israel
2579 1546 2864 1609 intende
2891 1568 2912 1609 :
2971 1546 3119 1631 [pf.5

2015 1636 2127 1720 qui
2180 1636 2454 1700 deducis
2502 1636 2686 1698 velut
2738 1656 2960 1699 ovem
3013 1636 3116 1716 jo-

1877 1724 2058 1808 seph.
2158 1723 2286 1804 Qui
2345 1725 2538 1787 sedes
2596 1744 2806 1805 super
2867 1724 3116 1787 cheru-

1879 1814 2092 1878 bim⁶.
2125 1812 2548 1877 manifestare
2571 1832 2806 1876 coram
2837 1813 3114 1876 effraim

1879 1902 2221 1984 benjamin
2277 1910 2348 1965 et
2407 1920 2730 1965 manasse.
2848 1901 3116 1965 Excita

1880 1992 2249 2074 potentiam
2281 1999 2468 2054 tuam
2513 2000 2584 2053 et
2617 1989 2774 2053 veni
2801 2012 2818 2053 ε
2867 2000 2956 2053 ut
2985 1992 3116 2054 sal-

1881 2102 2000 2145 vos
2054 2080 2257 2143 facias
2309 2100 2446 2142 nos
2537 2078 2730 2142 Deus
2779 2090 3116 2142 converte

1883 2189 2050 2233 nos:
2095 2177 2165 2231 et
2195 2166 2474 2231 ostende
2521 2166 2762 2230 faciem
2808 2175 3014 2231 tuam
3045 2175 3112 2230 et

1883 2258 2048 2321 salvi
2081 2258 2342 2320 erimus.
2431 2256 2732 2321 Domine
2768 2256 2953 2320 deus
2983 2258 3110 2319 vir·

1885 2354 2148 2410 tutum:
2190 2365 2536 2428 quousque
2566 2344 2874 2408 irasceris
2903 2364 3112 2428 super

1886 2436 2256 2499 orationem
2285 2436 2455 2497 servi
2485 2434 2603 2497 tui.
2655 2432 2956 2499 cibabis
2987 2454 3109 2497 nos

1889 2542 2064 2607 pane
2125 2521 2655 2606 lachrymarum:
2725 2530 2800 2586 et
2864 2532 3103 2606 potum

1888 2613 2079 2677 dabis
2111 2611 2302 2676 nobis
2335 2613 2402 2674 in
2427 2611 2787 2694 lachrymis
2822 2613 2894 2674 in
2919 2632 3104 2676 men·

1889 2721 2059 2764 sura.
2133 2700 2432 2764 Posuisti
2469 2720 2592 2764 nos
2625 2701 2693 2763 in
2725 2701 3104 2764 contradic·-

1889 2791 2142 2854 tionem
2173 2790 2404 2853 vicinis
2436 2789 2680 2852 nostris
2709 2809 2726 2850 ε
2757 2799 2832 2852 et
2855 2789 3100 2852 inimici

1893 2879 2099 2942 nostri
2125 2877 2696 2942 subsannaverunt
2723 2898 2869 2941 nos
2915 2877 3102 2941 Deus

1890 2969 2210 3032 virtutum
2241 2975 2550 3031 converte
2575 2985 2698 3028 nos
2723 2988 2738 3030 :
2783 2976 2860 3030 et
2883 2975 3100 3030 osten-

1893 3057 1978 3120 de
2025 3055 2262 3119 faciem
2291 3064 2479 3119 tuam
2525 3064 2594 3118 et
2625 3055 2792 3118 salvi
2843 3056 3100 3118 erimus.

1915 3143 2202 3210 Vineam
2233 3144 2320 3208 de
2365 3153 2617 3226 egypto
2658 3144 3100 3207 transtulisti:

1895 3233 2147 3315 ejecisti
2192 3243 2426 3316 gentes
2471 3243 2539 3294 et
2569 3230 2896 3314 plantasti
2939 3252 3100 3295 eam.

1895 3322 2066 3386 Dux
2113 3321 2368 3385 itineris
2412 3321 2592 3385 fuisti
2638 3321 2705 3382 in
2739 3331 3100 3403 conspectu

1898 3409 2078 3491 ejus:
2125 3419 2196 3473 et
2227 3410 2542 3494 plantasti
2573 3409 2828 3472 radices
2862 3409 3012 3490 ejus
3039 3419 3102 3472 et

1900 3498 2202 3581 implevit
2226 3507 2488 3563 terram.
2538 3497 2816 3580 Operuit
2839 3507 3100 3561 montes

1901 3588 2137 3651 umbra
2181 3587 2324 3668 ejus
2354 3609 2368 3650 :
2415 3596 2484 3649 et
2515 3585 2788 3650 arbusta
2824 3585 2974 3667 ejus
3002 3607 3104 3651 ce·

1899 3676 2055 3740 dros
2079 3677 2204 3742 dei.
2254 3675 2588 3739 Extendit
2612 3673 2930 3757 palmites
2951 3695 3102 3739 suos

1903 3785 2112 3847 usque
2143 3766 2228 3829 ad
2263 3785 2484 3829 mare:
2531 3772 2599 3828 et
2623 3783 2834 3845 usque
2865 3763 2952 3826 ad
2989 3763 3104 3826 flu-

1904 3872 2056 3917 men
2103 3853 2502 3936 propagines
2553 3853 2715 3934 ejuS.
2801 3851 2899 3916 Ut
2944 3851 3101 3935 quid

1902 3942 2291 4006 destruxisti
2353 3941 2706 4005 maceriam
2767 3940 2964 4022 ejus:
3041 3951 3102 4004 et

1902 4031 2318 4095 vindemiant
2348 4049 2498 4094 earn
2529 4049 2764 4093 omnes
2799 4029 2918 4111 qui
2962 4050 3103 4111 pre-

1906 4120 2400 4202 tergrediuntur
2455 4119 2652 4182 viam.
2766 4117 3104 4182 Extermi-

1908 4209 2094 4273 navit
2158 4229 2308 4272 eam
2381 4228 2542 4291 aper
2612 4206 2700 4271 de
2769 4205 2978 4272 silva:
3039 4219 3104 4272 et

2006 4373 2030 4467 ἶ
2061 4369 2420 4486 ςξῃεηξίεὲιοέ
2455 4369 2538 4418 W.

2010 4503 2032 4536 ⁸
2052 4443 2302 4554 {lieffiiin
2325 4473 2360 4555 t·
2373 4473 2438 4554 G'.
2446 4502 2527 4554 W.
2601 4509 2654 4552 et
2675 4499 2886 4552 forsitan
2909 4519 2923 4552 z
2955 4503 3012 4553 E.

2961 1212 3126 1256 con-
3242 1200 3243 1207 ’
