3375 5100
549 555 874 649 memo‘ria
900 543 1156 645 tantum
1263 547 1525 664 bdfitis
1545 565 1737 644 ‘eita-

549 675 654 737 vis
707 672 920 752 sancti
951 671 1018 734 -A
1031 672 1224 734 ndree
1240 693 1264 734 .·
1325 669 1514 751 infra
1573 689 1737 752 quas

547 761 737 826 certis
764 760 986 824 diebus
1029 759 1216 840 infra
1258 761 1606 822 adventum
1636 757 1737 820 di-

1145 315 1170 367 ²
1445 317 1536 445 3..ss
1565 364 1985 422 DOMJMCA

2416 477 2463 528 4

1830 601 2103 664 vespere
2138 579 2237 644 uti
2276 600 2559 664 sponsus
2602 579 2691 644 de
2728 577 3029 644 thalamo

1834 689 2135 752 egressus
2218 669 2683 734 honestissima
2755 668 3031 752 virginis

1834 759 2063 822 matris
2086 758 2397 823 clausula.
2492 757 2701 840 Cujus
2724 755 2876 821 forti
2908 777 3027 840 po-
3056 788 3065 798 -

547 861 726 914 cetur
742 849 822 912 de
847 870 912 911 eo
937 871 962 910 .·
1007 858 1082 911 ut
1095 857 1278 930 patet
1298 848 1367 910 in
1400 845 1620 930 regula
1648 843 1745 908 ad
1832 847 2041 911 tentie
2108 868 2283 930 genu
2360 857 2713 910 curvantur
2800 845 3027 908 omnia

549 941 689 1020 olives
719 939 987 1018 festum.
1095 935 1164 998 E
1167 935 1226 998 t¹
1260 936 1437 1017 festo
1493 943 1741 998 sancto-

551 1049 698 1090 rum
737 1024 1032 1090 crisanti
1059 1025 1128 1087 &
1169 1025 1383 1088 Dario
1398 1048 1424 1086 .·
1466 1033 1529 1087 et
1561 1023 1739 1104 festo

546 1115 760 1178 sancti
803 1113 1161 1176 Saturnini
1203 1123 1566 1192 martyrum
1596 1133 1623 1176 .·
1677 1110 1744 1174 si

550 1203 738 1284 infra
767 1202 1117 1264 adventum
1147 1202 1482 1264 evenerint.

555 1297 616 1370 (Ι
663 1289 1046 1354 Notandum
1076 1289 1248 1370 quod
1285 1289 1472 1370 infra
1499 1288 1741 1350 adven-

551 1391 692 1442 tum
723 1379 974 1442 domini
998 1376 1247 1441 dicetur
1291 1377 1370 1440 de
1394 1377 1697 1458 apostolis
1714 1399 1740 1439 .-

552 1469 631 1531 de
671 1477 893 1530 sancto
932 1467 1208 1529 wilelmo
1233 1487 1258 1527 .·
1301 1476 1364 1529 et
1398 1467 1480 1529 de
1533 1464 1741 1528 domi-

553 1577 640 1619 na
661 1579 684 1620 .·
729 1565 808 1617 ut
833 1565 1100 1618 notatur
1140 1555 1327 1634 infra
1367 1554 1438 1616 in
1479 1553 1740 1616 rubrica

539 1654 691 1726 post
753 1643 1096 1707 historiam
1167 1642 1455 1705 Domine
1531 1662 1616 1704 ne
1674 1642 1743 1704 in

551 1733 692 1797 ira.²

553 1827 618 1899 (Ι
668 1819 846 1885 Ordo
893 1817 1084 1902 officii
1133 1817 1202 1880 in
1248 1818 1478 1899 prima
1535 1818 1742 1881 domi-

548 1911 693 1972 nica
735 1907 1050 1971 adventus
1089 1906 1368 1970 domini:
1454 1907 1578 1970 Aa’
1607 1928 1741 1970 ves-

533 2009 747 2080 peras,
781 2005 884 2058 αῆ.
935 1995 1342 2059 Benedictus
1375 2005 1473 2078 pi
1510 1996 1740 2079 Ipsum

547 2095 747 2149 cetera
795 2094 870 2146 ut
917 2087 988 2148 in
1033 2085 1361 2165 psalterio.
1465 2085 1550 2147 In
1605 2105 1740 2146 ves-

532 2175 718 2258 peris
745 2175 824 2236 de
843 2171 1067 2251 feri2.³
1353 2171 1740 2255 Capitulum.

565 2263 879 2394 Venite
925 2260 1358 2324 ascendamus
1406 2260 1491 2323 ad
1553 2283 1740 2324 mon-

683 2361 818 2415 tem
841 2351 1127 2415 domini:
1148 2350 1317 2413 etad
1336 2350 1611 2413 domum
1633 2351 1741 2414 dei

541 2440 780 2522 jacob:
825 2448 892 2501 et
922 2439 1190 2501 docebit
1219 2457 1341 2500 nos
1371 2439 1514 2500 vias
1543 2459 1697 2501 suas
1726 2459 1741 2500 :

548 2537 618 2593 et
648 2526 1138 2592 ambulabimus
1176 2526 1240 2588 in
1275 2527 1525 2589 semitis
1557 2526 1699 2608 ejus
1726 2546 1741 2589 :

549 2618 708 2699 quia
754 2617 840 2679 de
885 2636 1052 2696 syon
1090 2614 1305 2677 exibit
1350 2614 1464 2678 lex
1505 2624 1569 2677 et
1601 2634 1745 2677 ver-

550 2705 709 2768 bum
738 2704 992 2767 domini
1017 2703 1100 2765 de
1125 2701 1560 2766 hierusalem.⁴
1627 2704 1741 2766 Re.

553 2794 728 2857 Ecce
751 2794 892 2855 dies
915 2792 1180 2854 venient
1203 2791 1362 2854 dicit
1397 2792 1706 2856 dominus
1732 2815 1745 2856 ε

553 2883 614 2946 81
668 2881 1002 2945 suscitabo
1050 2878 1248 2942 david
1293 2900 1562 2961 germen
1607 2882 1747 2962 jus-

551 2981 736 3035 tum:
784 2970 843 3033 8z
865 2968 1166 3051 regnabit
1187 2988 1344 3032 rex:
1393 2968 1452 3031 8z
1479 2970 1743 3051 sapiens

552 3060 674 3123 erit
699 3081 737 3130 ε,
760 3068 828 3122 et
858 3057 1057 3120 faciet
1094 3055 1414 3138 judicium
1459 3065 1526 3120 et
1552 3056 1745 3139 justi-

553 3150 726 3212 ciam
761 3149 824 3209 in
858 3155 1046 3209 terra.
1112 3146 1201 3208 Et
1219 3143 1347 3209 hoc
1371 3155 1472 3209 est
1498 3167 1742 3210 nomen

554 3238 733 3317 quod
795 3234 1129 3298 vocabunt
1205 3254 1356 3296 eum
1432 3235 1743 3298 dominus

547 3326 767 3407 justus
799 3332 1036 3386 noster.
1127 3319 1178 3394 Ῡ
1228 3322 1306 3385 In
1351 3322 1584 3385 diebus
1618 3324 1744 3386 illis

553 3412 918 3477 salvabitur
931 3411 1096 3493 juda
1125 3432 1138 3474 ε
1191 3410 1250 3473 8z
1276 3410 1464 3473 israel
1487 3411 1744 3475 habita·

553 3502 656 3565 bit
680 3499 1099 3565 confidenter.
1149 3498 1239 3561 Et
1270 3498 1394 3562 hoc
1419 3509 1538 3563 est.
1586 3500 1743 3564 Glo-

559 3592 652 3653 ria
682 3590 872 3673 patri.
951 3588 1041 3651 Et
1075 3587 1216 3651 hoc.
1419 3588 1741 3668 Hymnus.

678 3678 945 3742 onditor
974 3676 1148 3740 alme
1181 3675 1495 3758 syderum
1516 3685 1745 3741 eterna

671 3768 791 3831 lux
849 3765 1256 3830 credentium
1329 3764 1590 3830 Christe
1651 3787 1750 3829 re-

555 3856 866 3937 demptor
894 3855 1191 3918 omnium
1235 3854 1482 3918 exaudi
1518 3875 1747 3936 preces

555 3944 944 4027 supplicum.
1041 3942 1164 4019 Qui
1190 3942 1551 4005 condolens
1582 3944 1748 4006 inte-

559 4035 683 4095 ritu
732 4032 962 4094 mortis
1007 4031 1214 4111 perire
1267 4029 1558 4094 seculum
1613 4031 1747 4094 sal-

556 4122 725 4184 vasti
748 4119 1067 4181 mundum
1089 4118 1475 4198 languidum
1486 4120 1745 4183 donans

558 4210 684 4273 reis
717 4206 1100 4272 remedium.
1156 4206 1478 4289 Vergente
1513 4210 1743 4272 mundi

759 4395 772 4423 ¹
814 4397 1022 4455 ‘excepto
1035 4390 1048 4415 ’
1073 4391 1176 4439 add
1184 4407 1202 4439 .·
1234 4391 1302 4439 E.
1315 4390 1370 4439 G.

753 4460 775 4489 ²
815 4464 828 4486 ‘
842 4466 886 4507 et
907 4458 1082 4522 infime
1115 4458 1304 4505 rubrice
1323 4458 1381 4505 de
1401 4458 1519 4521 {bs-ir
1539 4476 1875 4511 commemora-

685 4525 939 4585 taebnt'bus‚'
961 4526 1088 4573 add:
1122 4525 1190 4573 E.
1205 4525 1260 4572 G.

753 4596 772 4623 ⁸
795 4599 892 4655 pro
920 4591 1072 4655 ‘stria
1091 4592 1102 4613 ’
1125 4590 1348 4641 sabbato:
1387 4591 1523 4640 ΕΚΘ.

1834 936 2101 999 celestia
2159 935 2487 1000 terrestria
2528 945 2690 999 nutu
2737 933 3029 997 fatentur

1836 1024 2125 1089 subdita.
2236 1023 2328 1089 Te
2388 1024 2820 1106 deprecamur
2876 1022 3025 1103 agie

1835 1123 2109 1176 venture
2165 1111 2379 1194 judex
2446 1112 2647 1176 seculi
2710 1131 3027 1175 conserva

1838 1222 1957 1264 nos
1990 1202 2055 1264 in
2081 1210 2381 1283 tempore
2410 1199 2617 1264 hostis
2642 1221 2681 1263 a
2712 1200 2847 1264 telo
2880 1219 3025 1281 per-

1835 1289 1969 1353 fidi.
2060 1289 2242 1353 Laus
2295 1289 2507 1352 honor
2552 1291 2758 1353 virtus
2816 1287 3029 1370 gloria

1836 1378 1965 1441 deo
2012 1379 2181 1460 patri
2233 1377 2292 1442 8ῑ
2346 1377 2482 1441 filio
2540 1387 2772 1441 sancto
2830 1376 3027 1440 simul

1838 1467 2158 1550 paraclito
2206 1467 2270 1529 in
2334 1467 2737 1549 sempiterna
2788 1462 3025 1528 secula.

1839 1554 2081 1618 Amen.
2170 1555 2479 1635 Hymnus
2508 1556 2631 1617 iste
2653 1575 2795 1617 cum
2828 1553 3030 1617 versi-

1839 1643 1976 1706 culo
2016 1655 2305 1725 sequente
2344 1643 2441 1706 ad
2484 1663 2697 1706 omnes
2740 1653 3031 1724 vesperas

1838 1731 1921 1794 de
1974 1731 2251 1794 adventu
2326 1753 2521 1814 usque
2576 1730 2672 1795 ad
2724 1730 3029 1813 vigiliam

1842 1821 2217 1883 nativitatis
2289 1820 2545 1884 domini
2610 1819 2913 1884 dicatur!⁵
2978 1819 3025 1894 Ϋ

1846 1909 2097 1973 Rorate
2148 1908 2271 1972 celi
2320 1910 2617 1991 desuper.
2698 1909 2787 1972 Et
2821 1907 3027 1971 nubes

1841 1996 2076 2080 pluant
2121 1997 2419 2080 justum:
2477 1997 2807 2080 aperiatur
2854 2007 3031 2060 terra

1842 2095 1909 2150 et
1982 2088 2309 2168 germinet
2389 2085 2801 2149 salvatorem.
2944 2085 3029 2147 In

1838 2175 2161 2256 evangelio
2203 2184 2308 2239 aii.
2414 2175 2588 2239 Ecce
2624 2194 2865 2237 nomen
2910 2175 3032 2238 do-

1842 2265 2002 2325 mini
2025 2263 2206 2326 venit
2230 2265 2315 2327 de
2346 2263 2709 2345 longinquo
2736 2285 2752 2326 :
2798 2273 2865 2326 et
2896 2262 3029 2326 cla·

1843 2353 1999 2415 ritas
2030 2351 2171 2432 ejus
2203 2351 2411 2434 replet
2432 2353 2657 2416 orbem
2690 2361 3032 2414 terrarum.

1827 2449 1927 2521 pff.
1962 2438 2357 2520 magnificat.
2784 2439 3032 2504 Oratio.

1844 2529 2171 2661 Excita
2287 2528 2555 2592 domine
2663 2529 3029 2613 potentiam

1992 2627 2177 2680 tuam
2282 2617 2341 2683 &
2440 2619 2642 2682 veni:
2764 2628 2837 2681 ut
2944 2618 3031 2679 ab

1846 2706 2339 2770 imminentibus
2398 2716 2819 2788 peccatorum
2882 2726 3031 2769 nos·

1845 2804 2095 2856 trorum
2154 2795 2457 2877 periculis
2530 2806 2597 2879 te
2664 2814 3033 2858 mereamur

1844 2891 2232 2964 protegente
2292 2885 2504 2967 eripi:
2572 2893 2639 2946 te
2713 2883 3031 2946 liberante

1845 2970 2097 3034 salvari.
2209 2971 2343 3054 Qui
2415 2972 2595 3035 vivis,
2704 2971 3034 3034 Memoria

1841 3059 1923 3123 a'e
1990 3059 2269 3123 domina.
2382 3061 2445 3123 A
2458 3069 2517 3123 ii.
2628 3060 2872 3123 Missus
2932 3068 3034 3122 est

1843 3148 2091 3229 gabriel
2134 3150 2407 3230 angelus
2452 3150 2536 3212 ad
2587 3150 2862 3211 mariam
2908 3148 3035 3211 vir-

1844 3238 2066 3317 ginem
2116 3238 2587 3320 desponsatam
2636 3236 2891 3319 joseph.
2984 3235 3035 3310 Ῡ

1848 3325 2244 3406 Egredietur
2273 3328 2475 3408 virga.
2524 3327 2614 3389 Et
2646 3325 2785 3389 flos,
2884 3324 3031 3389 Οἴα.

1844 3416 2117 3545 Deus
2195 3416 2308 3496 qui
2387 3415 2472 3477 de
2555 3415 2752 3478 beate
2830 3414 3035 3476 marie

1997 3503 2267 3585 virginis
2308 3513 2495 3566 utero
2540 3505 2811 3566 verbum
2843 3513 3032 3567 tuum

1844 3590 2083 3671 angelo
2154 3594 2510 3655 nunciante
2568 3612 2832 3654 carnem
2895 3611 3035 3652 sus-

1850 3678 2067 3760 cipere
2162 3681 2466 3744 voluisti:
2555 3689 2777 3762 presta
2880 3700 3038 3761 sup-

1851 3767 2129 3849 plicibus
2178 3770 2349 3832 tuis:
2394 3778 2469 3832 ut
2512 3770 2625 3851 qui
2678 3790 2830 3831 vere
2883 3788 3032 3830 eam

1848 3856 2234 3937 genitricem
2296 3857 2402 3919 dei
2452 3858 2829 3921 credimus:
2891 3858 3035 3937 ejus

1849 3945 2025 4026 apud
2072 3954 2142 4008 te
2217 3946 2788 4010 intercessionibus
2849 3945 3035 4025 adju-

1846 4053 2091 4097 vemur.
2208 4035 2331 4097 Per
2404 4034 2706 4098 eundem.
2809 4039 2870 4112 (Ι
2940 4034 3041 4096 Et

1844 4122 2166 4185 sciendum
2192 4123 2366 4205 quod
2388 4124 2694 4185 memoria
2717 4124 2796 4186 de
2820 4131 3039 4185 sancto

1844 4211 1907 4273 A
1919 4211 2117 4273 ndrea
2190 4214 2254 4275 si
2322 4211 2589 4275 eadem⁸
2607 4212 2717 4275 die
2785 4210 3043 4273 sabbati

2040 4400 2058 4427 ⁴
2099 4398 2241 4446 ‘Deo
2264 4398 2475 4461 gratias’
2499 4400 2596 4448 add
2625 4418 2637 4448 z
2671 4399 2897 4448 E.G.w.

2043 4467 2063 4493 ⁵
2104 4466 2256 4512 ‘Iste'
2280 4466 2413 4514 add:
2452 4468 2509 4515 G.

2043 4532 2062 4559 ⁸
2092 4532 2277 4579 eodem:
2322 4532 2397 4580 W.
