3375 5100
1593 313 2016 405 DoanscA

1064 456 1197 512 281

512 559 838 644 principio
884 561 1197 626 horarum
1227 562 1355 626 loco
1385 562 1539 626 all'a
1566 563 1730 626 dice-

529 660 643 712 tur
674 650 852 713 Laus
916 651 1039 714 tibi
1094 651 1365 714 domine
1416 661 1521 715 etc.
1596 652 1732 714 Αῆ.

531 738 947 803 Benedictus,
1040 749 1143 820 ps.
1209 740 1458 821 Ipsum.
1576 739 1726 820 Cap.

533 827 933 890 Benedictus
982 827 1145 890 deus
1194 837 1262 890 et
1317 837 1522 909 pater.
1612 829 1730 891 Re.

531 915 744 996 Igitur
773 915 1063 997 perfecti.
1154 917 1476 996 Hymnus:
1543 915 1729 978 Deus

526 1012 799 1067 creator.
902 1021 950 1088 γ
1024 1004 1423 1086 Vespertina
1496 1005 1727 1067 oratio,

527 1091 611 1153 In
642 1092 968 1172 evangelio
996 1100 1101 1154 ari.
1154 1092 1580 1155 Plantaverat
1612 1113 1728 1155 au-

522 1188 663 1241 tem
730 1180 1045 1243 dominus
1104 1179 1269 1242 deus
1344 1180 1724 1261 paradisum

526 1267 891 1348 voluptatis
966 1289 1005 1330 a
1082 1269 1403 1349 principio
1464 1269 1529 1330 in
1592 1289 1728 1350 quo

528 1356 748 1435 posuit
782 1355 1119 1418 hominem
1168 1377 1367 1436 quem
1399 1355 1727 1418 formave-

526 1452 642 1505 rat.
720 1453 821 1524 ps.
859 1443 1264 1525 Magnificat.
1477 1444 1724 1508 Oratio,

680 1551 858 1594 reces
918 1532 1147 1614 populi
1210 1531 1303 1594 tui
1364 1552 1726 1613 quesumus

677 1619 950 1682 domine
1013 1619 1373 1684 clementer
1432 1622 1724 1684 exaudi:

522 1715 595 1769 ut
628 1707 741 1788 qui
780 1707 960 1788 juste
1012 1728 1132 1789 pro
1164 1709 1453 1790 peccatis
1484 1711 1726 1772 nostris

520 1794 874 1876 affligimur
904 1817 1023 1877 pro
1069 1798 1163 1858 tui
1198 1797 1483 1860 nominis
1513 1797 1725 1878 gloria

524 1884 1033 1946 misericorditer
1124 1884 1489 1950 liberemur.
1601 1886 1727 1948 Per

524 1970 896 2036 dominum.

612 2059 739 2121 Ad
760 2070 961 2124 matu.
986 2060 1218 2124 invita.
1318 2061 1722 2144 Preoccupe-

525 2167 673 2209 mus
748 2147 985 2212 faciem
1062 2150 1332 2213 domini.
1472 2150 1564 2212 Et
1654 2151 1722 2212 in

519 2235 796 2317 psalmis
820 2237 1181 2316 jubilemus
1204 2238 1281 2300 ei.
1328 2247 1427 2319 ps.
1460 2238 1722 2301 Venite.

518 2344 717 2404 usque
777 2324 1067 2389 Salutari
1128 2335 1370 2388 nostro.
1460 2335 1523 2388 et
1573 2336 1728 2388 tunc

518 2421 841 2493 repetatur
868 2413 1099 2476 invita.
1178 2414 1719 2495 PreoccupemuS.

521 2520 564 2561 a
594 2499 793 2565 chore.
866 2519 914 2587 γ
961 2500 1298 2583 Quoniam
1330 2503 1498 2566 deus
1532 2523 1720 2585 mag-

522 2608 663 2651 nus,
696 2598 801 2651 etc.
848 2590 1162 2669 Hymnus
1208 2591 1428 2653 Primo
1461 2591 1718 2654 dierum

522 2677 841 2739 omnium.
917 2678 1001 2740 In
1030 2679 1251 2758 primo
1282 2688 1585 2742 nocturno
1613 2687 1720 2742 αῆ.

524 2764 799 2829 Servite.
876 2774 975 2844 ps'.
1025 2765 1269 2829 Beatus
1316 2767 1429 2829 vir.
1475 2776 1582 2829 etc.
1674 2784 1721 2851 y

525 2852 789 2915 Memor
818 2852 927 2915 fui.
974 2854 1491 2917 penthatheucus
1519 2856 1726 2935 moysi

524 2940 881 3019 incipiatur
932 2951 995 3003 et
1050 2942 1309 3023 legatur
1362 2964 1562 3024 usque
1631 2944 1728 3006 ad

507 3028 877 3108 passionem
908 3029 1195 3092 domini:
1232 3041 1475 3111 excepta
1490 3032 1720 3113 prima

522 3115 918 3178 hebdomada
944 3117 1031 3179 xl.
1065 3128 1127 3181 et
1152 3119 1445 3181 addatur
1477 3120 1543 3182 si
1566 3130 1722 3202 opus

518 3205 731 3282 ficerit
758 3206 953 3286 josue
974 3229 998 3267 .·
1023 3206 1359 3286 judicium
1382 3232 1405 3271 .·
1454 3218 1517 3270 et
1546 3209 1717 3272 rutlz.

632 3313 674 3355 n
725 3295 1048 3376 principio
1107 3297 1355 3358 creavit
1477 3295 1719 3380 [Lecj.

629 3381 791 3444 deus
834 3382 1047 3445 celum
1100 3393 1165 3447 et
1216 3393 1499 3448 terram:
1547 3394 1720 3448 terra

524 3478 751 3532 autem
786 3480 929 3534 erat
961 3472 1176 3536 inanis
1230 3481 1299 3534 et
1351 3493 1603 3535 vacua:
1651 3483 1720 3536 et

520 3559 792 3621 tenebre
899 3568 1089 3625 erant
1192 3581 1391 3641 super
1481 3561 1717 3625 faciem

518 3647 778 3727 abyssi:
824 3656 892 3710 et
939 3649 1203 3729 spiritus
1250 3648 1505 3711 domini
1552 3650 1717 3712 fere-

518 3733 1154 3818 batursuperaquas.
1184 3737 1509 3818 Dixitque
1534 3737 1715 3802 deus,

519 3822 671 3885 Fiat
704 3823 838 3886 lux.
934 3824 1026 3886 Et
1058 3824 1233 3887 facta
1265 3834 1367 3888 est
1400 3824 1534 3887 lux.
1624 3827 1716 3891 Et

514 3911 682 3973 vidit
714 3912 878 3973 deus
911 3910 1127 3974 lucem
1178 3915 1356 3995 quod
1392 3924 1565 3977 esset
1596 3916 1717 3978 bo-

516 4018 645 4061 na:
695 4008 762 4061 et
815 4000 1039 4061 divisit
1089 4000 1301 4063 lucem
1336 4022 1375 4064 a
1405 4003 1713 4067 tenebris,

514 4085 1044 4168 Appellavitque
1107 4087 1320 4153 lucem
1382 4091 1598 4155 diem:
1644 4104 1714 4155 et

513 4174 826 4237 tenebras
894 4185 1173 4240 noctem.
1300 4179 1715 4261 Factumque

510 4272 613 4325 est
663 4284 936 4346 vespere
989 4274 1057 4327 et
1110 4286 1304 4329 mane
1336 4268 1479 4329 dies
1527 4288 1712 4332 unus,

508 4351 624 4414 Re.
652 4351 728 4414 In
764 4352 1086 4435 principio
1110 4353 1266 4419 fecit
1296 4356 1461 4418 deus
1493 4357 1712 4420 celum

676 4525 688 4555 ¹
730 4498 869 4574 Dikit
896 4541 1124 4589 quoque:
1164 4526 1384 4576 E.G.W.

1638 4531 1657 4559 ²
1695 4529 1930 4592 Dixitque
1958 4546 1968 4581 :
1992 4528 2072 4578 w.

2341 455 2497 512 232

1833 573 1901 628 et
1933 573 2221 628 terram:
2266 572 2336 626 et
2365 562 2614 626 creavit
2660 561 2728 623 in
2783 581 2864 625 ea
2912 560 3032 624 ho-

1837 654 2124 715 minem:
2172 651 2286 715 Ad
2335 651 2696 732 imaginem
2747 659 2815 712 et
2845 649 3029 712 simi-

1833 739 2184 804 litudinem
2245 759 2453 803 suam.
2575 755 2623 822 γ
2685 738 3028 801 Formavit

1833 829 2034 910 igitur
2063 829 2372 893 dominus
2395 826 2736 890 hominem
2757 826 2843 887 de
2868 824 3028 887 limo

1830 926 2044 979 terre:
2111 925 2178 979 et
2240 915 2583 997 inspiravit
2659 916 2726 976 in
2788 912 3024 976 faciem

1829 1003 1972 1084 ejus
2003 1003 2402 1088 spiraculum
2433 1005 2586 1066 vite.
2641 1002 2755 1064 Ad
2789 1002 3026 1082 imagi-

1831 1112 2001 1155 nern.
2712 1089 2926 1152 Lectio
2957 1091 3028 1169 ij.

1827 1179 2274 1312 Dixitque¹
2340 1179 2546 1242 deus:
2603 1179 2756 1241 Fiat
2808 1177 3027 1240 firma-

1983 1279 2283 1331 mentum
2335 1267 2400 1329 in
2451 1266 2671 1329 medio
2703 1286 3024 1346 aquarum

1826 1366 1895 1419 et
1939 1357 2197 1419 dividat
2245 1376 2452 1438 aquas
2499 1355 2586 1417 ab
2635 1355 2840 1434 aquiS.
2935 1354 3024 1417 Et

1826 1443 1982 1508 fecit
2036 1446 2201 1508 deus
2255 1444 2790 1506 firmamentum:
2855 1442 3022 1504 divi-

1827 1533 2046 1615 sitque
2067 1553 2273 1614 aquas
2297 1552 2426 1613 que
2447 1539 2633 1594 erant
2658 1530 2782 1592 sub
2809 1529 3026 1592 firma-

1827 1631 2056 1684 mento
2105 1621 2190 1683 ab
2251 1620 2354 1682 his
2413 1641 2544 1701 que
2593 1627 2780 1681 erant
2829 1638 3025 1699 super

1826 1708 2336 1772 firmamentum.
2461 1709 2548 1770 Et
2609 1706 2857 1769 factum
2921 1715 3024 1768 est

1825 1798 1934 1860 ita.
2025 1797 2446 1878 Vocavitque
2520 1794 3016 1857 firmamentum

1826 1886 2083 1948 celum:
2135 1887 2230 1948 Et
2291 1884 2542 1946 factum
2597 1892 2698 1945 est
2746 1903 3020 1963 vespere

1823 1983 1893 2036 et
1925 1994 2120 2036 mane
2151 1973 2294 2035 dies
2338 1971 2684 2035 secunduS.
2773 1971 2890 2034 Re.
2943 1971 3022 2032 In

1821 2062 2148 2144 principio
2196 2062 2362 2124 deus
2411 2059 2656 2122 creavit
2706 2056 2922 2121 celum
2955 2068 3022 2120 et

1807 2159 2066 2213 ‘terram
2098 2171 2112 2213 :
2159 2158 2227 2212 et
2272 2149 2540 2231 spiritus
2571 2147 2824 2209 domini
2860 2146 3025 2208 fere-

1823 2239 2022 2302 batur
2049 2258 2245 2320 super
2276 2257 2500 2319 aquas,
2551 2235 2640 2297 Et
2661 2235 2827 2296 vidit
2856 2234 3026 2296 deus

1820 2336 2061 2389 cuncta
2092 2346 2220 2407 que
2244 2325 2488 2388 fecerat
2519 2332 2588 2386 et
2611 2332 2796 2386 erant
2827 2321 3024 2384 valde

1823 2415 2014 2477 bona.
2079 2431 2127 2498 γ
2162 2415 2375 2495 Igitur
2405 2411 2678 2494 perfecti
2710 2419 2865 2473 sunt
2899 2411 3022 2472 celi

1822 2512 1887 2566 et
1909 2512 2080 2566 terra
2107 2523 2120 2565 2
2152 2513 2219 2566 et
2241 2502 2458 2565 omnis
2477 2508 2749 2564 ornatus
2773 2518 3020 2561 eorum.

1823 2592 1914 2655 Et
1946 2593 2127 2655 vidit.
2679 2587 2893 2651 Lectio
2925 2586 3022 2669 iij.

1821 2680 2140 2811 Dixit²
2169 2700 2326 2743 vero
2355 2678 2557 2740 deus:
2598 2676 3024 2757 congregen-

1977 2778 2085 2831 tur
2133 2788 2304 2850 aque
2349 2788 2478 2847 que
2525 2765 2648 2827 sub
2693 2765 2836 2827 celo
2869 2773 3023 2825 sunt

1821 2856 1887 2919 in
1950 2855 2169 2919 locum
2231 2875 2436 2917 unum
2468 2876 2482 2917 :
2559 2862 2625 2916 et
2703 2861 3024 2933 appareat

1821 2945 2023 3007 arida.
2117 2946 2530 3023 Factumque
2579 2949 2680 3003 est
2728 2941 2839 3002 ita.
2935 2940 3023 3001 Et

1820 3033 2082 3095 vocavit
2160 3032 2323 3094 deus
2400 3030 2654 3093 aridam
2730 3037 2972 3090 terram
3007 3048 3021 3093 :

1823 3121 2503 3202 congregationesque
2548 3137 2869 3199 aquarum
2906 3136 3024 3196 ap-

1823 3208 2094 3290 pellavit
2157 3210 2382 3270 maria.
2477 3208 2567 3269 Et
2628 3205 2799 3267 vidit
2858 3204 3024 3266 deus

1822 3298 2003 3378 quod
2037 3306 2210 3360 esset
2242 3298 2512 3359 bonum.
2571 3294 2662 3356 Et
2693 3293 2824 3355 ait:
2860 3292 3023 3356 Ger·-

1822 3387 2031 3448 minet
2060 3394 2236 3447 terra
2267 3384 2542 3446 herbam
2590 3383 2916 3444 virentem
2949 3388 3020 3441 et

1821 3473 2174 3536 facientem
2265 3492 2493 3535 semen
2532 3491 2546 3533 :
2621 3478 2689 3532 et
2767 3468 3018 3549 lignum

1819 3562 2214 3643 pomiferum
2235 3560 2483 3625 faciens
2505 3559 2790 3621 fructum
2818 3557 3021 3637 juxta

1818 3670 2029 3731 genus
2089 3670 2320 3714 suum:
2383 3647 2570 3727 cujus
2646 3665 2872 3709 semen
2951 3645 3016 3706 in

1818 3740 2175 3821 semetipso
2206 3739 2292 3800 sit
2324 3756 2520 3817 super
2573 3742 2832 3797 terram.
2927 3732 3018 3795 Et

1816 3827 2066 3890 factum
2100 3836 2200 3889 est
2231 3827 2341 3888 ita.
2431 3824 2551 3887 Re.
2599 3824 2815 3903 Igitur
2867 3841 3014 3901 per-

1815 3914 1970 3979 fecti
2001 3924 2154 3978 sunt
2186 3913 2305 3978 celi
2340 3922 2406 3975 et
2453 3922 2626 3975 terra
2679 3919 2746 3972 et
2800 3910 3019 3972 omnis

1815 4013 2085 4066 ornatus
2107 4022 2333 4065 eorum
2355 4023 2368 4065 :
2395 4000 2882 4081 complevitque
2904 3997 3020 4059 de-

1822 4112 1896 4154 us
1927 4092 2036 4154 die
2069 4092 2358 4173 septimo
2391 4110 2560 4172 opus
2609 4107 2803 4151 suum
2837 4085 3016 4168 quod

1819 4180 2078 4243 fecerat.
2174 4180 2267 4242 Et
2316 4177 2637 4259 requievit
2691 4175 2778 4239 ab
2838 4172 3020 4237 omni

1817 4267 2156 4351 tempore-³
2187 4267 2365 4349 quod
2389 4273 2701 4349 patrarat.
2734 4281 2782 4348 γ
2802 4262 3019 4326 Vidit-

1815 4378 1946 4439 que
1994 4357 2160 4420 deus
2209 4365 2449 4419 cuncta
2498 4375 2626 4435 que
2661 4352 2906 4415 fecerat
2951 4360 3019 4413 et

2349 4530 2366 4557 ³
2401 4542 2549 4591 opere
2571 4545 2580 4574 ε
2620 4526 2676 4574 Ε.
2689 4525 2750 4574 G.
2761 4525 2840 4573 W.
