3375 5100
1326 349 1519 404 DOM
1518 348 1652 404 IN!
1651 349 1700 404 C
1695 349 1751 403 Α
1807 347 2201 403 SECUNDA

1050 455 1209 512 299

520 563 701 628 Dum
736 563 860 628 iret
898 562 1099 646 jacob
1128 565 1213 628 de
1246 562 1605 628 bersabee:
1651 571 1721 627 et

520 662 826 736 pergeret
854 673 1036 717 aram
1072 652 1332 716 locutus
1356 663 1459 716 est
1478 653 1537 716 ei
1559 653 1722 716 deus

519 743 764 804 dicens,
854 742 1129 805 Terram
1182 742 1247 804 in
1298 762 1432 824 qua
1471 739 1722 805 dormis

520 831 643 894 tibi
675 829 854 893 dabo
886 839 953 893 et
986 829 1219 892 semini
1254 837 1387 893 tuo,
1480 845 1529 902 v
1561 829 1724 893 Edi-

521 917 744 982 ficavit
775 918 864 981 ibi
890 917 1091 999 jacob
1144 938 1232 980 ex
1265 916 1599 999 lapidibus
1630 916 1728 981 al-

522 1015 663 1070 tare
696 1006 765 1069 in
796 1004 1117 1069 honorem
1150 1006 1402 1069 domini
1442 1007 1725 1069 fundens

522 1094 747 1158 oleum
781 1095 1109 1176 desuper:
1157 1103 1225 1157 et
1264 1094 1616 1158 benedixit
1665 1094 1725 1157 ei

522 1183 719 1246 deus¹
755 1183 999 1246 dicens.
1060 1181 1355 1246 Terram.
1419 1182 1637 1246 Lectio
1666 1204 1726 1247 v.

536 1272 954 1405 Certamen
988 1271 1159 1334 inter
1178 1271 1410 1334 fratres
1442 1271 1505 1334 in
1539 1280 1730 1334 utero

653 1359 943 1442 geritur:
990 1358 1239 1423 bellum
1294 1359 1465 1422 inter
1495 1359 1730 1425 natos²

525 1447 1011 1511 committitur:
1100 1455 1405 1511 materna
1476 1448 1731 1512 viscera

526 1537 946 1618 quatiuntur:
968 1555 1088 1598 nec
1102 1537 1186 1600 ad
1208 1544 1391 1599 ortus
1410 1534 1733 1619 principia

528 1633 923 1707 properatur
978 1624 1095 1687 sed
1158 1633 1317 1687 ante
1366 1624 1730 1707 principia:

526 1732 703 1775 nova
727 1713 1089 1776 certamina
1109 1712 1543 1778 celebrantur.
1572 1712 1734 1777 Vel-

527 1801 659 1864 lem
694 1821 927 1864 causas
960 1801 1130 1864 tanti
1162 1802 1543 1866 certaminis
1576 1821 1732 1864 nos-

528 1909 693 1953 cere.
803 1888 972 1972 Quis
1048 1900 1299 1953 certare
1374 1890 1734 1954 docuerat:

528 1978 678 2061 quis
721 1997 1019 2060 pugnare
1052 1978 1503 2043 monstrarat?
1595 1976 1732 2043 Sed

531 2075 765 2130 notum
812 2075 916 2130 est
954 2067 1211 2131 cunctis
1268 2068 1547 2130 istorum
1596 2087 1733 2132 cer·

528 2155 781 2219 tamine
833 2154 1111 2218 fratrum
1167 2175 1401 2219 causas
1448 2155 1734 2220 duorum

530 2243 817 2326 exprimi
880 2243 1293 2327 populorum.
1385 2244 1501 2310 Re.
1550 2244 1733 2308 Dum

531 2333 745 2395 exiret
792 2331 994 2414 jacob
1041 2332 1126 2395 de
1156 2341 1332 2397 terra
1362 2352 1522 2397 sua:
1566 2333 1736 2396 vidit

531 2420 813 2503 gloriam
846 2421 953 2484 dei
986 2430 1054 2485 et
1104 2421 1236 2485 ait:
1282 2420 1505 2503 Quam
1549 2421 1734 2484 terri-

532 2508 683 2573 bilis
714 2518 815 2573 est
848 2507 1071 2573 locus⁸
1116 2510 1281 2573 iste:
1328 2530 1462 2574 non
1494 2518 1596 2575 est
1626 2509 1734 2574 hic

533 2597 715 2661 aliud
777 2596 902 2659 nisi
962 2598 1204 2661 domus
1263 2598 1371 2661 dei
1420 2608 1489 2662 et
1540 2608 1736 2681 porta

532 2685 675 2749 celi.
734 2702 779 2771 γ
808 2685 982 2750 Vere
1014 2686 1324 2749 dominus
1355 2696 1457 2750 est
1488 2687 1553 2750 in
1587 2686 1738 2751 loco

535 2773 664 2836 isto
713 2782 781 2835 et
834 2792 962 2855 ego
1007 2774 1400 2839 nesciebam.
1494 2774 1736 2859 Quam.

530 2861 932 2993 Denique
963 2861 1324 2945 interrogat
1372 2860 1621 2950 [Lectio
1651 2864 1736 2946 vj.

692 2949 1055 3013 dominum.
1148 2950 1329 3034 Quid
1372 2961 1473 3015 est
1523 2952 1740 3035 inquit

534 3038 808 3101 domine
884 3038 1099 3102 istud⁴
1175 3041 1354 3122 quod
1432 3041 1682 3123 geritur
1715 3041 1740 3106 ?

538 3127 718 3209 Quid
754 3134 855 3189 est
897 3128 1078 3209 quod
1135 3127 1201 3191 in
1255 3138 1443 3192 utero
1490 3150 1641 3193 meo
1671 3138 1741 3193 te

537 3225 709 3279 teste
784 3216 1150 3279 tractatur?
1248 3216 1429 3299 Quid
1506 3216 1741 3281 facturi

538 3312 696 3366 sunt
716 3304 854 3366 nati
882 3305 996 3385 qui
1020 3305 1112 3367 sic
1134 3303 1471 3370 luctantur
1492 3307 1742 3371 innati?

537 3391 685 3455 Aut
706 3413 837 3474 que
857 3403 1163 3457 natorum
1184 3396 1539 3477 suscipiam
1554 3403 1744 3461 vota:

536 3501 691 3544 cum
768 3481 861 3544 sic
936 3480 1297 3546 luctamine
1360 3484 1742 3547 innatorum

540 3570 899 3633 concutior.
998 3570 1157 3634 Duo
1186 3581 1340 3636 sunt
1371 3572 1591 3654 inquit
1621 3574 1741 3636 do-

540 3658 759 3720 minus
821 3658 1048 3742 populi
1103 3662 1171 3723 in
1228 3670 1416 3725 utero
1470 3670 1625 3725 tuo:
1674 3670 1742 3725 et

538 3746 671 3810 due
714 3756 947 3829 gentes
1002 3748 1086 3812 de
1133 3758 1364 3813 ventre
1412 3758 1529 3813 tuo
1576 3750 1742 3814 divi-

540 3835 819 3899 dentur:
912 3845 979 3900 et
1054 3837 1341 3920 populus
1416 3838 1741 3921 populum

540 3924 925 4005 superabit:
973 3934 1041 3988 et
1092 3926 1306 4007 major
1337 3928 1576 3990 minori
1608 3948 1743 3991 ser-

540 4012 693 4075 viet.
784 4012 897 4075 Re.
938 4014 1114 4077 Vere
1163 4016 1472 4078 dominus
1522 4024 1625 4079 est
1672 4017 1742 4080 in

543 4099 691 4163 loco
768 4100 895 4163 isto
972 4110 1039 4164 et
1125 4124 1252 4183 ego
1345 4104 1742 4171 nesciebam.

546 4189 767 4271 Quam
820 4189 1129 4253 terribilis
1177 4200 1280 4255 est
1330 4192 1512 4256 locus
1574 4194 1744 4257 iste:

545 4296 679 4341 non
713 4286 814 4341 est
846 4276 949 4341 hic
983 4278 1163 4342 aliud
1208 4281 1331 4344 nisi
1363 4280 1604 4345 domus
1636 4282 1742 4345 dei

951 4432 963 4460 ¹
1000 4430 1064 4479 de
1087 4430 1184 4481 lis:
1218 4432 1301 4482 W.

947 4499 966 4527 ²
1000 4496 1233 4547 innatos:
1270 4499 1401 4549 EG.

946 4564 966 4591 ⁸
1000 4564 1229 4614 locutus:
1268 4566 1326 4615 E.

2327 453 2493 512 800

1817 572 1885 626 et
1932 571 2126 645 porta
2171 561 2312 626 celi.
2405 580 2450 648 γ
2499 562 2786 644 Cunquc
2817 559 3026 644 evigi-

1819 653 2020 716 lasset
2045 651 2247 733 jacob
2282 671 2323 714 a
2353 670 2592 714 somno
2621 653 2734 716 ait.
2781 651 3026 736 Quam.

1823 740 2066 804 Gloria.
2159 738 2402 822 Quam.

1819 829 1906 892 In
1939 829 2036 912 iij.
2089 839 2330 893 noctur.
2383 835 2489 892 aii.
2538 828 2858 910 Sponsus,
2920 835 3028 909 pf.

1823 917 1964 983 Celi
2009 925 2334 981 enarrant.
2425 926 2532 980 etc.
2623 934 2672 1003 γ
2720 916 3028 998 Scapulis

1821 1006 1974 1070 suis,
2248 1005 2620 1069 Secundum
2651 1005 3024 1068 mattheum.

1821 1095 1972 1228 In
1999 1093 2112 1157 illo
2133 1101 2467 1176 tempore:
2495 1093 3026 1175 Egressusjesus

1929 1182 2015 1246 de
2089 1182 2556 1264 genezareth⁵z
2632 1182 2904 1246 secessit
2956 1181 3024 1243 in

1824 1281 2050 1354 partes
2078 1272 2210 1353 tyri
2243 1281 2310 1334 et
2343 1271 2630 1353 sydonis,
2726 1270 2820 1333 Et
2873 1288 3028 1332 ecce

1827 1359 2063 1422 mulier
2121 1359 2464 1424 chananea
2517 1381 2558 1424 a
2607 1356 2848 1421 finibus
2899 1357 3028 1420 illis

1825 1465 2091 1529 egressa
2148 1447 2464 1512 clamavit
2514 1447 2778 1510 dicens:
2827 1443 3030 1509 Mise-

1825 1554 1966 1599 rere
1998 1535 2129 1600 mel
2160 1536 2434 1600 domine
2481 1533 2573 1600 fili
2621 1533 2842 1600 david.
2934 1534 3030 1597 Et

1827 1623 2098 1706 reliqua.

1830 1713 2086 1778 Omelia
2117 1711 2288 1776 beati
2293 1709 2618 1795 joliannis
2642 1708 2921 1794 episcopi.

1847 1801 2163 1934 Titus‘*
2183 1821 2447 1884 nanque
2481 1800 2607 1864 fra·
2642 1799 2884 1884 [Lectio
2914 1797 3030 1880 vis.

1995 1899 2128 1954 tres
2159 1911 2300 1953 sors
2337 1889 2592 1953 domini
2638 1891 3031 1971 interpreta-

1827 1986 1952 2042 tur.
2076 1978 2407 2041 Dominus
2485 1987 2710 2042 autem
2790 1976 3030 2044 finibus

1828 2067 1960 2149 tyri
2008 2067 2566 2150 appropinquavit
2596 2064 2866 2148 quando
2909 2084 3030 2147 pro

1830 2157 2289 2237 redemptione
2399 2155 2661 2238 generis
2755 2152 3028 2217 humani

1829 2244 2013 2307 venit
2095 2243 2162 2307 in
2243 2244 2608 2308 mundum:
2705 2250 3032 2324 quatenus

1830 2331 2048 2415 ipsum
2081 2349 2292 2415 genus
2323 2328 2690 2396 humanum
2721 2331 2808 2394 de
2855 2337 3032 2393 sorte

1829 2421 2080 2484 diaboli
2142 2421 2229 2484 ad
2291 2431 2538 2484 sortem
2600 2439 2790 2482 suam
2845 2439 3033 2481 revo-

1830 2517 2026 2575 caret.
2146 2509 2260 2576 Re.
2367 2508 2440 2575 Si
2493 2509 2806 2573 dominus
2867 2507 3032 2571 deus

1831 2619 2020 2663 meus
2067 2597 2261 2663 suerit
2311 2617 2572 2663 mecum
2627 2599 2692 2661 in
2747 2598 2857 2660 via
2909 2595 3036 2659 ista

1831 2708 1968 2770 qua
2019 2707 2146 2771 ego
2209 2686 2485 2753 ambulo
2535 2696 2605 2751 et
2649 2684 3036 2749 custodierit

1832 2794 1980 2840 me:
2026 2786 2096 2840 et
2139 2776 2397 2840 dederit
2445 2776 2604 2839 mihi
2658 2794 2900 2857 panem
2948 2772 3035 2835 ad

1833 2864 2220 2929 edendum:
2270 2874 2338 2929 et
2383 2865 2854 2929 vestimentum
2902 2882 3037 2944 quo

1835 2954 2095 3035 operiar
2145 2963 2214 3017 et
2265 2954 2668 3017 revocaverit
2723 2972 2830 3014 me
2881 2968 3034 3013 cum

1835 3040 2067 3106 salute.
2163 3042 2311 3106 Erit
2371 3042 2534 3105 mihi
2597 3041 2908 3105 dominus
2970 3038 3036 3101 in

1837 3129 2209 3213 refugium:
2259 3140 2328 3194 et
2382 3130 2549 3212 lapis
2613 3130 2736 3193 iste
2785 3129 2853 3191 in
2903 3126 3040 3209 sig-

1838 3239 2016 3282 num.
2108 3235 2157 3304 γ
2232 3218 2526 3301 Surgens
2601 3237 2761 3299 ergo
2845 3234 3041 3280 mane

1831 3306 2032 3387 jacob
2081 3307 2234 3371 tulit
2283 3308 2577 3390 lapidem
2631 3326 2831 3389 quem
2885 3322 3044 3385 sup-

1837 3405 2153 3477 posuerat
2182 3397 2382 3479 capiti
2412 3417 2536 3459 suo
2564 3417 2578 3460 :
2627 3404 2696 3458 et
2726 3394 2942 3458 erexit
2973 3393 3040 3455 in

1836 3484 2108 3548 titulum
2141 3485 2558 3568 fundensque
2595 3483 2814 3547 oleum
2849 3484 3042 3546 desu-

1844 3594 1962 3656 per
1992 3574 2182 3637 dixit.
2263 3574 2426 3638 Erit.
2659 3570 2872 3635 Lectio
2901 3568 3041 3651 viil.

1976 3662 2130 3725 idon
2205 3682 2362 3726 vero
2452 3662 2702 3726 inutilis
2777 3659 3046 3723 venatio

1971 3751 2226 3815 dicitur.
2330 3750 2424 3815 Et
2496 3752 2806 3814 dominus
2881 3746 3048 3810 fines

1843 3840 2116 3921 sydonis
2177 3839 2773 3922 appropinquavit:
2838 3856 3050 3919 quan·

1844 3928 1934 3992 do
1993 3949 2204 4011 genus
2265 3929 2630 3991 humanum
2685 3927 2772 3990 de
2833 3922 3048 3989 inutili

1841 4019 2194 4081 venatione
2227 4016 2472 4080 diaboli
2521 4019 2606 4080 ad
2641 4016 2870 4080 utilem
2905 4032 3050 4096 per·

1845 4107 2071 4169 traxit.
2142 4106 2384 4169 Mulier
2414 4126 2680 4188 quoque
2711 4104 3053 4168 chananea

1845 4204 2084 4276 typum
2119 4193 2391 4259 ecclesie
2437 4204 2664 4258 tenet:
2711 4213 2843 4276 que
2889 4210 3051 4273 quo-

1844 4283 2010 4347 tidie
2056 4284 2441 4366 spiritaliter
2485 4292 2588 4347 tot
2633 4282 2804 4346 filios
2837 4280 3052 4364 parit:

2141 4438 2159 4466 ⁴
2195 4436 2354 4484 illud:
2387 4435 2471 4484 W.

2144 4502 2522 4633 *sffiffessf
