3375 5100
960 287 1178 350 POST
1224 285 1604 349 OCTAVAS
1654 289 2166 347 EPIPHANIE.

844 403 999 458 223

306 511 443 575 todi
481 534 495 576 :
542 520 617 575 ut
660 529 791 592 que
836 509 902 572 in
952 509 1095 572 sola
1142 530 1259 592 spe
1288 509 1502 592 gratie

300 601 556 664 celestis
588 599 891 662 innititur
920 607 1037 662 tua
1064 617 1329 680 semper
1352 617 1503 679 pro-

300 691 583 752 tectione
604 688 958 750 muniatur.
994 687 1117 750 Per
1134 685 1501 748 dominum.

308 777 525 841 Cetera
555 786 633 839 ut
662 787 881 858 supra.

300 865 627 927 Lectiones
676 864 754 926 de
782 863 1112 945 apostolis-¹
1160 861 1372 924 Pauli
1412 861 1511 924 ad

300 953 627 1034 Ephesios,
1217 949 1429 1013 Lectio
1440 949 1503 1030 j.

298 1041 635 1173 Paulus
661 1040 1004 1122 apostolus
1038 1039 1281 1103 Christi
1304 1037 1503 1118 Jesu²

446 1149 565 1211 per
615 1126 1033 1192 voluntatem
1083 1127 1191 1189 dei
1254 1126 1502 1189 sanctis

298 1216 606 1281 omnibus
638 1216 753 1298 qui
784 1224 939 1278 sunt
970 1215 1195 1297 ephesi
1229 1223 1297 1277 et
1342 1213 1500 1276 fide-

298 1304 467 1368 libus
530 1307 597 1368 in
663 1302 931 1368 Christo
993 1305 1173 1384 Jesu.
1266 1303 1501 1366 Gratia

296 1394 483 1456 vobis
518 1402 586 1456 et
619 1413 758 1474 pax
788 1413 828 1455 a
860 1393 987 1455 deo
1036 1401 1224 1473 patre
1272 1400 1498 1453 nostro

298 1491 363 1545 et
380 1482 659 1544 domino
679 1481 837 1563 Jesu
863 1480 1142 1544 Christo,
1189 1479 1403 1541 Lectio
1426 1479 1495 1560 ij.

293 1570 787 1703 Benedictus
818 1568 985 1631 deus
1030 1578 1096 1631 et
1144 1577 1335 1648 pater
1378 1569 1498 1630 do-

440 1658 606 1721 mini
638 1657 844 1719 nostri
874 1657 1031 1736 Jesu
1068 1656 1350 1720 Christi:
1384 1655 1498 1737 qui

295 1746 646 1809 benedixit
680 1765 801 1807 nos
847 1745 913 1806 in
959 1745 1143 1806 omni
1190 1742 1499 1806 benedic·
1545 1765 1551 1772 ·

295 1835 477 1898 tione
527 1831 851 1915 spirituali
903 1833 969 1895 in
1024 1831 1377 1895 celestibus
1431 1831 1497 1893 in

296 1922 566 1986 Christo
597 1922 775 2001 Jesu.
825 1921 1014 1984 Sicut
1045 1919 1248 2001 elegit
1280 1940 1399 1982 nos
1432 1921 1499 1982 in

294 2011 443 2092 ipso
456 2009 1415 2073 antemundiconstitutionem
1428 2017 1500 2070 ut

293 2119 594 2162 essemus
625 2097 835 2160 sancti
868 2105 938 2160 et
975 2096 1382 2159 immaculati
1434 2096 1499 2157 in

292 2196 661 2268 conspectu
686 2185 829 2265 ejus
862 2186 929 2247 in
960 2184 1299 2248 charitate.
1362 2185 1501 2246 Lec.

436 2276 501 2336 ui
528 2272 1004 2356 predestinavit
1048 2293 1168 2335 nos
1200 2274 1265 2334 in
1377 2271 1498 2354 [iij.

304 2276 868 2443 Qadoptionem
915 2360 1197 2423 filiorum
1249 2380 1366 2442 per
1394 2361 1503 2440 Je-

293 2470 447 2514 sum
465 2449 801 2514 Christum
815 2451 881 2512 in
896 2450 1114 2531 ipsum
1135 2449 1501 2512 secundum

293 2539 712 2622 propositum
724 2536 1086 2601 voluntatis
1099 2558 1215 2601 sue
1235 2560 1248 2601 :
1272 2536 1336 2599 in
1361 2535 1502 2599 lau-

291 2629 453 2691 dem
468 2627 676 2709 glorie
694 2648 811 2690 sue
824 2628 849 2665 ³
868 2628 931 2689 in
952 2647 1087 2708 qua
1105 2624 1503 2707 gratificavit

294 2736 417 2779 nos
440 2716 507 2778 in
528 2716 773 2779 dilecto
793 2714 930 2777 filio
951 2734 1093 2778 suo,
1140 2714 1358 2776 Lectio
1378 2713 1501 2795 iiij.

293 2805 398 2935 J
402 2824 447 2866 n
473 2824 608 2886 quo
629 2802 953 2867 habemus
973 2803 1501 2883 redemptionem

402 2912 524 2974 per
582 2892 973 2973 sanguinem
1036 2890 1179 2972 ejus
1216 2911 1231 2953 :
1278 2891 1505 2953 remis-

294 2981 555 3043 sionem
630 2989 1055 3062 peccatorum
1139 2978 1504 3041 secundum

294 3068 565 3131 divitias
596 3069 809 3149 gratie
856 3067 998 3147 ejus
1030 3088 1161 3149 que
1192 3065 1507 3147 superha-

296 3156 626 3219 bundavit
676 3156 743 3219 in
794 3155 987 3218 nobis
1018 3156 1085 3217 in
1116 3155 1301 3218 omni
1334 3155 1509 3237 sapi-

297 3244 485 3306 entia
520 3253 589 3307 et
622 3244 991 3325 prudentia.
1199 3242 1416 3306 Lectio
1448 3263 1505 3306 v.

478 3342 504 3396 t
536 3341 769 3396 notum
795 3331 1040 3396 faceret
1070 3330 1264 3394 nobis
1294 3352 1509 3395 sacra-

477 3429 778 3483 mentum
831 3420 1195 3485 voluntatis
1242 3440 1361 3483 sue
1406 3440 1511 3484 se-

298 3508 597 3573 cundum
647 3509 899 3571 bonum
955 3507 1312 3591 placitum⁴
1368 3507 1513 3587 ejus

299 3597 483 3679 quod
517 3598 863 3679 proposuit
910 3597 975 3659 in
1023 3616 1105 3659 eo
1146 3597 1211 3659 in
1244 3596 1513 3678 dispen-

298 3686 564 3748 satione
625 3684 1058 3768 plenitudinis
1130 3694 1509 3766 temporum

299 3774 703 3837 instaurare:
737 3774 964 3836 omnia
984 3774 1051 3835 in
1080 3772 1350 3837 Christo
1382 3793 1513 3855 que

298 3862 365 3923 in
401 3862 559 3924 celis
604 3871 673 3924 et
720 3882 851 3944 que
898 3862 965 3924 in
1014 3870 1193 3924 terra
1240 3871 1399 3924 sunt
1446 3862 1512 3923 in

302 3950 465 4031 ipse.
1185 3948 1397 4012 Lectio
1427 3949 1515 4029 vj.

298 4040 397 4168 l
409 4058 450 4099 n
515 4037 689 4119 qua⁵
749 4038 951 4100 etiam
982 4034 1008 4073 ⁶
1054 4046 1234 4099 sorte
1292 4037 1512 4100 vocati

407 4145 637 4189 sumus
669 4126 1107 4208 predestinati
1140 4126 1511 4189 secundum

538 4292 554 4322 ¹
590 4289 856 4355 Epis-telis:
892 4290 961 4339 E.
974 4289 1033 4339 G.

536 4358 557 4387 ²
584 4357 705 4421 Jesu
730 4356 947 4406 Christi:
984 4356 1047 4405 G.

536 4426 557 4453 ⁸
596 4422 814 4486 ‘gratie’
838 4422 970 4471 add:
1008 4421 1231 4471 E.G.W.

542 4492 560 4519 ⁴
593 4488 993 4553 beneplacitum:
1030 4486 1159 4535 E.G.
1174 4487 1236 4533 W

2121 399 2277 454 226

1598 507 2016 590 propositum
2068 505 2211 586 ejus
2243 505 2358 586 qui
2390 508 2616 572 omnia
2649 529 2808 592 ope-

1600 604 1783 658 ratur
1811 592 2176 658 secundum
2201 593 2550 658 consilium
2575 598 2808 661 volun-

1600 685 1762 747 tatis
1814 703 1967 747 sue:
2015 691 2090 744 ut
2141 682 2349 744 simus
2408 684 2476 746 in
2537 683 2806 750 laudem

1602 773 1811 854 glorie
1843 767 2169 852 ejus⁷qui
2209 779 2366 833 ante
2397 775 2808 854 speravimus

1604 862 1669 923 in
1701 860 1986 925 Christo,
2373 859 2496 923 Sec
2522 862 2804 926 Lucam.

1601 951 1753 1081 In
1787 948 1900 1012 illo
1931 957 2270 1026 tempore:
2307 947 2674 1029 Regressus
2706 961 2809 1015 est

1706 1038 1902 1120 Jesus
1963 1037 2029 1098 in
2092 1034 2334 1097 virtute
2395 1039 2664 1118 spiritus
2742 1041 2810 1102 in

1600 1124 1943 1206 galileam:
1991 1133 2060 1188 et
2087 1120 2268 1184 fama
2309 1126 2476 1188 exiit
2522 1147 2638 1208 per
2666 1129 2810 1190 uni-

1599 1233 1862 1277 versam
1914 1213 2252 1294 regionem
2307 1211 2396 1274 de
2456 1213 2590 1278 illo.
2717 1217 2810 1280 Et

1599 1301 1869 1384 reliqua.

1603 1389 1834 1453 Sermo
1891 1409 1974 1452 ex
2027 1393 2482 1456 commentario
2557 1413 2808 1456 venera.

1599 1478 1747 1541 bede
1767 1477 2136 1558 presbyteri.
2450 1480 2664 1544 Lectio
2695 1482 2810 1563 vij.

1618 1568 2046 1697 Virtutem
2101 1568 2370 1651 spiritus
2402 1589 2416 1632 :
2463 1570 2656 1650 signa
2689 1572 2810 1632 mi-

1775 1654 2148 1720 raculorum
2180 1658 2357 1721 dicit.
2422 1659 2618 1738 Jesus
2651 1679 2812 1740 ergo

1600 1744 1667 1805 in
1701 1743 1945 1806 virtute
1976 1746 2242 1826 spiritus
2268 1767 2602 1828 regressus
2627 1767 2770 1810 esse
2797 1768 2811 1811 :

1601 1840 1669 1894 et
1702 1832 1768 1894 in
1818 1834 2180 1914 synagogis
2227 1854 2455 1896 eorum
2505 1833 2812 1897 docuisse

1601 1919 2000 2001 perhibetur.
2142 1921 2342 1984 Unde
2429 1923 2666 1984 merito
2741 1931 2812 1986 et

1602 2005 2068 2088 magnificatur
2096 2027 2137 2069 a
2162 2010 2582 2089 presentibus
2603 2017 2672 2072 et
2691 2030 2810 2090 per

1602 2096 1912 2158 absentes
1944 2114 2248 2177 quosque
2289 2095 2471 2159 fama
2501 2097 2812 2178 vulgatus

1603 2183 1931 2246 asseritur.
2419 2183 2641 2246 Lectio
2670 2185 2810 2266 viij.
2875 2193 2888 2202 “

1602 2269 1957 2402 Intravit
1989 2290 2148 2351 ergo
2177 2271 2374 2352 Jesus
2405 2271 2514 2334 die
2545 2272 2810 2335 sabbati

1710 2360 1776 2421 in
1810 2377 2266 2440 synagogam:
2310 2369 2382 2422 ut
2417 2360 2615 2422 ritum
2648 2358 2813 2441 legis

1604 2467 1918 2527 mosayce
1965 2447 2234 2510 cumulo
2285 2449 2498 2528 gratie
2552 2446 2812 2511 celestis

1604 2533 2017 2617 adimpleret.
2113 2535 2203 2601 Et
2248 2538 2538 2601 surrexit
2578 2538 2814 2620 legere.

1605 2626 1806 2707 Quod
1872 2624 2181 2688 dominus
2243 2626 2488 2689 stando
2549 2626 2814 2691 lectoris

1602 2714 1894 2793 suscepit
1927 2713 2255 2777 officium:
2305 2714 2650 2778 humilime
2683 2716 2814 2778 dis-

1604 2802 2050 2884 pensationis⁸
2092 2811 2194 2866 est
2235 2803 2570 2868 indicium.
2665 2804 2818 2867 Pul-

1604 2889 1760 2953 chre
1847 2889 2044 2971 Jesus
2143 2890 2382 2954 librum
2491 2892 2818 2975 prophete

1603 2979 1904 3041 clausum
1938 2980 2236 3060 accepit:
2285 2981 2402 3043 sed
2437 2979 2813 3044 revolutum

1607 3067 1813 3149 legit:
1860 3068 2018 3149 quia
2067 3069 2457 3149 mysterium
2521 3069 2822 3131 incarna-

1607 3156 1810 3219 tionis
1842 3176 1958 3217 sue
1984 3154 2460 3238 prophetarum
2485 3176 2647 3219 voce
2672 3176 2820 3237 pre-

1609 3244 1930 3325 scriptum
1977 3252 2046 3307 et
2091 3244 2272 3325 prius
2303 3244 2597 3325 suscepit
2627 3244 2818 3307 exhi-

1613 3332 1955 3395 bendum:
2046 3339 2114 3393 et
2192 3339 2349 3412 post
2424 3330 2820 3395 mortalibus

1610 3421 1872 3502 aperuit
1905 3418 2432 3499 intelligendum.
2492 3418 2708 3481 Lectio
2728 3419 2820 3483 ix.

1612 3509 1794 3639 Et
1853 3526 2006 3569 cum
2091 3506 2429 3586 plicuisset
2489 3506 2684 3587 Jesus
2746 3507 2821 3568 li-

1766 3595 2004 3657 brum:
2053 3592 2342 3657 reddidit
2398 3594 2700 3656 ministro
2754 3604 2822 3658 et

1613 3684 1806 3747 sedit.
1860 3680 2140 3745 Librum
2172 3680 2484 3743 dominus
2515 3682 2824 3746 omnibus

1613 3771 1729 3853 qui
1821 3770 2099 3833 aderant
2159 3767 2584 3831 audientibus
2645 3769 2824 3851 legit.

1616 3860 1902 3922 Lectum
1935 3877 2091 3921 vero
2138 3857 2442 3919 ministro
2489 3858 2826 3923 reddidit:

1614 3948 1773 4029 quia
1803 3966 1958 4010 cum
1989 3954 2166 4007 esset
2199 3945 2266 4007 in
2301 3946 2556 4009 mundo
2601 3946 2826 4030 palam

1615 4036 1878 4099 locutus
1911 4042 2014 4097 est
2060 4034 2354 4099 mundo:
2401 4054 2666 4119 semper
2711 4038 2829 4099 do-

1614 4144 1774 4189 cens
1821 4126 1888 4187 in
1935 4142 2285 4205 synagoga
2337 4132 2408 4187 et
2458 4124 2526 4187 in
2577 4126 2832 4209 templo

1859 4292 1882 4384 ἶ
1915 4286 2202 4402 itt-{2151
2220 4286 2288 4402 :W
2269 4323 2492 4404 11:.c.w.

1867 4426 1882 4449 ‘
1923 4419 2073 4467 ‘nos'
2099 4420 2230 4469 add:
2269 4419 2492 4468 E.G.W.

1867 4494 1888 4517 ²·
1924 4485 2100 4548 ‘ejus’
2137 4486 2268 4535 add:
2305 4486 2528 4535 E.G.W.

2520 4579 2568 4640 Q
