3375 5100
1139 362 1474 432 QUARTA
1527 359 2003 418 ADVENTUS.

873 471 974 526 63

321 576 580 660 species
623 587 686 641 et
726 579 976 660 legetur
1015 578 1096 642 de
1128 578 1326 660 ysaia
1369 597 1514 640 cum

320 666 694 730 lectionibus
773 687 892 749 que
968 677 1329 749 sequuntur
1355 687 1380 729 .·
1455 675 1519 729 et

321 754 770 836 Responsoriis
824 755 904 819 de
942 755 1217 819 historia
1279 755 1516 822 Canite

323 844 492 906 tuba
519 853 622 906 etc.
1499 865 1506 872 ·

327 935 394 1008 (Ι
441 931 765 996 Lectiones
769 931 1044 1014 feriales
1045 943 1196 1015 post
1211 941 1514 1015 quartam

321 1019 714 1083 dominicam
743 1021 1098 1084 adventu-s:¹
1227 1021 1442 1084 Lectio
1451 1020 1514 1103 j.

479 1107 544 1170 τ’
587 1129 762 1174 nune
807 1109 1113 1173 dominus
1171 1107 1294 1172 hec
1354 1110 1516 1172 dicit

480 1196 730 1260 Creans
770 1207 838 1261 te
867 1197 1068 1279 jacob
1113 1207 1184 1261 et
1223 1197 1515 1261 formans

323 1292 396 1347 te
441 1285 648 1348 israel.
714 1285 871 1350 Noli
910 1285 1180 1350 timere:
1213 1287 1370 1369 quia
1417 1306 1512 1349 re-

325 1373 507 1436 demi
561 1383 672 1438 te:
729 1384 797 1438 et
847 1376 1078 1438 vocavi
1127 1385 1196 1438 te
1247 1375 1514 1438 nomine

323 1470 482 1525 tuo:
529 1482 716 1525 meus
740 1471 919 1528 estu.
990 1462 1162 1528 Cum
1187 1473 1514 1546 pertrans-

325 1549 475 1612 ieris
528 1571 646 1632 per
705 1571 911 1634 aquas
953 1561 1178 1615 tecum
1231 1572 1385 1616 ero:
1446 1561 1516 1616 et

325 1635 604 1702 flumina
647 1660 782 1704 non
819 1641 1120 1722 operient
1162 1650 1248 1706 te.
1341 1641 1512 1707 Cum

425 1829 440 1858 ¹
473 1829 620 1879 Fm'a
641 1830 836 1895 ijadd:
870 1830 1008 1881 E.G.
1029 1831 1102 1880 W.

321 1895 462 1978 Ἐ
489 1895 614 1946 dixit
646 1897 892 1948 dominus.
966 1898 1046 1946 Eo
1077 1897 1214 1962 quod
1245 1898 1513 1962 appropin-

273 1973 280 1978 ·
475 1970 559 2011 uat
584 1965 795 2027 populus
819 1964 910 2013 iste
932 1979 1018 2013 ore
1051 1978 1140 2012 suo
1162 1973 1212 2014 et
1235 1963 1380 2014 labiis
1412 1965 1512 2014 suis

321 2028 409 2092 glo
435 2029 446 2040 '
486 2037 566 2078 cat
599 2044 711 2079 me:
744 2045 830 2078 cor
861 2039 1026 2078 autem
1051 2029 1156 2093 ejus
1187 2029 1336 2094 longe
1375 2039 1448 2080 est
1482 2047 1514 2080 a

321 2109 406 2143 me
430 2113 443 2143 =
477 2102 527 2144 et
567 2095 928 2145 contimuerunt
946 2096 1255 2159 [timueruntz
1288 2095 1400 2158 W.]
1432 2111 1514 2145 me

323 2159 562 2210 mandato
597 2161 854 2210 hominum
878 2171 926 2212 et
949 2162 1218 2212 doctrinis:
1251 2161 1365 2211 ideo
1398 2177 1514 2212 ecce

321 2242 420 2290 ego
450 2227 631 2276 addam
655 2236 708 2276 ut
731 2227 1044 2278 admirationi
1083 2228 1476 2291 [admirationem
1501 2245 1514 2278 :

325 2291 418 2357 6.]
443 2292 621 2342 faciam
717 2294 973 2372 pulo-huic
1005 2294 1243 2344 miraculo
1263 2294 1440 2358 grandi
1464 2301 1513 2371 et

323 2360 1006 2508 ffigssizissbmniicsadgiceiitia
1027 2441 1058 2476 a
1079 2361 1514 2491 sapientiliaetixjg}

416 2501 466 2542 et
497 2492 774 2542 intellectus
806 2493 1122 2561 prudentium
1156 2492 1262 2557 ejus
1306 2493 1512 2542 abscon-

321 2559 483 2608 detur.
556 2559 636 2608 Ve
677 2560 765 2621 qui
801 2559 1033 2624 profundi
1065 2560 1181 2609 estis
1213 2558 1362 2609 corde
1393 2568 1448 2609 ut
1483 2576 1514 2609 a

323 2626 531 2673 domino
551 2625 866 2675 abscondatis
887 2625 1147 2675 consilium
1169 2642 1378 2691 quorum
1399 2634 1513 2675 sunt

325 2691 378 2740 in
419 2690 634 2741 tenebris
672 2707 825 2757 opera
868 2700 918 2742 et
955 2692 1144 2742 dicunt.
1217 2692 1344 2755 Quis
1377 2692 1512 2741 videt

325 2772 419 2807 nos
455 2766 506 2806 et
545 2758 654 2822 quis
691 2758 830 2807 novit
864 2773 990 2807 nos:
1042 2774 1271 2823 perversa
1304 2765 1378 2807 est
1418 2758 1512 2809 hec

324 2829 488 2872 vestra
510 2824 746 2888 cogitatio
766 2824 908 2888 quasi
933 2824 975 2873 si
998 2824 1155 2873 lutum
1189 2832 1362 2874 contra
1388 2823 1511 2889 figu-

323 2888 430 2937 lum
457 2891 640 2954 cogitet
673 2898 724 2939 et
757 2890 890 2939 dieat
921 2906 1049 2954 opus
1079 2890 1254 2939 factori
1287 2905 1378 2940 suo
1410 2906 1512 2940 non

323 2954 487 3004 fecisti
507 2972 588 3005 me
601 2964 650 3006 et
669 2954 960 3019 figmentum
976 2956 1110 3006 dicat
1129 2956 1288 3007 fictori
1305 2971 1395 3006 suo
1408 2972 1512 3005 non

325 3020 576 3085 intelligis.
651 3022 764 3071 Hec
786 3022 922 3071 dicit.
1251 3022 1407 3071 Lectio
1431 3022 1506 3087 iij.

323 3088 569 3170 Nonne
611 3088 774 3137 adhuc
818 3089 870 3137 in
918 3086 1118 3137 modico
1162 3096 1211 3138 et
1257 3088 1308 3137 in
1351 3088 1512 3137 brevi:

429 3154 758 3203 Convertetur
833 3154 1028 3203 libanus
1081 3154 1135 3203 in
1188 3154 1405 3203 chermel
1463 3163 1512 3204 et

323 3219 543 3269 chermel
561 3220 612 3269 in
626 3221 806 3269 saltum
829 3220 1171 3285 reputabitur?
1222 3220 1288 3269 Et
1309 3220 1512 3270 audient

324 3287 378 3335 in
401 3286 485 3335 die
507 3286 594 3335 illa
615 3286 748 3335 surdi
765 3287 914 3335 verba
935 3286 1048 3335 libri
1072 3294 1122 3335 et
1141 3286 1206 3336 de
1230 3286 1445 3337 tenebris
1463 3295 1512 3335 et

324 3352 540 3417 caligine
575 3352 705 3401 oculi
741 3368 967 3401 cecorum
1008 3352 1261 3402 videbunt.
1337 3352 1403 3401 Et
1426 3353 1512 3401 ad·

323 3419 448 3469 dent
485 3417 630 3468 mites
653 3419 704 3467 in
725 3418 932 3467 domino
954 3418 1169 3467 leticiam
1190 3426 1240 3469 et
1273 3434 1514 3483 pauperes

321 3484 552 3535 homines
573 3484 626 3533 in
647 3494 819 3535 sancto
841 3484 984 3535 israel
1006 3484 1312 3535 exultabunt.
1399 3485 1514 3534 Hec

321 3551 461 3600 dicit.
539 3550 688 3599 szz
711 3551 804 3615 iiij.
1291 3552 1451 3601 Lectio
1457 3552 1506 3615 j.

321 3616 608 3725 Quoniam
653 3618 834 3666 defecit
885 3617 971 3681 qui
1033 3617 1346 3681 prevalebat:
1397 3632 1514 3666 con-

409 3691 682 3733 summatus
705 3692 780 3733 est
802 3682 992 3733 illusor:
1015 3692 1064 3733 et
1081 3684 1256 3732 succisi
1274 3684 1514 3746 [succisisz

325 3750 436 3812 W.]
460 3764 634 3799 omnes
685 3750 734 3799 ui
753 3750 1025 3814 vigilabant
1041 3763 1190 3813 super
1202 3750 1272 3799 ini
1310 3751 1512 3799 uitatem

321 3816 487 3882 quia[
521 3814 572 3864 ui
600 3832 612 3865 :
645 3766 735 3879 ἃ]
765 3831 968 3880 peccare
1007 3814 1253 3865 faciebant
1323 3816 1515 3865 omines

324 3884 378 3931 in
419 3897 506 3931 ver
591 3897 603 3931 :
637 3890 686 3931 et
721 3891 1008 3945 arguentem
1041 3882 1092 3930 in
1116 3890 1260 3946 porta
1281 3882 1513 3946 supplan-

325 3948 499 3999 tabant
514 3964 530 3997 :
565 3954 615 3997 et
658 3948 1030 3999 declinaverunt
1067 3948 1246 3998 frustra
1295 3963 1326 3998 a
1358 3947 1507 4011 justo.

327 4015 444 4064 Hec
465 4013 603 4063 dicit.
1279 4014 1436 4063 Lectio
1457 4014 1510 4079 ij.

323 4083 589 4165 Propter
622 4079 719 4129 hoc
753 4080 848 4130 hec
893 4080 1014 4130 dicit
1061 4079 1292 4130 dominus
1325 4080 1389 4129 ad
1423 4080 1514 4128 do-

421 4162 558 4195 mum
615 4145 794 4210 jacob:
889 4147 942 4195 ui
995 4146 1202 4196 redemit
1255 4146 1516 4196 abraham:

325 4228 430 4263 non
475 4212 628 4262 modo
669 4212 854 4263 confun
889 4222 1000 4263 etur
1037 4212 1188 4276 jacob
1229 4228 1324 4262 nec
1367 4212 1521 4261 modo

327 4279 492 4329 vultus
515 4278 620 4342 ejus
643 4280 918 4329 erubescet:
953 4278 1040 4328 sed
1064 4294 1178 4329 cum
1194 4278 1373 4328 viderit
1391 4277 1521 4327 filios

326 4361 443 4395 suos
464 4361 496 4393 o
561 4360 616 4394 ra
636 4360 872 4394 manuum
907 4360 1128 4395 mearum
1162 4346 1213 4393 in
1247 4344 1414 4393 medio
1443 4344 1520 4393 sui

325 4428 418 4461 san
471 4412 482 4423 '
521 4420 691 4461 eantes
728 4426 913 4460 nomen
952 4426 1117 4461 meum
1157 4418 1207 4461 et
1246 4409 1520 4460 sanctifica·

325 4480 451 4527 bunt
475 4486 700 4527 sanctum
729 4476 900 4541 jacob:
933 4486 984 4527 et
1016 4478 1188 4528 domui
1229 4476 1373 4526 israel
1409 4491 1521 4542 pre·

327 4544 567 4593 dicabunt
601 4552 653 4593 et
696 4544 850 4593 scient
898 4554 1117 4593 errantes
1151 4543 1324 4609 spiritu
1359 4543 1520 4609 [spiri-

329 4618 434 4659 tum
465 4628 478 4659 :
515 4608 696 4672 E.W.]
731 4608 1067 4659 intellectum:
1102 4618 1150 4660 et
1209 4609 1522 4659 musitatores

2157 470 2257 525 66

1615 576 2055 641 ambulaveris
2086 575 2151 639 in
2184 578 2339 658 igne
2370 598 2499 641 non
2534 579 2805 644 combu-

1614 667 1811 729 reris:
1858 674 1927 729 et
1950 665 2221 728 flamma
2246 685 2375 730 non
2401 668 2661 731 ardebit
2693 679 2763 733 te
2790 691 2804 733 ε

1613 754 1771 837 quia
1828 774 1955 837 ego
2015 755 2325 818 dominus
2386 756 2549 819 deus
2609 767 2803 822 tuus:

1613 851 1884 906 sanctus
1977 841 2169 906 israel
2260 842 2550 907 salvator
2632 856 2802 909 tuuS.

1617 931 1807 995 Dans
1853 931 2397 1014 propiciationem
2451 942 2638 996 tuam
2692 955 2804 1017 eg-

1611 1029 1855 1101 yptum
1907 1020 2297 1102 ethyopiam
2352 1030 2421 1084 et
2468 1022 2631 1084 saba
2686 1041 2805 1104 pro

1615 1115 1699 1171 te.
1794 1109 1907 1172 Ex
1956 1127 2091 1190 quo
2140 1107 2543 1172 honorabilis
2592 1110 2807 1174 factus

1613 1215 1686 1258 es
1740 1196 1807 1259 in
1859 1197 2069 1260 oculis
2122 1196 2287 1260 meis
2335 1206 2404 1260 et
2463 1198 2806 1281 gloriosus.

1615 1284 1767 1367 Ego
1807 1284 2015 1348 dilexi
2059 1293 2129 1348 te
2174 1294 2242 1348 et
2285 1284 2464 1348 dabo
2510 1287 2811 1351 homines

1611 1393 1736 1455 pro
1786 1381 1895 1437 te:
1960 1381 2027 1436 et
2076 1371 2357 1455 populos
2408 1395 2531 1456 pro
2583 1377 2807 1439 anima

1610 1470 1747 1524 tua.
1782 1461 1940 1524 Noli
1964 1462 2229 1526 timere:
2250 1463 2565 1544 quoniam
2585 1473 2807 1527 tecum

1611 1570 1741 1632 ego
1772 1570 1936 1614 sum.
2028 1549 2145 1613 Ab
2190 1551 2443 1614 oriente
2474 1552 2806 1616 adducam

1609 1658 1841 1702 semen
1902 1648 2131 1702 tuum:
2191 1648 2261 1702 et
2315 1640 2403 1704 ab
2462 1642 2809 1705 occidente

1611 1827 1981 1894 [inusitatoresz
2014 1829 2127 1894 W.]
2181 1829 2375 1881 discent
2428 1830 2607 1896 legem.
2692 1831 2807 1882 IIec

1611 1895 1749 1945 dicit.
2544 1899 2703 1948 Lectio
2724 1899 2803 1964 iij.

1628 1963 1727 2046 V
1730 1977 1759 2012 e
1794 1961 1884 2010 filii
1927 1962 2202 2012 desertores
2235 1963 2357 2012 dicit
2389 1962 2619 2014 dominus
2647 1972 2702 2014 ut
2737 1965 2806 2013 sa·

1728 2029 1904 2078 ceretis
1950 2027 2202 2091 [faceritisz
2247 2027 2361 2106 W.]
2421 2030 2712 2081 consilium:
2756 2039 2807 2080 et

1613 2111 1715 2144 non
1752 2109 1814 2143 ex
1852 2109 1949 2143 me.
2024 2095 2090 2144 Et
2128 2093 2413 2143 ordiremini
2450 2096 2601 2145 telam
2632 2105 2683 2146 et
2706 2111 2809 2144 non

1616 2161 1767 2226 [‘per
1788 2160 1801 2183 ’
1822 2160 1945 2209 add:
1980 2160 2071 2223 6.]
2104 2159 2331 2224 spiritum
2365 2175 2529 2210 meum
2566 2170 2620 2211 ut
2652 2162 2806 2211 adde·

1613 2227 1730 2277 retis
1768 2233 2027 2291 peceatum
2068 2241 2214 2290 super
2258 2233 2546 2290 peccatum:
2584 2229 2668 2291 qui
2701 2243 2805 2276 am·

1611 2293 1829 2342 bulatis:
1882 2299 1937 2341 ut
1972 2292 2284 2341 descendatis
2328 2291 2379 2342 in
2414 2302 2663 2357 egyptum.
2740 2295 2806 2343 ht

1611 2375 1669 2410 os
1692 2373 1857 2409 meum
1879 2373 1982 2407 non
2014 2357 2352 2422 interrogastis
2384 2369 2637 2434 sperantes
2670 2360 2806 2408 auxi-

1610 2425 1735 2475 lium
1768 2425 1821 2474 in
1854 2423 2142 2474 fortitudine
2182 2423 2447 2490 pharaonis
2482 2432 2531 2474 et
2565 2425 2807 2476 habentes

1611 2491 1845 2541 fiduciam
1881 2491 1934 2540 in
1973 2489 2149 2540 umbra
2187 2490 2388 2558 egypti:
2444 2499 2493 2540 et
2528 2491 2619 2540 erit
2663 2491 2807 2541 vobis

1611 2558 1851 2608 fortitudo
1940 2556 2177 2607 hamonis
2230 2558 2281 2605 in
2324 2556 2696 2608 confusionem:
2756 2568 2805 2608 et

1611 2624 1795 2675 fiducia
1828 2640 1913 2673 um
1951 2638 2003 2673 re
2037 2622 2205 2690 egypti
2239 2623 2291 2672 in
2314 2622 2655 2687 ignominiam.
2729 2625 2807 2673 Ie-

1612 2700 1725 2741 rant
1746 2689 1879 2741 enim
1904 2690 1955 2738 in
1978 2690 2142 2739 thanis
2166 2690 2413 2755 principes
2437 2690 2538 2740 tui:
2565 2698 2615 2740 et
2638 2691 2807 2741 nuncii

1612 2757 1686 2807 tui
1725 2772 1880 2822 usque
1924 2756 1990 2805 ad
2028 2755 2203 2807 thanes
2242 2764 2582 2821 pervenerunt.
2694 2758 2808 2807 Hec

1612 2823 1750 2873 dicit.
1821 2822 1969 2871 Feria
1990 2822 2059 2887 vj.
2588 2823 2745 2872 Lectio
2752 2824 2801 2888 j.

1619 2892 1837 2974 Omnes
1857 2887 2049 2939 confusi
2081 2893 2195 2937 sunt
2228 2902 2376 2952 super
2408 2889 2596 2953 populo
2618 2890 2705 2953 qui
2738 2890 2809 2939 eis

1696 2956 1931 3022 prodesse
1974 2969 2077 3004 non
2124 2954 2318 3019 potuit:
2368 2970 2470 3003 non
2516 2955 2712 3005 fuerunt
2758 2958 2809 3005 in

1613 3022 1855 3071 auxilium
1888 3028 1937 3071 et
1972 3020 2025 3069 in
2059 3020 2279 3085 aliquam
2312 3020 2600 3071 utilitatem:
2634 3022 2722 3071 sed
2758 3022 2809 3071 in

1613 3087 1953 3138 confusionem
1978 3094 2027 3135 et
2051 3086 2103 3134 in
2125 3085 2461 3150 opprobrium.
2496 3087 2557 3136 In
2580 3095 2709 3137 terra
2724 3090 2808 3137 tri-

1613 3152 1884 3203 bulationis
1920 3160 1971 3201 et
2010 3152 2236 3215 angustie
2268 3151 2411 3201 leena
2434 3160 2485 3201 et
2506 3154 2609 3204 leo:
2642 3170 2703 3203 ex
2737 3155 2808 3204 eis

1613 3220 1787 3285 vipera
1829 3226 1879 3268 et
1922 3218 2121 3282 regulus
2154 3218 2329 3267 volans
2366 3226 2619 3283 portantes
2662 3236 2809 3285 super

1614 3287 1849 3335 humeros
1871 3284 2163 3335 invictorum
2189 3286 2210 3347 [
2214 3284 2572 3347 jumentorum:
2608 3285 2701 3351 G.]
2732 3286 2807 3336 di-

1613 3352 1761 3402 vitia
1805 3366 1918 3400 suas
1962 3358 2011 3399 et
2056 3366 2203 3414 super
2283 3350 2453 3400 'bbum
2506 3351 2807 3402 camelorum

1611 3419 1871 3468 thesauros
1891 3432 2006 3466 suos
2028 3416 2094 3465 ad
2116 3430 2219 3492 pop
2270 3432 2357 3466 um
2372 3417 2458 3481 qui
2482 3417 2554 3466 eis
2610 3418 2809 3468 rodesse

1613 3500 1717 3534 non
1740 3482 1937 3549 poterit.
2014 3482 2129 3531 Hec
2150 3482 2286 3531 dicit.
2626 3484 2723 3533 ctio
2745 3486 2801 3549 ij.

1613 3554 1891 3635 Egyptus
1947 3548 2080 3597 enim
2139 3546 2317 3597 frustra
2355 3554 2405 3597 et
2439 3562 2564 3596 vane
2602 3550 2806 3598 auxilia-

1710 3616 1845 3665 bitur
1876 3613 1991 3663 ideo
2012 3612 2224 3663 clamavi
2260 3628 2407 3677 super
2440 3613 2549 3662 hoc.
2626 3614 2807 3681 Super·

1612 3681 1701 3731 bia
1712 3690 1877 3731 autem
1900 3680 2137 3744 [tantum:
2172 3678 2265 3741 6.]
2286 3690 2383 3729 est:
2404 3679 2617 3743 quiesce.
2658 3681 2809 3731 Nunc

1614 3748 1834 3811 ingresse
1870 3745 2029 3797 scribe
2055 3744 2127 3795 eis
2148 3759 2296 3809 super
2324 3744 2507 3793 buxum
2532 3754 2581 3795 et
2604 3746 2656 3795 in
2680 3746 2807 3797 libro

1613 3814 1879 3878 diligenter
1892 3826 2035 3861 exara
2055 3810 2194 3859 illud.
2270 3810 2336 3859 Et
2350 3810 2441 3859 erit
2465 3809 2517 3860 in
2541 3811 2623 3861 die
2645 3813 2809 3863 novis-

1613 3880 1742 3929 simo
1776 3876 2113 3929 testimonium
2146 3890 2301 3941 usqne
2334 3876 2399 3925 ad
2422 3876 2495 3940 [in
2523 3894 2535 3927 :
2569 3878 2661 3941 6.]
2685 3886 2811 3929 eter-

1613 3960 1750 3995 num.
1825 3945 1940 3995 Hec
1962 3942 2098 3993 dicit.
2542 3944 2703 3995 Lectio
2724 3947 2805 4012 iij.

1612 4011 1886 4096 Populus
1912 4008 2047 4059 enim
2078 4008 2144 4057 ad
2176 4007 2483 4059 iracundiam
2552 4020 2812 4063 revocatus

1707 4086 1782 4127 est
1804 4076 1892 4127 sed
1917 4075 2003 4125 filii
2028 4074 2315 4125 mendaces:
2338 4074 2427 4125 filii
2450 4091 2517 4125 no
2538 4087 2675 4127 entes
2701 4078 2809 4143 [vo-

1617 4146 1797 4194 lentes:
1819 4142 1932 4205 W.]
1955 4140 2127 4191 audire
2147 4140 2309 4207 legem
2333 4142 2430 4191 dei.
2504 4142 2605 4207 Qui
2639 4144 2811 4195 dicimt

1616 4209 1901 4261 videntibus
1936 4208 2090 4257 nolite
2131 4208 2299 4257 videre
2314 4226 2329 4257 :
2373 4215 2423 4257 et
2461 4210 2813 4275 aspicientibus

1617 4276 1774 4327 nolite
1808 4273 2029 4340 aspicere
2064 4274 2210 4323 nobis
2253 4289 2315 4323 ea
2357 4290 2455 4341 que
2499 4286 2633 4327 recta
2676 4286 2807 4327 sunt.

1621 4341 1909 4407 Loquimini
1954 4339 2100 4390 nobis
2154 4340 2403 4405 placentia
2446 4341 2614 4392 videte
2668 4344 2813 4392 nobis

1619 4424 1822 4459 errores.
1896 4407 2104 4457 Auferte
2142 4423 2175 4456 a
2211 4421 2293 4456 me
2326 4407 2461 4456 viam
2499 4408 2745 4459 declinate
2782 4425 2814 4458 a

1619 4492 1703 4527 me
1724 4474 1974 4524 semitam:
2007 4482 2165 4523 cesset
2192 4488 2223 4521 a
2256 4471 2381 4521 facie
2412 4482 2585 4525 nostra
2614 4484 2813 4525 sanctus

1620 4541 1783 4593 israel.
1843 4540 1957 4590 Hec
1977 4539 2114 4589 dicit.
2170 4538 2250 4588 He
2262 4539 2545 4603 amphorae,
2570 4540 2675 4591 eve.

2506 4686 2548 4735 F
