3375 5100
1151 347 1418 404 PRIMA
1471 349 1593 404 AD
1603 349 1942 405 VENTUS.

867 459 948 512 17

2160 459 2247 516 18

317 563 570 628 tutinas
611 563 749 628 nisi
793 563 864 627 in
905 561 1245 628 dominicis·
1285 562 1516 628 diebus
1606 562 1905 628 malum:
1948 572 2019 629 et
2046 541 2286 648 eligere
2314 563 2582 631 bonum.
2670 565 2791 632 Re.

315 674 362 716 a
390 653 506 716 lxx
545 674 742 735 usque
777 654 874 716 ad
894 652 1140 734 pascha
1159 675 1186 716 .·
1227 651 1344 717 ubi
1381 651 1509 716 loco

319 740 744 807 Confitemini
864 741 1113 804 dicitur
1206 742 1509 822 psalmus

318 830 650 894 Dominus
681 831 976 912 regnavit
1000 830 1322 894 decorem.
1367 831 1502 894 Αῆ.

316 919 419 982 Te
462 918 662 982 deum
707 928 982 1000 patrem.
1054 926 1156 999 ps'.
1210 916 1506 999 Quicun-

314 1026 464 1089 que.
563 1016 627 1069 et
663 1016 863 1069 cetera
900 1006 1068 1068 sicut
1110 1005 1502 1068 invenietur¹

314 1095 384 1157 in
401 1095 729 1177 psalterio.
792 1095 918 1158 Ad
939 1093 1201 1157 tertiam
1228 1093 1505 1176 hymnus

313 1183 514 1247 Nunc
545 1193 772 1247 sancte
804 1182 994 1246 nobis
1023 1182 1324 1264 Spiritus.
1366 1184 1506 1248 Ανῖ.

309 1271 704 1354 jocundare.
777 1281 880 1353 ps.
957 1271 1208 1354 Legem
1239 1291 1430 1354 pone.

322 1359 512 1526 Qui
545 1369 856 1423 venturus
893 1368 995 1423 est
1024 1359 1244 1424 veniet
1271 1381 1286 1423 ε
1321 1358 1500 1443 [Cap.

447 1457 515 1511 et
547 1468 676 1511 non
700 1447 1028 1512 tardabit:
1056 1447 1194 1528 jam
1221 1467 1354 1510 non
1377 1449 1501 1512 erit

307 1537 508 1600 timor
528 1537 596 1599 in
619 1534 858 1600 finibus
877 1537 1117 1599 nostris
1139 1556 1154 1600 :
1184 1535 1500 1618 quoniam

310 1624 452 1706 ipse
524 1633 626 1689 est
697 1623 983 1688 salvator
1059 1633 1298 1689 noster.
1385 1623 1498 1688 Re.

309 1711 484 1776 Veni
535 1713 622 1776 ad
676 1712 1086 1790 liberandum
1147 1733 1305 1776 nos:
1361 1713 1500 1777 Do-

195 1851 208 1862 .
313 1801 488 1865 mine
533 1802 697 1865 deus
733 1801 1068 1866 virtutum.
1147 1793 1203 1887 'y
1249 1800 1340 1865 Et
1393 1822 1500 1866 os-

309 1888 508 1954 tende
529 1889 762 1954 faciem
774 1898 956 1953 tuam
976 1897 1042 1953 et
1061 1889 1223 1953 salvi
1241 1889 1502 1954 erimus,

312 1977 602 2042 Domine
691 1978 872 2042 deus,
981 1975 1208 2042 Gloria
1307 1979 1498 2061 patri.

309 2066 482 2130 Veni
545 2066 648 2130 ad.
740 2084 785 2152 y
838 2065 1201 2129 Timebunt
1264 2076 1498 2148 gentes

309 2173 552 2218 nomen
583 2161 768 2218 tuum
800 2154 1086 2218 domine.
1153 2154 1245 2218 Et
1268 2174 1498 2219 omnes

311 2262 500 2324 reges
530 2251 698 2306 terre
727 2242 1006 2325 gloriam
1057 2251 1256 2307 tuam.
1351 2243 1497 2308 Oro.

314 2329 562 2394 Excita
621 2331 924 2395 domine:
968 2351 1088 2413 que
1119 2331 1370 2394 dicetur
1409 2329 1507 2394 ad

311 2417 508 2483 boras
578 2428 706 2500 per
772 2428 974 2482 totam
1023 2419 1497 2501 septimanam.²

311 2507 438 2571 Ad
503 2516 754 2571 sextam
826 2506 1116 2589 hymnus.
1255 2507 1501 2573 Rector

313 2606 567 2679 potens,
623 2597 760 2661 Ar‘i.
820 2596 996 2661 Ecce
1025 2596 1346 2661 dominus,
1394 2606 1498 2679 ps’.

314 2684 591 2750 Defecit.
1112 2685 1500 2767 Capitulum.

310 2776 622 2907 Prope
681 2781 781 2838 est
839 2782 914 2837 ut
964 2774 1185 2838 veniat
1233 2783 1499 2857 tempus

447 2860 622 2944 ejus:
663 2871 734 2926 et
779 2862 922 2925 dies
965 2862 1110 2944 ejus
1154 2882 1286 2925 non
1317 2863 1500 2926 elon-

311 2949 684 3032 gabuntur:
743 2951 1153 3015 miserebitur
1190 2951 1502 3014 dominus

306 3037 547 3120 jacob:
591 3048 660 3102 et
691 3038 882 3102 israel
917 3038 1292 3103 salvabitur.
1382 3039 1498 3105 Re.

315 3126 616 3191 Ostende
683 3128 873 3191 nobis
909 3128 1184 3191 domine
1242 3127 1498 3192 Miseri-

1607 651 1826 735 Super
1880 661 1949 716 te
2006 653 2451 719 hierusalem:
2527 653 2796 721 Orietur

1603 741 1931 806 dominus.
2020 739 2073 815 Ῡ
2118 743 2212 805 Et
2268 742 2477 824 gloria
2527 744 2670 827 ejus
2723 745 2791 808 in

1604 836 1672 892 te
1718 829 2066 894 videbitur.
2156 829 2420 896 Orietur
2463 833 2790 896 dominuS.

1605 916 1830 982 Gloria
1857 918 2051 1001 patri.
2139 917 2354 1002 Super
2380 928 2501 988 te..
2554 920 2607 996 Ῡ
2654 921 2793 983 Do-

1603 1006 1785 1069 mine
1854 1006 2023 1070 deus
2092 1007 2411 1071 virtutum
2486 1017 2792 1072 converte

1603 1114 1741 1159 nos
1835 1093 1926 1158 Et
1959 1095 2238 1159 ostende
2282 1096 2515 1160 faciem
2557 1104 2789 1162 tuam:

1600 1191 1668 1246 et
1699 1181 1865 1246 salvi
1897 1183 2156 1247 erimus·
2244 1183 2388 1247 Hec
2430 1185 2566 1248 tria
2614 1185 2787 1267 capi-

1599 1270 1743 1334 tula
1778 1271 2138 1354 prescripta
2188 1291 2334 1335 cum
2374 1273 2789 1354 responsoriis

1598 1358 1997 1442 sequentibus
2065 1359 2381 1425 dicantur
2435 1361 2532 1423 ad
2588 1361 2787 1426 horas

1595 1446 1881 1530 singulis
1916 1447 2137 1511 diebus
2155 1471 2183 1511 .·
2228 1469 2373 1512 cum
2401 1449 2480 1513 de
2504 1449 2786 1514 adventu

1596 1537 1827 1618 agitur
1845 1559 1872 1599 .·
1916 1556 2114 1618 usque
2147 1537 2245 1600 ad
2276 1537 2580 1620 vig-iliam
2611 1537 2785 1602 nati-

1597 1624 1829 1689 vitatis
1854 1624 2119 1689 domini.

1679 1711 1809 1776 Ad
1864 1723 2169 1795 vesperas.
2263 1713 2635 1796 Antiphone
2709 1713 2791 1778 de

1593 1799 1899 1864 laudibus
1936 1822 2081 1864 cum
2109 1801 2393 1884 psalmis
2434 1802 2785 1867 dominica-

1592 1887 1781 1954 libus.
2388 1889 2779 1973 Capitulum.

1697 1997 1740 2040 n
1814 1977 2047 2042 diebus
2128 1977 2306 2042 illis:
2404 1979 2784 2045 Salvabitur

1677 2064 1880 2146 juda:
1926 2075 1993 2130 et
2037 2066 2227 2130 israel
2270 2066 2599 2131 habitabit
2624 2088 2781 2131 con-

1595 2153 1877 2218 fidenter
1908 2162 1975 2218 et
2014 2153 2139 2217 hoc
2170 2165 2271 2218 est
2316 2175 2557 2218 nomen
2598 2156 2778 2238 quod

1594 2242 1929 2306 vocabunt
1986 2262 2139 2306 eum
2199 2243 2509 2306 dominus
2561 2243 2779 2325 justus

1597 2340 1837 2395 noster.
1933 2331 2079 2395 Hoc
2117 2331 2467 2412 capitulum
2522 2332 2788 2395 dicatur

1595 2419 1693 2482 aa'
1728 2439 1942 2483 omnes
1984 2429 2275 2501 vesperas
2313 2419 2546 2483 abhinc
2584 2441 2785 2502 usque

1594 2506 1695 2572 ad
1744 2507 2047 2591 vigiliam
2107 2507 2478 2573 nativitatis
2533 2508 2787 2575 domini

1595 2618 1740 2661 cum
1768 2597 1849 2661 de
1872 2597 2151 2661 adventu
2180 2597 2424 2679 agitur.
2513 2598 2629 2662 Re.
2675 2598 2780 2661 Tu

1598 2705 1929 2768 exurgens
1988 2685 2297 2749 domine:
2368 2686 2783 2750 Misereberis

1597 2794 1783 2856 syon.
1874 2770 1925 2845 Ῡ
2000 2773 2174 2856 Quia
2234 2782 2499 2858 tempus
2558 2776 2787 2839 miser-

1597 2862 1753 2926 endi
1810 2862 1990 2945 ejus:
2054 2862 2211 2945 quia
2266 2864 2447 2926 venit
2504 2871 2788 2946 tempuS.

1599 2950 2032 3015 Misereberis,
2125 2950 2371 3015 Gloria.
2443 2951 2547 3014 Tu
2584 2972 2783 3014 exur-

1596 3058 1779 3122 genS.
1888 3039 2034 3103 Hoc
2087 3039 2582 3120 Responsorium
2638 3060 2781 3103 cum

1597 3127 1904 3191 versiculo
1967 3136 2031 3191 et
2090 3126 2315 3192 Gloria
2374 3129 2545 3211 patri
2616 3128 2785 3191 sicut

313 3215 607 3279 cordiam
655 3224 860 3279 tuam.
958 3214 1009 3289 Ῡ
1074 3216 1165 3280 Et
1210 3216 1500 3280 salutare
1581 3215 1982 3297 precedentia
2030 3216 2423 3297 responsoria
2468 3216 2567 3279 ad
2586 3215 2781 3280 horas

311 3312 503 3367 tuum
535 3303 624 3368 da
659 3304 867 3368 nobis,
958 3304 1496 3369 Misericordiam.

316 3390 542 3455 Gloria
573 3392 760 3475 patri.
851 3392 1165 3458 Ostende.
1257 3393 1308 3468 Ῠ
1354 3393 1498 3457 Me-

313 3490 542 3544 mento
596 3480 801 3544 nostri
861 3481 1130 3545 domine
1173 3482 1240 3544 in
1299 3480 1498 3545 bene-

313 3567 560 3652 placito
619 3568 846 3652 populi
904 3570 1022 3634 tui.
1110 3570 1328 3633 Visita
1376 3590 1500 3633 nos

313 3658 384 3720 in
415 3656 681 3721 salutari
713 3666 848 3723 tu0.
927 3656 1156 3722 Oratio
1183 3668 1262 3721 ut
1285 3668 1500 3740 supra.

401 3745 528 3809 Ad
563 3766 798 3809 nonam
857 3744 1152 3827 hymnus.
1251 3747 1500 3811 Rerum

313 3834 499 3899 deus,
534 3832 668 3899 Αῆ.
713 3834 888 3899 Ecce
909 3836 1144 3899 veniet.
1169 3844 1272 3916 ps.
1299 3834 1502 3899 Mira-

313 3922 474 3985 bilia
497 3922 878 3987 testimonia
900 3932 1032 3987 tua.
1112 3921 1500 4004 Capitulum.

459 4031 574 4074 cce
604 4011 790 4093 virgo
824 4011 1149 4093 concipiet
1179 4020 1247 4075 et
1291 4012 1500 4093 pariet

461 4098 708 4163 filium:
748 4110 817 4163 et
868 4100 1210 4164 vocabitur
1257 4119 1498 4164 nomen

313 4186 457 4268 ejus
488 4187 870 4251 emanuel⁸2
914 4188 1228 4270 butyrum
1269 4197 1338 4252 et
1369 4188 1500 4251 mel

315 4277 622 4340 comedet
655 4298 672 4341 ε
763 4285 837 4340 ut
910 4276 1077 4340 sciat
1152 4276 1498 4360 reprobare

481 4478 494 4508 ¹
527 4476 814 4527 invenitur:
847 4476 914 4527 E.
927 4476 1084 4529 GJ‘V.

478 4546 500 4575 ²
521 4550 617 4607 pro
643 4544 879 4607 ‘septim'
905 4544 1282 4595 hebdomadam:
1321 4544 1378 4595 G.

265 4794 388 4947 03

1595 3303 1843 3368 dnh-itm
1893 3304 1985 3366 et⁴
2044 3304 2326 3386 quotidie
2363 3315 2491 3386 per
2543 3305 2781 3368 adven-

1599 3402 1739 3455 tum
1770 3415 1796 3457 .·
1884 3412 2027 3455 cum
2086 3392 2166 3455 de
2218 3392 2499 3455 adventu
2556 3393 2787 3474 agitur

1597 3502 1796 3562 usque
1818 3480 1916 3543 ad
1939 3480 2241 3562 vigiliam
2272 3481 2644 3544 nativitatis
2669 3482 2782 3545 do-

1597 3569 1811 3633 mini:
1852 3578 2267 3651 preterquam
2349 3569 2419 3631 in
2500 3568 2779 3635 sabbata.

1601 3658 1923 3738 Hymnus.
2060 3656 2376 3721 Conditor
2446 3656 2635 3721 alme.
2728 3654 2779 3729 Ϋ

1604 3747 1854 3809 Rorate
1918 3743 2059 3809 celi.
2146 3744 2231 3807 In
2288 3746 2613 3826 evangelio
2671 3754 2779 3809 au.

1602 3835 1709 3898 Ne
1736 3834 1973 3897 timeas
2010 3833 2253 3897 maria:
2298 3833 2603 3897 invenisti
2632 3854 2783 3916 gra-

1599 3922 1763 3985 tiam
1794 3923 1971 4005 apud
2004 3921 2345 3985 dominum
2374 3943 2391 3987 2
2436 3942 2585 3987 ecce
2626 3942 2782 3987 con-

1597 4011 1801 4093 cipies
1832 4020 1900 4074 et
1930 4010 2144 4093 paries
2173 4008 2399 4075 filium.
2472 4010 2779 4075 Alleluia.

1583 4108 1685 4181 pf.
1750 4098 1957 4181 Magn
1965 4098 2155 4163 ificat.
2221 4098 2465 4164 Oratio.
2536 4100 2784 4164 Excita

1599 4188 1887 4252 domine.
2007 4186 2337 4252 Memoria
2414 4188 2494 4252 de
2558 4198 2783 4252 sancta

1599 4275 1837 4341 maria.
1921 4277 2057 4343 Aa.
2148 4277 2359 4341 Beata
2418 4296 2489 4343 es
2532 4276 2785 4343 maria:

1657 4479 1678 4507 ⁸
1713 4476 2007 4527 Emmanuel
2032 4496 2046 4527 ε
2080 4476 2143 4527 Ε.

1661 4546 1678 4575 ⁴
1709 4550 1803 4607 pro
1833 4544 1925 4592 ‘et'
1950 4544 2020 4593 ad
2036 4550 2290 4608 vesperas:
2322 4544 2459 4595 E.G.
2480 4544 2557 4593 W.

2488 4647 2533 4699 C
