3375 5100
555 458 1097 541 [Benedictiones
1109 455 1486 520 communes¹
1502 454 1764 520 dicende

685 558 843 613 sunt
873 558 999 631 per
1029 554 1232 609 totum
1276 566 1526 609 annum
1569 556 1761 628 super

687 637 975 703 lectiones
1034 635 1104 699 in
1165 633 1510 698 matutinis
1569 634 1708 697 nisi
1733 636 1758 673 ²

667 730 847 809 sesto
875 723 1166 789 omnium
1195 732 1566 786 sanctorum
1593 732 1658 785 et
1685 722 1758 786 in

685 814 982 880 omnibus
1024 809 1228 896 sestis
1301 810 1476 875 beate
1549 812 1761 875 marie

685 902 972 985 virginis
1043 910 1106 965 et
1171 900 1760 964 commemoratione

685 992 982 1077 q'nsdem.

651 1082 694 1147 i.
743 1078 1220 1146 Benedictione
1249 1084 1610 1161 perpetua:
1642 1075 1758 1140 be-

822 1168 1089 1233 nedicat
1121 1186 1241 1230 nos
1266 1174 1456 1248 pater
1472 1174 1757 1231 eternus·

632 1259 700 1343 ij.
749 1259 937 1323 Deus
981 1256 1088 1319 dei
1135 1254 1348 1319 filius:
1395 1271 1520 1317 nos
1556 1254 1757 1317 bene-

819 1346 1042 1410 dicere
1107 1352 1178 1408 et
1237 1342 1553 1425 adjuvare
1612 1342 1759 1425 dig-

820 1444 1030 1498 netur.

602 1523 700 1608 iij.
749 1520 1247 1606 Spiritussancti
1278 1518 1572 1601 gratia⁸z
1611 1518 1757 1582 illu-

821 1612 1031 1676 minet
1089 1608 1294 1675 corda
1353 1618 1422 1672 et
1478 1627 1759 1693 corpora

821 1710 1064 1764 nostra.

573 1788 698 1873 iiij.
746 1789 1196 1871 Omnipotens
1240 1784 1590 1851 dominus:
1636 1804 1757 1849 sua

821 1876 1037 1960 gratia
1067 1896 1190 1939 nos
1221 1873 1590 1938 benedicat.

1964 456 2243 523 Creator
2260 455 2561 521 omnium
2581 476 2842 523 rerum:
2878 454 3119 523 bene-

2082 547 2262 611 dicat
2294 566 2415 611 nos
2446 566 2621 611 nunc
2651 557 2721 611 et
2754 549 2823 611 in
2862 569 3111 613 evum.

1862 639 1929 714 <s
1974 634 2059 699 In
2088 636 2197 699 die
2220 636 2513 699 omnium
2542 646 2949 701 sanctorum.

1944 724 2006 809 j.
2056 724 2192 788 Det
2250 724 2445 787 venie
2503 744 2747 788 munus
2782 746 2799 788 :
2882 727 3109 791 nobis

2126 834 2249 875 rex
2278 814 2491 876 trinus
2520 822 2591 876 et
2622 834 2813 877 unus.

1934 901 2004 985 ij.
2050 901 2260 983 Virga
2288 902 2506 965 virens
2530 900 2750 983 jesse:
2800 920 2937 966 nos
2966 924 3101 967 ve-

2126 1010 2272 1053 rum
2302 990 2506 1053 ducat
2536 992 2619 1053 ad
2653 988 2848 1055 esse!⁵

1906 1076 2002 1162 iij.
2048 1076 2360 1143 Turmis⁷
2413 1078 2729 1159 angelicis
2764 1100 2783 1144 :
2860 1080 3093 1144 societ

2126 1188 2249 1231 nos
2278 1166 2586 1231 conditor
2616 1169 2812 1233 orbis,

1882 1256 2008 1340 iiij.
2054 1255 2245 1321 Ordo
2266 1255 2773 1338 prophetarum:
2808 1256 3089 1320 minuat

2124 1364 2333 1428 penas
2364 1364 2751 1410 ammarum.

1948 1454 2008 1499 v.
2054 1432 2263 1499 Cetus
2286 1432 2729 1515 apostolicus:
2759 1432 2850 1497 sit
2874 1432 3088 1497 nobis

2124 1541 2388 1604 semper
2416 1522 2685 1585 amicus

1922 1610 2008 1694 ψ’.
2055 1608 2461 1693 Martyribus
2492 1610 2675 1674 sisti:
2708 1609 2913 1673 saciat
2946 1630 3081 1674 nos

2124 1700 2340 1781 gratia
2374 1698 2636 1763 Christi.

1889 1786 2003 1871 vij.
2050 1786 2275 1853 Grex⁰
2306 1786 2757 1851 consessorum
2780 1808 2799 1851 ε
2822 1796 3079 1870 purget

2123 1886 2397 1959 peccata
2426 1896 2707 1940 reorum.

635 1988 694 2032 v.
743 1965 1046 2032 Christus
1090 1972 1444 2047 perpetue:
1488 1963 1606 2026 det
1634 1981 1757 2025 no·
1860 1964 2004 2048 viij.
2048 1964 2347 2047 Virginei
2381 1962 2613 2028 flores:
2654 1972 2919 2027 nostros
2952 1963 3073 2028 de-

819 2056 924 2119 bis
953 2054 1199 2137 gaudia
1227 2054 1378 2116 vite.

614 2145 702 2227 vj.
749 2144 942 2207 Intus
971 2153 1040 2206 et
1071 2141 1408 2205 exterius:
1455 2159 1576 2203 nos
1601 2159 1758 2222 pur-

818 2241 933 2315 get
963 2231 1230 2313 spiritus
1260 2229 1490 2293 almus·

585 2320 698 2403 vij.
741 2320 1090 2385 secundum
1118 2318 1494 2401 johannem.
1575 2316 1757 2380 Fons

819 2408 1145 2491 evangelii
1181 2428 1194 2471 ε
1273 2406 1526 2489 repleat
1589 2424 1713 2468 nos
1730 2404 1756 2443 ⁴

817 2498 1134 2580 dogmate
1165 2494 1304 2561 celi.

584 2586 696 2671 vij.
742 2607 853 2651 sec.
906 2585 1270 2652 Matheum.
1371 2583 1498 2646 Per
1555 2602 1755 2646 evan-

817 2673 1033 2757 gelica
1102 2674 1282 2737 dicta
1319 2693 1334 2736 ε
1409 2670 1757 2736 deleantur

819 2771 1044 2826 nostra
1074 2762 1332 2827 delicta.

583 2851 696 2934 vij.
739 2872 852 2915 sec.
881 2851 1146 2914 Lucam.
1199 2848 1608 2931 Evangelica
1625 2848 1755 2912 lec-

819 2940 952 3004 tio:
1029 2939 1116 3002 sit
1190 2937 1382 3002 nobis
1449 2937 1626 3002 salus
1685 2947 1755 3004 et

814 3028 1156 3110 protecti0.

581 3115 693 3199 vij.
738 3116 1084 3179 secundum
1115 3115 1443 3179 Marcum.
1529 3114 1754 3178 Evan-

815 3205 1044 3287 gelicis
1077 3205 1316 3268 armis:
1349 3203 1608 3268 muniat
1631 3223 1754 3268 nos

813 3295 1123 3357 conditor
1151 3294 1348 3360 orbiS.

550 3381 692 3465 viij.
741 3383 1059 3446 Divinum
1085 3381 1450 3446 auxilium:
1483 3389 1754 3445 maneat

813 3492 1080 3555 semper
1107 3471 1474 3535 nobiscum.

609 3559 694 3623 ix.
744 3560 900 3625 Rex
949 3560 1382 3643 angelorum:
1427 3558 1750 3641 perducat

814 3670 937 3713 nos
968 3649 1054 3712 ad
1087 3669 1292 3731 regna
1320 3646 1630 3712 celorum.

2126 2052 2257 2117 lete
2274 2051 2300 2089 ⁹
2331 2052 2609 2117 dolores·

1916 2142 2009 2209 ix.
2058 2142 2204 2206 Nos
2235 2160 2388 2223 rege
2434 2161 2557 2206 nos
2603 2141 2827 2203 muni:
2876 2160 3071 2205 sanc-

2124 2231 2211 2294 tis
2242 2230 2409 2293 deus
2438 2230 2749 2293 omnibus
2780 2230 2911 2293 uni.

1863 2324 1928 2398 (s
1972 2318 2059 2383 In
2116 2322 2296 2399 sesto
2346 2318 2833 2418 pnurjificationis
2890 2318 3073 2383 beate

1990 2407 2200 2471 marie
2228 2406 2529 2489 virg-ems.

1942 2496 2007 2580 j.
2054 2495 2417 2561 Purificans
2462 2516 2671 2580 pura:
2716 2496 2905 2579 virgo
2952 2516 3068 2562 rea

2124 2595 2395 2669 pectora
2424 2605 2599 2652 cura.

1934 2673 2004 2758 ij.
2054 2675 2209 2738 Rex
2257 2695 2419 2758 puer
2447 2673 2750 2738 oblatus:
2797 2681 3063 2738 nostros

2122 2765 2431 2846 absterge
2452 2763 2499 2801 ¹⁰
2530 2773 2769 2827 reatuS.

1909 2851 2006 2935 iij.
2054 2852 2201 2916 Nos
2230 2853 2429 2916 satiet
2458 2851 2694 2914 donis:
2741 2871 2909 2933 puer
2936 2852 3059 2914 im-

2121 2940 2313 3023 plens
2342 2961 2532 3022 spem
2564 2940 2918 3022 symeonis

1875 3027 1999 3112 iiij.
2042 3027 2340 3110 Virginis
2362 3049 2405 3092 o
2427 3029 2683 3112 proles:
2712 3028 3057 3112 culparum

2121 3117 2302 3182 dilue
2334 3117 2561 3182 moles,

1942 3227 2001 3272 v.
2046 3206 2257 3288 Virgo
2305 3205 2628 3271 secunda:
2676 3205 2785 3288 pia
2842 3225 2966 3269 nos
3020 3226 3061 3269 a

2121 3295 2397 3358 crimine
2429 3295 2697 3358 munda.

1916 3381 2005 3466 vj.
2052 3383 2197 3447 Nos
2221 3384 2501 3448 benedic
2526 3393 2755 3466 grata:
2787 3383 2901 3466 pia
2919 3402 3059 3446 ma-

2120 3480 2223 3537 ter
2252 3481 2322 3538 et
2352 3472 2683 3536 inviolata.

1883 3560 1997 3644 vij.
2042 3559 2146 3624 Te
2167 3563 2281 3644 pia
2302 3563 2489 3644 virgo
2511 3560 2683 3625 duce
2704 3559 2781 3625 ¹¹:
2812 3559 3057 3624 satient

2120 3670 2241 3714 nos
2271 3651 2594 3733 dogmata
2623 3649 2787 3714 luce.

554 3740 619 3814 {I
669 3735 946 3816 Quando
997 3758 1143 3802 vero
1194 3757 1320 3800 non
1357 3734 1752 3816 pronuncia·
1852 3738 1996 3820 viij.
2046 3739 2200 3802 Rex
2241 3747 2700 3822 presentatus:
2746 3737 2833 3801 sit
2863 3736 3057 3802 nobis

683 3835 799 3888 tur
812 3826 838 3864 ⁶
881 3825 1288 3908 evangelium
1343 3825 1439 3888 ad
1481 3823 1751 3886 matuti-

681 3935 804 3978 nas
822 3937 848 3978 .·
919 3914 1182 3979 dicatur
1239 3913 1352 3997 vij.
1415 3911 1753 3977 benedictio

679 4002 796 4066 hoc
821 4004 1018 4069 modo.

779 4179 801 4276 ε
838 4180 1353 4296 usffN

780 4313 800 4342 ⁸
841 4313 1054 4376 ‘gratia'
1079 4329 1206 4363 οπως
1241 4313 1384 4363 Ν.Κ.

781 4380 800 4409 ⁴
841 4379 991 4428 ‘nos’
1015 4395 1148 4428 om.:
1187 4379 1328 4429 N.K.

780 4446 801 4475 ⁸
822 4447 1268 4510 pronunciantur:
1305 4447 1440 4495 E.L.

781 4513 800 4540 ⁶
833 4512 1041 4562 adesse:
1077 4512 1210 4562 L.N.
1289 4513 1416 4562 isse:
1455 4513 1520 4562 K.

2120 3829 2539 3911 propitiatus·

1914 3915 1999 3980 ix.
2048 3916 2194 3980 Nos
2225 3915 2434 3981 societ
2456 3915 2743 3980 sanctis:
2776 3934 3054 3997 symeon

2122 4026 2322 4089 quem
2354 4005 2559 4088 gessit
2593 4005 2661 4067 in
2694 4003 2881 4068 ulnis·

2088 4185 2107 4211 ⁷
2141 4183 2353 4235 Tarnis:
2389 4183 2447 4234 E.
2459 4184 2525 4234 N.

2089 4250 2110 4280 ⁸
2142 4265 2235 4314 pro
2264 4251 2430 4301 ‘Grex
2450 4253 2462 4272 ’
2486 4250 2534 4302 Ο
2560 4267 2668 4300 rex:
2705 4251 2771 4300 K.

2086 4319 2106 4346 ⁹
2140 4316 2341 4367 delerez
2377 4317 2437 4367 E.
2447 4317 2506 4367 L.

2076 4383 2113 4413 ¹⁰
2146 4383 2430 4448 absterget:
2467 4383 2673 4433 E.N.L.

2075 4449 2108 4479 ¹¹
2144 4449 2323 4500 dulce:
2360 4450 2420 4500 E.
2431 4451 2487 4500 L.

1673 4592 1941 4656 (16)
