3375 5100
833 363 936 418 IN
985 361 1287 418 VJGJLJA
1338 361 1899 418 ASCENSIONIS
1941 363 2270 421 DOMINI.

843 470 990 526 478

316 574 668 660 capitulum
718 585 779 640 et
834 585 1140 659 sequatur
1190 573 1500 639 memoria

315 666 396 728 de
461 674 686 728 octava
759 664 1158 728 ascensionis.
1263 664 1360 727 Et
1429 664 1498 726 in

319 753 612 816 secundis
639 753 913 834 vesperis
953 753 1032 816 de
1060 753 1236 835 sesto
1263 751 1504 833 duplici

318 841 630 904 dt’cuntur
673 851 866 924 super
904 841 1194 923 psalmos
1228 840 1502 921 fert'ales

318 929 660 1011 antiphone
716 929 795 991 de
851 929 1164 993 laudibus.
1280 929 1376 991 Et
1429 929 1501 992 in

305 1017 481 1099 sesto
539 1017 822 1099 simplici
875 1037 1096 1080 novem
1169 1017 1501 1080 lectionum

318 1105 670 1186 antiphona
713 1106 1118 1170 alleluiatica.
1211 1105 1300 1172 Si
1358 1125 1502 1168 vero

303 1195 558 1274 fartum
619 1195 824 1257 trium
867 1194 1196 1257 lectionum
1270 1193 1502 1257 ibidem

316 1283 598 1346 evenerit
651 1281 913 1345 dicatur
963 1282 1044 1346 de
1081 1281 1345 1345 domina
1366 1305 1390 1344 .·
1441 1291 1506 1344 et

301 1371 442 1453 fiat
457 1371 765 1434 memoria
782 1371 861 1433 de
870 1372 1046 1451 festo
1071 1393 1094 1434 .·
1121 1379 1182 1433 et
1198 1371 1503 1433 memoria

316 1459 395 1521 de
451 1459 810 1521 ascensione
859 1469 934 1522 ut
973 1458 1336 1541 predictum
1395 1468 1499 1522 est.

316 1548 484 1611 Item
517 1546 818 1610 memorie
863 1568 983 1628 que
1005 1547 1178 1628 fient
1219 1546 1300 1610 de
1326 1548 1503 1627 festo

319 1635 529 1698 trium
597 1635 933 1698 lectionum
995 1636 1182 1715 infra
1246 1645 1504 1698 octavas

315 1723 707 1786 ascensionis
725 1745 748 1785 .·
778 1733 840 1786 et
868 1726 936 1786 in
969 1723 1312 1786 matutinis
1339 1733 1402 1786 et
1430 1723 1500 1786 in

317 1810 599 1892 vesperis
625 1811 732 1873 die
757 1813 1002 1874 veneris
1022 1835 1046 1875 .·
1073 1821 1136 1874 et
1163 1811 1506 1875 matutinis

314 1900 426 1962 die
437 1899 694 1963 sabbati
687 1910 838 1982 post
847 1910 1103 1963 octavas
1119 1921 1259 1964 cum
1271 1899 1503 1963 eisdem

313 1987 691 2069 antiphonis
713 1987 888 2071 flent
913 2011 936 2051 .·
978 1988 1208 2070 quibus
1237 1997 1508 2071 tempore

305 2075 619 2157 paschali.

319 2170 382 2243 ί
413 2165 463 2228 I
457 2187 501 2228 n
520 2163 756 2246 vigilia
783 2163 1168 2229 ascensionis
1196 2163 1296 2228 ad
1303 2172 1501 2229 matu.

317 2253 617 2318 invitato.
703 2252 1010 2317 Alleluia.
1086 2261 1188 2335 ps.
1262 2253 1504 2316 Venite

317 2341 522 2424 Hym.
569 2340 846 2405 Aurora.
892 2341 976 2406 In
1036 2351 1336 2405 nocturno
1396 2349 1500 2404 an'.

317 2429 634 2494 Alleluia.
670 2438 765 2510 ps'.
800 2430 995 2493 Dixit
1041 2431 1367 2513 insipiens
1397 2437 1498 2512 pf.

320 2517 594 2583 Exaudi
618 2517 782 2582 deus
799 2519 1162 2583 orationem
1197 2537 1410 2582 meam
1435 2526 1502 2582 et

317 2627 403 2671 ne
437 2606 838 2689 despexeris,
857 2616 958 2690 ps.
1010 2608 1324 2671 Miserere
1370 2607 1500 2669 mei

317 2697 486 2759 deus
505 2696 817 2777 quoniam
839 2694 1260 2759 conculcavit.
1293 2712 1338 2780 y
1371 2695 1500 2757 Re-

317 2784 609 2846 surrexit
627 2783 948 2848 dominus,
965 2782 1094 2846 Sec.
1115 2782 1498 2857 Joltannem.

313 2873 456 3003 ln
517 2871 633 2934 illo
709 2882 1048 2953 tempore:
1128 2868 1502 2935 Sublevatis

406 2959 602 3041 Jesus
643 2960 849 3023 oculis
910 2960 977 3022 in
1009 2959 1266 3023 celum:
1312 2959 1500 3022 dixit.

318 3046 556 3111 Pater:
588 3048 767 3111 venit
797 3046 958 3112 hora
988 3046 1266 3111 clarifica
1296 3046 1501 3110 filium

317 3144 510 3198 tuum
541 3156 555 3198 :
603 3144 676 3197 ut
707 3134 877 3198 filius
909 3146 1058 3199 tuus
1077 3134 1389 3199 clarificet
1418 3144 1500 3199 te.

313 3223 408 3287 Et
433 3222 699 3305 reliqua.

319 3310 576 3376 Omelia
596 3310 764 3375 beati
778 3310 1120 3393 augustini
1141 3308 1256 3393 epi.
1286 3310 1428 3373 Lec.
1439 3310 1501 3393 j.

325 3398 844 3535 Glorificatum
889 3421 930 3463 a
961 3408 1150 3481 patre
1179 3397 1384 3462 filium
1407 3418 1506 3460 se-

449 3488 736 3552 cundum
768 3488 1046 3551 formam
1093 3487 1260 3551 servi
1306 3504 1505 3568 quam

315 3584 512 3658 pater
563 3576 904 3641 suscitavit
954 3596 994 3639 a
1047 3575 1362 3639 mortuis:
1437 3582 1506 3637 et

316 3664 404 3729 ad
479 3684 668 3727 suam
730 3664 1072 3727 dexteram
1164 3662 1507 3726 collocavit

317 3772 422 3815 res
453 3752 597 3833 ipsa
625 3752 868 3816 indicat
895 3774 910 3817 :
956 3761 1024 3815 et
1055 3751 1268 3815 nullus
1299 3750 1506 3814 ambi-

315 3841 416 3922 git
476 3839 882 3905 christianus.
987 3840 1122 3905 Sed
1185 3838 1502 3923 quoniam

317 3948 455 3991 non
484 3936 744 3992 tantum
775 3928 948 3991 dixit
977 3936 1166 4011 pater
1223 3926 1504 3990 clarifica

316 4016 526 4079 filium
559 4024 746 4079 tuum
776 4037 790 4080 :
836 4016 953 4079 sed
985 4014 1242 4079 addidit
1261 4016 1501 4079 etiam:

317 4114 392 4169 ut
425 4102 594 4167 filius
648 4113 800 4168 tuus
848 4103 1158 4169 clarificet
1208 4111 1294 4166 te.
1383 4101 1501 4166 Re.

318 4192 607 4258 Cantate
637 4192 780 4257 de0.
1189 4189 1405 4255 Lectio
1437 4190 1502 4272 ij.

317 4281 695 4413 Merito
782 4281 1076 4381 queritur
1164 4279 1507 4382 quomodo

529 4378 782 4451 patrem
843 4368 1292 4433 clarificaverit
1339 4366 1508 4432 filius

421 4508 434 4537 ¹
475 4510 488 4532 ‘
506 4505 623 4570 quia
641 4504 653 4528 ’
677 4504 775 4553 add
802 4522 814 4553 ε
851 4504 1009 4556 N.W.

418 4575 438 4603 ²
476 4576 489 4599 ⁶
508 4572 622 4636 per’
646 4588 743 4621 om.
776 4590 788 4619 z
825 4570 906 4618 W.

418 4640 436 4669 ⁸
476 4638 669 4703 ‘pater’
693 4637 792 4687 add
819 4655 830 4685 :
866 4636 1028 4686 N.W.

2101 473 2245 526 474

1601 595 1754 639 cum
1826 575 2224 658 sempiterna
2270 576 2532 640 claritas
2582 578 2789 660 patris

1605 684 1726 728 nec
1798 665 2123 727 diminuta
2195 664 2391 730 fuerit
2449 667 2513 729 in
2575 666 2787 730 forma

1603 751 1935 816 humana:
1982 772 2101 817 nec
2130 753 2351 835 augeri
2403 756 2688 837 potuerit
2720 755 2785 817 in

1605 861 1725 904 sua
1748 840 2142 923 perfectione
2188 841 2448 906 divina?
2538 842 2672 907 Sed
2718 843 2787 907 in

1605 930 1823 1010 seipsa
1864 928 2125 993 claritas
2170 931 2375 1012 patris
2411 949 2531 993 nec
2560 931 2785 1012 augeri

1605 1037 1727 1081 nec
1780 1018 1987 1082 minui
2037 1026 2273 1100 potest.
2362 1018 2478 1082 Re.
2526 1020 2784 1083 Bonum

1605 1114 1722 1168 est.
2448 1107 2660 1170 Lectio
2688 1107 2785 1189 iij.

1605 1195 1859 1325 Hoc
1906 1203 2126 1257 autem
2164 1191 2181 1231 ¹
2228 1215 2344 1277 per
2373 1195 2785 1277 evangelium

1786 1282 2025 1347 Christi
2058 1281 2303 1346 factum
2336 1292 2473 1348 est:
2524 1292 2597 1347 ut
2626 1285 2789 1366 per²

1605 1368 1865 1433 filium⁸
1939 1371 2373 1435 innotesceret
2444 1372 2785 1454 gentibus:

1605 1457 1899 1541 profecto
1959 1468 2213 1540 patrem
2265 1459 2653 1542 glorificavit
2720 1469 2787 1524 et

1607 1545 1803 1610 filius.
1895 1546 1967 1611 Si
2016 1557 2243 1610 autem
2320 1549 2787 1612 tantummodo

1607 1644 1902 1698 mortuus
1934 1634 2160 1699 fuisset
2211 1634 2382 1698 filius
2428 1656 2547 1701 nec
2581 1657 2785 1699 resur-

1605 1723 1924 1787 rexisset:
2028 1723 2461 1806 proculdubio
2537 1744 2657 1788 nec
2746 1745 2787 1788 a

1607 1821 1794 1892 patre
1911 1809 2301 1876 clarificatus
2406 1823 2580 1876 esset
2665 1833 2786 1876 nec

1605 1908 1860 1981 patrem
1908 1898 2339 1964 clarificasset.
2454 1901 2647 1964 Nunc
2677 1921 2789 1965 au-

1608 1995 1745 2050 tem
1792 1989 2257 2051 resurrectione
2301 1987 2688 2052 clarificatus
2749 2010 2790 2052 a

1608 2083 1821 2157 patre:
1868 2076 2352 2140 resurrectionis
2397 2097 2515 2139 sue
2572 2076 2788 2158 predi-

1605 2163 1867 2227 catione
1925 2163 2234 2227 clarificat
2282 2173 2557 2246 patrem.
2673 2165 2785 2228 Re.

1609 2251 1859 2315 Dicant
1888 2271 2078 2316 nunc.
2166 2252 2321 2315 Nou
2364 2251 2613 2314 dicitur
2681 2262 2786 2332 ps.

1606 2339 1707 2402 Te
1730 2340 1949 2403 deum.
1995 2356 2042 2426 γ
2088 2338 2390 2404 Surrexit
2416 2346 2441 2378 ⁴
2482 2340 2789 2404 dominus

1604 2428 1806 2492 vere?
1868 2427 1953 2490 In
1976 2427 2279 2491 laudibus
2296 2437 2401 2492 an.
2474 2427 2786 2494 Alleluia.

1589 2524 1692 2598 ps.
1741 2516 2069 2581 Dominus
2100 2517 2415 2601 regnavit,
2444 2526 2546 2581 etc.
2601 2516 2788 2601 Capi-

1607 2605 1829 2669 tulum.

1603 2692 2161 2826 Multitudinis
2205 2693 2613 2758 credentium
2645 2702 2787 2757 erat

1786 2802 1898 2846 cor
1926 2802 2129 2847 unum
2161 2790 2228 2845 et
2258 2782 2479 2845 anima
2508 2802 2639 2845 una
2668 2801 2788 2845 nec

1605 2870 1954 2952 quisquam
1988 2890 2215 2933 eorum
2247 2891 2374 2953 que
2406 2870 2789 2952 possidebat

1605 2958 1854 3041 aliquid
1898 2978 2091 3022 suum
2136 2979 2279 3023 esse
2330 2959 2627 3023 dicebat:
2672 2961 2790 3023 sed

1607 3056 1794 3111 erant
1872 3046 1999 3110 illis
2072 3048 2295 3110 omnia
2395 3048 2791 3111 communia.

1605 3134 1803 3215 Hym.
1854 3134 2171 3200 Sermone
2203 3134 2466 3199 blande.
2541 3153 2586 3221 y
2636 3136 2789 3200 Sur-

1606 3224 1783 3286 rexit
1826 3222 2129 3287 dominus
2173 3223 2257 3286 de
2303 3223 2661 3306 sepulchro,
2707 3223 2791 3287 In

1606 3330 1859 3391 evange.
1891 3319 1997 3374 an'.
2096 3309 2398 3375 Clarifica
2439 3330 2545 3374 me
2605 3320 2795 3393 pater
2888 3376 2901 3393 ‚

1609 3400 1785 3481 apud
1812 3398 2231 3481 temetipsum
2264 3399 2557 3462 claritate
2590 3419 2790 3479 quam

1607 3485 1807 3550 habui
1856 3487 2231 3569 priusquam
2267 3487 2549 3551 mundus
2610 3485 2795 3550 fieret

1608 3574 1772 3639 all’a.
1791 3584 1893 3656 ps.
1940 3576 2352 3639 Benedictus
2545 3574 2789 3639 Oratio.

1606 3666 1929 3795 Presta
1969 3682 2326 3745 quesumus
2374 3663 2793 3743 omnipotens

1748 3760 1940 3833 pater
1990 3760 2064 3814 ut
2124 3760 2347 3813 nostre
2391 3751 2631 3813 mentis
2692 3750 2792 3812 in-

1606 3840 1819 3903 tentio
1850 3838 2025 3920 quo³
2067 3837 2476 3901 solennitatis
2520 3847 2795 3903 venture

1606 3926 1928 4009 gloriosus
1992 3934 2218 3990 auctor
2290 3928 2618 4008 ingressus
2692 3934 2795 3990 est

1607 4034 1871 4097 semper
1929 4015 2267 4080 intendat:
2336 4023 2405 4078 et
2466 4034 2601 4097 quo
2664 4013 2796 4077 fide

1607 4104 1824 4185 pergit
1874 4104 2366 4166 conversatione
2440 4103 2797 4185 perveniat.

1610 4192 1733 4254 Per
1762 4191 2064 4256 eundern.
2167 4190 2495 4255 Memoria
2524 4212 2649 4254 non
2678 4190 2798 4255 ad-

1605 4279 1811 4343 datur
1838 4280 1971 4343 nisi
1981 4278 2165 4360 sorte
2182 4280 2461 4343 evenerit
2473 4279 2553 4343 de
2576 4290 2797 4344 sancto

1606 4367 1840 4450 aliquo.
1946 4368 2046 4429 Et
2100 4366 2167 4429 si
2219 4367 2297 4431 de
2338 4378 2556 4432 sancto
2612 4368 2801 4450 sorte

1706 4506 1723 4533 ⁴
1760 4502 2043 4551 Resurrexit
2066 4520 2079 4552 τ
2114 4502 2181 4551 N.

1702 4572 1723 4599 ³
1761 4570 2068 4631 ‘unigenitus
2108 4568 2235 4617 filius
2272 4577 2382 4619 tuus
2418 4568 2645 4618 dominus
2680 4584 2791 4617 nos-

1605 4634 1702 4684 ter'
1727 4634 1823 4683 add
1850 4654 1862 4683 :
1899 4634 1966 4685 Ν.
