3375 5100
1103 295 1355 354 FERIA
1414 294 1715 353 TERTIA
1767 296 1950 352 PEN
1949 296 2122 354 THE
2123 295 2173 353 C
2171 296 2272 354 OS
2273 294 2384 353 TE
2381 298 2444 355 S.

1058 406 1206 461 307

527 516 807 585 alleluia.
856 534 903 605 γ
950 516 1213 600 Repleti
1273 526 1426 581 sunt
1490 536 1724 581 omnes

526 611 757 692 spiritu
790 616 1019 671 sancto
1055 616 1127 670 et
1168 614 1481 689 ceperunt
1526 605 1723 687 loqui.

534 700 735 761 Prout
764 696 1030 779 spiritus
1060 705 1326 758 sanctus
1356 694 1561 757 dabat
1588 694 1723 758 elo-

530 786 663 868 qui.
755 784 982 848 Gloria
1026 784 1217 865 patri.
1262 782 1571 846 Alleluia.
1618 790 1719 864 pf.

538 874 640 937 Te
700 872 901 936 deum
950 870 1312 935 laudamus
1364 886 1411 957 γ
1458 870 1722 952 Loque-

532 960 791 1025 bantur.
842 961 927 1024 In
978 958 1283 1023 laudibus
1338 968 1444 1022 αῆ.
1538 958 1720 1021 Dum

532 1049 1040 1131 complerentur.
1070 1056 1170 1129 pi.
1220 1048 1547 1111 Dominus
1578 1066 1723 1128 reg-

534 1138 737 1201 navit.
824 1138 956 1199 Aa.
1044 1136 1333 1218 Spiritus
1452 1134 1718 1198 domini.

517 1234 623 1307 pff.
710 1223 1019 1305 jubilate.
1091 1233 1196 1287 etc.
1302 1222 1460 1304 Cap.
1538 1224 1719 1286 Dum

534 1312 1035 1395 complerentur.
1152 1311 1471 1391 Hymnus.
1586 1310 1720 1374 Im-

532 1401 716 1483 pleta
744 1398 1029 1481 gaudia.¹
1074 1414 1123 1485 γ
1154 1399 1437 1481 Spiritus
1454 1408 1721 1463 sanctus

533 1489 816 1551 docebit.
906 1488 991 1551 In
1062 1508 1313 1569 evange.
1376 1496 1487 1551 αῆ.
1605 1486 1720 1552 Sic

531 1578 697 1641 deus
744 1576 983 1640 dilexit
1024 1577 1344 1640 mundum
1390 1585 1463 1639 ut
1510 1574 1720 1639 filium

533 1686 727 1728 suum
760 1664 1169 1746 unigenitum
1198 1664 1429 1728 daret:
1474 1673 1548 1727 ut
1578 1684 1719 1727 om-

533 1753 638 1816 nis
660 1753 773 1835 qui
800 1752 1009 1815 credit
1040 1753 1106 1815 in
1127 1752 1270 1834 ipso
1300 1772 1431 1817 non
1456 1762 1719 1834 pereat:

531 1841 651 1904 sed
685 1840 929 1905 habeat
968 1841 1172 1905 vitam
1218 1850 1513 1905 eternam
1544 1839 1718 1904 all’a.

516 1939 619 2011 pf.
671 1930 1073 1993 Benedictus,
1472 1928 1719 1993 Oratio.

530 2020 803 2150 Deus
852 2018 963 2099 qui
1010 2016 1325 2099 apostolis
1374 2018 1505 2079 tuis
1534 2036 1724 2080 sanc-

691 2116 829 2168 tum
885 2105 1119 2169 dedisti
1168 2106 1510 2187 spiritum:
1566 2124 1722 2169 con-

528 2195 695 2258 cede
742 2193 917 2276 plebi
992 2202 1105 2257 tue
1191 2195 1298 2275 pie
1386 2194 1720 2275 petitionis

532 2282 884 2346 effectum:
984 2292 1057 2345 ut
1152 2281 1393 2363 quibus
1474 2280 1720 2345 dedisti

534 2370 736 2433 fidem
796 2370 1090 2453 largiaris
1148 2379 1215 2433 et
1260 2390 1507 2452 pacem.
1600 2371 1724 2433 Per

533 2459 875 2521 dominum
950 2459 1016 2521 in
1094 2459 1346 2521 unitate
1403 2456 1717 2540 ejusdem.

532 2546 660 2610 Ad
656 2547 953 2628 primam
982 2556 1059 2610 ut
1096 2557 1310 2629 supra.
1396 2547 1523 2610 Ad
1542 2546 1720 2610 terti-

523 2655 645 2698 am
700 2635 992 2714 hymnus.
1082 2635 1254 2698 Veni
1312 2644 1581 2699 creator.
1672 2651 1720 2722 γ

532 2722 668 2805 Qui
700 2723 1065 2804 paraclitus,
1110 2739 1157 2809 y
1203 2723 1475 2786 Dudum
1507 2744 1719 2787 sacra-

530 2821 618 2873 ta.
666 2826 713 2895 y
759 2811 863 2875 Sit
909 2811 1064 2874 laus.
1124 2811 1490 2893 Antiphone
1546 2814 1721 2895 capi-

528 2899 671 2962 tula
738 2905 807 2962 et
872 2899 1293 2981 Responsoria
1354 2909 1430 2963 ut
1504 2913 1720 2983 supra.

534 2986 780 3050 Oratio,
916 2987 1097 3050 Deus
1184 2988 1297 3068 qui
1385 2989 1717 3056 hodierna.

524 3075 681 3137 ·Hec
734 3075 938 3138 oratio
992 3075 1243 3138 dicetur
1296 3077 1578 3158 quotidie
1628 3079 1729 3142 ad

529 3163 734 3225 horas
788 3183 983 3245 usque
1038 3164 1135 3226 ad
1183 3164 1437 3245 festum
1502 3179 1720 3231 sancte

528 3251 865 3315 trinitatis.
953 3251 1080 3315 Ad
1126 3261 1368 3315 sextam
1424 3253 1716 3334 hymnus.

534 3339 639 3403 Tu
702 3339 1117 3422 septiformis,
1184 3357 1231 3427 y
1293 3341 1622 3407 Accende.
1669 3360 1717 3431 γ

534 3427 805 3491 Dudum
838 3445 886 3513 γ
928 3429 1030 3494 Sit
1062 3429 1217 3493 laus.
1248 3439 1355 3493 etc.
1401 3439 1475 3493 ut
1500 3443 1715 3514 supra.

526 3516 656 3578 Ad
720 3537 955 3580 nonam
1013 3516 1302 3597 hymnus.
1426 3519 1713 3584 Hostem

532 3604 919 3692 repellas‘y
990 3606 1112 3668 Per
1170 3614 1235 3669 te
1278 3605 1576 3672 sciamus,
1670 3627 1715 3696 y

534 3693 825 3758 Dudum.
860 3711 904 3780 γ
936 3694 1039 3760 Sit
1070 3695 1227 3758 laus,
1273 3703 1377 3758 etc.
1401 3705 1477 3758 ut
1498 3708 1714 3778 supra.

529 3781 631 3844 Et
656 3783 751 3844 sic
787 3782 1092 3845 ditantur
1130 3783 1357 3864 hymni
1401 3784 1496 3846 ad
1522 3785 1717 3850 horas

515 3879 641 3951 per
664 3880 865 3933 totam
909 3870 1365 3934 hebdomadam
1414 3873 1610 3936 etiam
1653 3874 1720 3937 si

528 3957 607 4018 de
619 3959 794 4037 festo
819 3958 1096 4041 alicujus
1135 3961 1348 4023 sancti
1386 3961 1713 4026 diceretur.

528 4045 652 4107 Ad
673 4056 963 4127 vesperas
1011 4055 1116 4110 aii.
1193 4049 1374 4111 Dum
1424 4051 1714 4133 comple-

529 4143 767 4196 rentur.
828 4144 927 4215 ps'z
992 4135 1185 4198 Dixit
1234 4136 1559 4202 dominus
1604 4147 1712 4202 ανῖ.

532 4221 832 4303 Spiritus
862 4231 961 4303 pff.
1011 4222 1392 4287 Confitebor
1421 4235 1525 4290 etc.
1564 4227 1710 4309 Cap.

528 4309 711 4372 Dum
744 4311 1241 4393 complerentur.
1287 4314 1483 4395 Hym.
1544 4316 1714 4379 Bea-

2321 404 2478 463 508

1816 524 1888 580 ta
1919 516 2109 580 nobis
2154 518 2414 607 gaudia.
2463 532 2510 603 γ
2555 515 2838 599 Spiritus
2885 516 3007 581 doss

1819 604 1978 668 mini
2009 606 2298 687 replevit.
2343 606 2428 669 In
2455 624 2678 687 evang.
2707 612 2812 669 aii.
2847 606 3003 669 Non

1817 695 1993 756 enim
2028 694 2205 758 misit
2255 694 2418 757 deus
2447 692 2652 758 filium
2697 714 2888 757 suum
2935 696 3004 757 in

1819 782 2141 845 mundum
2201 792 2275 847 ut
2326 782 2578 865 judicet
2637 782 3005 846 mundum:

1815 869 1934 933 sed
1967 878 2040 933 ut
2087 870 2376 934 salvetur
2421 870 2706 933 mundus
2738 890 2856 952 per
2901 870 3004 953 ip-

1815 978 1963 1023 sum
1994 958 2160 1022 all’a.
2183 968 2281 1040 pff.
2319 958 2720 1041 Magnificat.
2756 958 3002 1023 Oratio.

1819 1046 2001 1109 Deus
2031 1050 2144 1129 qui
2174 1048 2506 1130 apostolis.
2593 1054 2793 1109 cetera
2836 1047 3008 1109 sicta

1815 1134 1888 1197 in
1972 1135 2078 1198 die
2103 1158 2126 1198 .·
2201 1145 2420 1217 preter
2503 1134 3002 1216 Responsorium

1813 1222 1988 1305 quod
2008 1244 2134 1286 non
2163 1224 2410 1287 dicetur
2432 1222 2538 1286 hic
2557 1245 2582 1285 .·
2627 1242 2735 1285 uec
2763 1223 2832 1285 in
2867 1223 2999 1285 die-

1817 1312 1933 1375 bus
1947 1312 2358 1393 sequentibus.
2401 1312 2464 1375 A
2471 1311 2525 1375 d
2533 1312 3002 1393 completorium

1807 1398 1940 1462 loco
1965 1400 2193 1479 hymni
2634 1399 2998 1481 Sequentia.

1815 1488 2154 1620 Laudes
2213 1488 2342 1552 deo
2399 1488 2688 1552 devotas.
2798 1486 3000 1551 Dulci

1950 1596 2110 1641 voce
2140 1598 2216 1641 ac
2246 1596 2498 1640 sonora.
2545 1576 2750 1639 Plebs
2799 1575 2998 1639 resul-

1815 1673 1913 1727 tet
1987 1665 2325 1729 catholica.
2419 1664 2705 1746 Spiritus
2786 1662 3000 1727 sancti

1813 1754 2045 1834 gratia.
2103 1753 2165 1816 A
2175 1754 2449 1837 postolis
2497 1754 2604 1815 die
2661 1751 2994 1816 hodierna.

1815 1842 1902 1903 In
1925 1842 2134 1923 igneis
2166 1842 2404 1924 linguis
2435 1850 2536 1904 est
2581 1839 2812 1904 infusa.
2860 1840 2998 1903 Pa-

1815 1929 2026 1993 racliti
2073 1931 2418 2011 presentia.
2482 1930 2831 1993 Emundet
2876 1946 2999 1991 nos

1811 2036 1857 2079 a
1889 2020 2138 2099 peccati
2170 2019 2440 2082 macula.
2483 2018 2669 2081 Pura
2711 2016 2834 2079 sibi
2881 2036 2997 2098 ap-

1813 2114 1965 2169 tans
2017 2106 2406 2171 habitacula.
2505 2105 2996 2170 charismatum

1812 2202 1886 2257 et
1945 2215 2232 2259 munera.
2306 2195 2698 2258 Pectoribus
2758 2193 2997 2256 nostris

1813 2283 1964 2364 pius
1995 2283 2314 2347 infundat.
2379 2283 2539 2347 Vita
2583 2281 2783 2345 nostri
2828 2282 2888 2343 ei
2920 2288 2998 2343 ut

1811 2372 2242 2454 complaceat.
2302 2372 2440 2435 Per
2485 2370 2848 2435 seculorum
2897 2389 2995 2433 se-

1811 2460 1978 2523 cula.
2103 2460 2601 2525 conclamemus
2718 2457 2996 2521 alleluia.

1821 2546 1930 2612 Sit
1960 2548 2088 2612 deo
2117 2548 2258 2614 laus
2289 2550 2500 2632 pietas
2529 2546 2738 2611 honor
2791 2547 2998 2610 virtus

1817 2645 1884 2700 et
1939 2637 2164 2719 gloria.
2254 2654 2301 2723 y
2391 2637 2674 2721 Spiritus
2731 2643 2997 2698 sanctus

1811 2726 2093 2789 docebit.
2123 2736 2227 2790 etc.

1819 2818 1882 2892 (1
1910 2814 2108 2877 Feria
2140 2815 2232 2897 iij.
2254 2813 2352 2878 ad
2363 2822 2558 2877 matu.
2593 2813 2818 2876 invita.
2865 2811 2996 2874 Re-

1812 2902 1974 2984 pleti
2025 2912 2195 2967 sunt.
2267 2911 2368 2984 pf.
2454 2903 2712 2966 Venite.
2799 2900 3002 2980 Hym.

1812 2991 1966 3072 Jam
2006 2991 2320 3056 Christus
2409 2991 2494 3053 In
2547 2998 2846 3052 nocturno
2891 2995 2998 3051 ar't’.

1816 3079 1872 3142 F
1873 3089 2057 3144 actus
2087 3090 2204 3144 est.
2235 3089 2336 3160 pi.
2383 3079 2670 3161 Magnus
2693 3076 2998 3141 dominus

1810 3177 1918 3231 etc.
1963 3169 2129 3231 utin
2158 3168 2275 3233 die.
2321 3184 2368 3253 y
2437 3167 2718 3250 Spiritus
2747 3164 3008 3228 domini-

1814 3256 2103 3339 replevit.
2254 3257 2616 3322 Secundum
2626 3253 2998 3336 johannem.

1810 3348 1909 3478 l
1931 3365 1972 3407 n
2019 3346 2133 3408 illo
2185 3353 2484 3427 tempore
2544 3343 2739 3405 Dixit
2803 3341 2998 3422 Jesus

1928 3433 2262 3515 discipulis
2307 3434 2456 3496 suis,
2546 3430 2769 3493 Amen
2801 3449 2994 3492 amen

1811 3521 1963 3585 dico
2004 3522 2233 3586 vobis:
2279 3521 2392 3604 qui
2451 3539 2584 3582 non
2635 3521 2835 3581 intrat
2880 3539 2998 3600 per

1811 3611 2053 3674 ostium
2099 3611 2167 3672 in
2210 3610 2380 3673 ovile
2422 3609 2688 3672 ovium:
2733 3607 2848 3670 sed
2895 3627 2997 3669 as-

1810 3699 2032 3762 cendit
2091 3697 2394 3761 aliunde:
2469 3697 2578 3760 ille
2629 3695 2732 3758 fur
2777 3704 2878 3758 est
2928 3704 2997 3758 et

1813 3786 1997 3850 latro,
2047 3787 2136 3851 Et
2168 3787 2436 3868 reliqua.

1817 3874 2044 3938 Sermo
2063 3895 2142 3938 ex
2179 3874 2628 3938 commentario
2673 3871 2844 3934 beati
2874 3891 2994 3932 au-

1801 3963 2064 4045 gustini
2087 3963 2360 4044 episcopi.
2704 3959 2919 4022 Lectio
2928 3959 2991 4040 j.

1995 4072 2072 4115 oc
2103 4062 2324 4115 tenete
2354 4049 2524 4114 ovile
2573 4047 2816 4113 Christi
2849 4067 2994 4110 esse

1987 4139 2329 4203 ecclesiam
2363 4138 2770 4204 catholicam.
2829 4135 2994 4217 Qui-

1808 4247 2068 4310 cunque
2129 4229 2269 4292 vult
2340 4230 2580 4290 intrare
2633 4224 2717 4289 ad
2779 4225 2993 4287 ovile:

1811 4337 1929 4398 per
2015 4317 2258 4382 ostium
2333 4317 2570 4380 intret:
2661 4313 2992 4380 Christum

1546 4493 1559 4523 ¹
1596 4493 1816 4557 gaudent
1843 4512 1856 4545 2
1889 4493 1970 4544 W.
1982 4493 2048 4544 N.
