<?xml version="1.0" encoding="UTF-8"?>
<!DOCTYPE html PUBLIC "-//W3C//DTD XHTML 1.0 Transitional//EN"
    "http://www.w3.org/TR/xhtml1/DTD/xhtml1-transitional.dtd">
<html xmlns="http://www.w3.org/1999/xhtml" xml:lang="en" lang="en">
 <head>
  <title>
</title>
<meta http-equiv="Content-Type" content="text/html;charset=utf-8" />
  <meta name='ocr-system' content='tesseract 3.04.00' />
  <meta name='ocr-capabilities' content='ocr_page ocr_carea ocr_par ocr_line ocrx_word'/>
</head>
<body>
  <div class='ocr_page' id='page_1' title='image "./publicationssur05unkngoog_0359.png"; bbox 0 0 3375 5100; ppageno 0'>
   <div class='ocr_carea' id='block_1_1' title="bbox 1001 315 2549 373">
    <p class='ocr_par' dir='ltr' id='par_1_1' title="bbox 1001 315 2549 373">
     <span class='ocr_line' id='line_1_1' title="bbox 1001 315 2549 373; baseline -0.001 -2"><span class='ocrx_word' id='word_1_1' title='bbox 1001 315 1104 371; x_wconf 87' lang='lat' dir='ltr'>IN</span> <span class='ocrx_word' id='word_1_2' title='bbox 1143 317 1419 373; x_wconf 85' lang='lat' dir='ltr'><em>FESTO</em></span> <span class='ocrx_word' id='word_1_3' title='bbox 1467 317 2085 373; x_wconf 86' lang='lat' dir='ltr'>DEDJCATIONIS</span> <span class='ocrx_word' id='word_1_4' title='bbox 2128 315 2549 373; x_wconf 86' lang='lat' dir='ltr'>ECCLESIE.</span> 
     </span>
    </p>
   </div>
   <div class='ocr_carea' id='block_1_2' title="bbox 1024 425 1182 482">
    <p class='ocr_par' dir='ltr' id='par_1_2' title="bbox 1024 425 1182 482">
     <span class='ocr_line' id='line_1_2' title="bbox 1024 425 1182 482; baseline 0.013 -2"><span class='ocrx_word' id='word_1_5' title='bbox 1024 425 1182 482; x_wconf 78' lang='lat'>663</span> 
     </span>
    </p>
   </div>
   <div class='ocr_carea' id='block_1_3' title="bbox 485 532 1730 4601">
    <p class='ocr_par' dir='ltr' id='par_1_3' title="bbox 485 532 1705 1145">
     <span class='ocr_line' id='line_1_3' title="bbox 500 532 1698 616; baseline 0 -20"><span class='ocrx_word' id='word_1_6' title='bbox 500 542 600 596; x_wconf 82' lang='lat' dir='ltr'>est</span> <span class='ocrx_word' id='word_1_7' title='bbox 626 533 866 596; x_wconf 89' lang='lat' dir='ltr'>domus</span> <span class='ocrx_word' id='word_1_8' title='bbox 908 533 1162 596; x_wconf 89' lang='lat' dir='ltr'>domini</span> <span class='ocrx_word' id='word_1_9' title='bbox 1209 553 1410 616; x_wconf 91' lang='lat' dir='ltr'>supra</span> <span class='ocrx_word' id='word_1_10' title='bbox 1439 532 1698 597; x_wconf 87' lang='lat' dir='ltr'>firmam</span> 
     </span>
     <span class='ocr_line' id='line_1_4' title="bbox 499 621 1698 704; baseline 0 -20"><span class='ocrx_word' id='word_1_11' title='bbox 499 632 776 704; x_wconf 88' lang='lat' dir='ltr'>petram.</span> <span class='ocrx_word' id='word_1_12' title='bbox 838 630 938 702; x_wconf 69' lang='lat' dir='ltr'>ps.</span> <span class='ocrx_word' id='word_1_13' title='bbox 1019 621 1415 686; x_wconf 89' lang='lat' dir='ltr'>Benedicite.</span> <span class='ocrx_word' id='word_1_14' title='bbox 1525 622 1698 685; x_wconf 88' lang='lat' dir='ltr'>anti-</span> 
     </span>
     <span class='ocr_line' id='line_1_5' title="bbox 485 709 1699 793; baseline 0.002 -21"><span class='ocrx_word' id='word_1_15' title='bbox 485 711 720 792; x_wconf 77' lang='lat' dir='ltr'>phona.</span> <span class='ocrx_word' id='word_1_16' title='bbox 817 709 1108 792; x_wconf 87' lang='lat' dir='ltr'>Lapides</span> <span class='ocrx_word' id='word_1_17' title='bbox 1159 711 1433 793; x_wconf 80' lang='lat' dir='ltr'>preciosi</span> <span class='ocrx_word' id='word_1_18' title='bbox 1465 730 1699 774; x_wconf 89' lang='lat' dir='ltr'>omnes</span> 
     </span>
     <span class='ocr_line' id='line_1_6' title="bbox 502 798 1701 862; baseline 0.001 -1"><span class='ocrx_word' id='word_1_19' title='bbox 502 798 670 861; x_wconf 90' lang='lat' dir='ltr'>muri</span> <span class='ocrx_word' id='word_1_20' title='bbox 751 799 889 861; x_wconf 87' lang='lat' dir='ltr'>tui:</span> <span class='ocrx_word' id='word_1_21' title='bbox 966 807 1034 861; x_wconf 89' lang='lat' dir='ltr'>et</span> <span class='ocrx_word' id='word_1_22' title='bbox 1105 809 1315 862; x_wconf 90' lang='lat' dir='ltr'>turres</span> <span class='ocrx_word' id='word_1_23' title='bbox 1407 799 1701 862; x_wconf 88' lang='lat' dir='ltr'>hierusa-</span> 
     </span>
     <span class='ocr_line' id='line_1_7' title="bbox 500 886 1701 969; baseline 0.001 -20"><span class='ocrx_word' id='word_1_24' title='bbox 500 886 632 949; x_wconf 88' lang='lat' dir='ltr'>lem</span> <span class='ocrx_word' id='word_1_25' title='bbox 692 887 976 968; x_wconf 88' lang='lat' dir='ltr'>gemmis</span> <span class='ocrx_word' id='word_1_26' title='bbox 1048 887 1546 951; x_wconf 87' lang='lat' dir='ltr'>edificabuntur.</span> <span class='ocrx_word' id='word_1_27' title='bbox 1603 896 1701 969; x_wconf 69' lang='lat' dir='ltr'>ps.</span> 
     </span>
     <span class='ocr_line' id='line_1_8' title="bbox 505 974 1705 1056; baseline 0.001 -18"><span class='ocrx_word' id='word_1_28' title='bbox 505 975 830 1038; x_wconf 88' lang='lat' dir='ltr'>Laudate.</span> <span class='ocrx_word' id='word_1_29' title='bbox 956 974 1104 1056; x_wconf 86' lang='lat' dir='ltr'><em>Cap.</em></span> <span class='ocrx_word' id='word_1_30' title='bbox 1224 975 1382 1040; x_wconf 89' lang='lat' dir='ltr'>Vidi</span> <span class='ocrx_word' id='word_1_31' title='bbox 1476 977 1705 1040; x_wconf 89' lang='lat' dir='ltr'>civita-</span> 
     </span>
     <span class='ocr_line' id='line_1_9' title="bbox 501 1065 1705 1145; baseline 0.001 -18"><span class='ocrx_word' id='word_1_32' title='bbox 501 1073 660 1128; x_wconf 88' lang='lat' dir='ltr'><strong>tem.</strong></span> <span class='ocrx_word' id='word_1_33' title='bbox 1375 1065 1705 1145; x_wconf 83' lang='lat' dir='ltr'><em>Hymnus.</em></span> 
     </span>
    </p>

    <p class='ocr_par' dir='ltr' id='par_1_4' title="bbox 671 1150 1707 1234">
     <span class='ocr_line' id='line_1_10' title="bbox 671 1150 1707 1234; baseline 0.001 -21"><span class='ocrx_word' id='word_1_34' title='bbox 671 1150 945 1234; x_wconf 84' lang='lat' dir='ltr'>ngulare</span> <span class='ocrx_word' id='word_1_35' title='bbox 991 1151 1497 1215; x_wconf 84' lang='lat' dir='ltr'>fundamentum</span> <span class='ocrx_word' id='word_1_36' title='bbox 1536 1152 1707 1234; x_wconf 90' lang='lat' dir='ltr'>lapis</span> 
     </span>
    </p>

    <p class='ocr_par' dir='ltr' id='par_1_5' title="bbox 503 1239 1730 4601">
     <span class='ocr_line' id='line_1_11' title="bbox 673 1239 1705 1323; baseline -0.001 -20"><span class='ocrx_word' id='word_1_37' title='bbox 673 1239 972 1303; x_wconf 90' lang='lat' dir='ltr'>Christus</span> <span class='ocrx_word' id='word_1_38' title='bbox 1048 1241 1285 1302; x_wconf 90' lang='lat' dir='ltr'>missus</span> <span class='ocrx_word' id='word_1_39' title='bbox 1361 1250 1511 1304; x_wconf 89' lang='lat' dir='ltr'>est:</span> <span class='ocrx_word' id='word_1_40' title='bbox 1591 1239 1705 1323; x_wconf 88' lang='lat' dir='ltr'>qui</span> 
     </span>
     <span class='ocr_line' id='line_1_12' title="bbox 504 1327 1706 1412; baseline 0 -21"><span class='ocrx_word' id='word_1_41' title='bbox 504 1347 828 1410; x_wconf 83' lang='lat' dir='ltr'>compage</span> <span class='ocrx_word' id='word_1_42' title='bbox 915 1327 1184 1410; x_wconf 89' lang='lat' dir='ltr'>parietis</span> <span class='ocrx_word' id='word_1_43' title='bbox 1275 1328 1339 1390; x_wconf 90' lang='lat' dir='ltr'>in</span> <span class='ocrx_word' id='word_1_44' title='bbox 1426 1337 1706 1412; x_wconf 89' lang='lat' dir='ltr'>utroque</span> 
     </span>
     <span class='ocr_line' id='line_1_13' title="bbox 504 1417 1708 1497; baseline 0.001 -18"><span class='ocrx_word' id='word_1_45' title='bbox 504 1417 829 1480; x_wconf 89' lang='lat' dir='ltr'>nectitur:</span> <span class='ocrx_word' id='word_1_46' title='bbox 875 1435 1075 1497; x_wconf 90' lang='lat' dir='ltr'>quem</span> <span class='ocrx_word' id='word_1_47' title='bbox 1107 1437 1275 1496; x_wconf 86' lang='lat' dir='ltr'>syon</span> <span class='ocrx_word' id='word_1_48' title='bbox 1307 1427 1537 1481; x_wconf 88' lang='lat' dir='ltr'>sancta</span> <span class='ocrx_word' id='word_1_49' title='bbox 1567 1438 1708 1480; x_wconf 90' lang='lat' dir='ltr'>sus-</span> 
     </span>
     <span class='ocr_line' id='line_1_14' title="bbox 505 1504 1706 1588; baseline 0.001 -20"><span class='ocrx_word' id='word_1_50' title='bbox 505 1505 684 1585; x_wconf 83' lang='lat' dir='ltr'>cepit</span> <span class='ocrx_word' id='word_1_51' title='bbox 737 1505 802 1566; x_wconf 93' lang='lat' dir='ltr'>in</span> <span class='ocrx_word' id='word_1_52' title='bbox 853 1523 988 1586; x_wconf 90' lang='lat' dir='ltr'>quo</span> <span class='ocrx_word' id='word_1_53' title='bbox 1034 1504 1305 1568; x_wconf 89' lang='lat' dir='ltr'>credens</span> <span class='ocrx_word' id='word_1_54' title='bbox 1345 1515 1706 1588; x_wconf 88' lang='lat' dir='ltr'>permanet.</span> 
     </span>
     <span class='ocr_line' id='line_1_15' title="bbox 511 1591 1710 1676; baseline 0 -18"><span class='ocrx_word' id='word_1_55' title='bbox 511 1593 744 1658; x_wconf 91' lang='lat' dir='ltr'>Omnis</span> <span class='ocrx_word' id='word_1_56' title='bbox 793 1591 904 1654; x_wconf 91' lang='lat' dir='ltr'>illa</span> <span class='ocrx_word' id='word_1_57' title='bbox 954 1593 1084 1655; x_wconf 91' lang='lat' dir='ltr'>deo</span> <span class='ocrx_word' id='word_1_58' title='bbox 1130 1604 1320 1676; x_wconf 86' lang='lat' dir='ltr'>grata</span> <span class='ocrx_word' id='word_1_59' title='bbox 1366 1605 1434 1658; x_wconf 91' lang='lat' dir='ltr'>et</span> <span class='ocrx_word' id='word_1_60' title='bbox 1465 1594 1710 1658; x_wconf 88' lang='lat' dir='ltr'>dilecta</span> 
     </span>
     <span class='ocr_line' id='line_1_16' title="bbox 505 1679 1711 1764; baseline 0 -18"><span class='ocrx_word' id='word_1_61' title='bbox 505 1681 739 1746; x_wconf 90' lang='lat' dir='ltr'>civitas</span> <span class='ocrx_word' id='word_1_62' title='bbox 771 1679 970 1764; x_wconf 88' lang='lat' dir='ltr'>plena</span> <span class='ocrx_word' id='word_1_63' title='bbox 1003 1682 1292 1745; x_wconf 91' lang='lat' dir='ltr'>modulis</span> <span class='ocrx_word' id='word_1_64' title='bbox 1322 1683 1387 1746; x_wconf 89' lang='lat' dir='ltr'>in</span> <span class='ocrx_word' id='word_1_65' title='bbox 1415 1683 1610 1746; x_wconf 88' lang='lat' dir='ltr'>laude</span> <span class='ocrx_word' id='word_1_66' title='bbox 1640 1691 1711 1746; x_wconf 90' lang='lat' dir='ltr'>et</span> 
     </span>
     <span class='ocr_line' id='line_1_17' title="bbox 503 1768 1711 1852; baseline 0.002 -20"><span class='ocrx_word' id='word_1_67' title='bbox 503 1789 746 1832; x_wconf 89' lang='lat' dir='ltr'>canore</span> <span class='ocrx_word' id='word_1_68' title='bbox 786 1768 1001 1852; x_wconf 90' lang='lat' dir='ltr'>jubilo</span> <span class='ocrx_word' id='word_1_69' title='bbox 1048 1772 1292 1834; x_wconf 90' lang='lat' dir='ltr'>trinum</span> <span class='ocrx_word' id='word_1_70' title='bbox 1333 1772 1531 1836; x_wconf 91' lang='lat' dir='ltr'>deum</span> <span class='ocrx_word' id='word_1_71' title='bbox 1566 1772 1711 1834; x_wconf 90' lang='lat' dir='ltr'>uni-</span> 
     </span>
     <span class='ocr_line' id='line_1_18' title="bbox 503 1857 1709 1943; baseline 0.003 -23"><span class='ocrx_word' id='word_1_72' title='bbox 503 1878 790 1940; x_wconf 90' lang='lat' dir='ltr'>cumque</span> <span class='ocrx_word' id='word_1_73' title='bbox 847 1879 999 1921; x_wconf 92' lang='lat' dir='ltr'>cum</span> <span class='ocrx_word' id='word_1_74' title='bbox 1064 1857 1286 1922; x_wconf 86' lang='lat' dir='ltr'>favore</span> <span class='ocrx_word' id='word_1_75' title='bbox 1346 1861 1709 1943; x_wconf 86' lang='lat' dir='ltr'>predicant.</span> 
     </span>
     <span class='ocr_line' id='line_1_19' title="bbox 507 1945 1711 2028; baseline 0.001 -18"><span class='ocrx_word' id='word_1_76' title='bbox 507 1947 666 2011; x_wconf 90' lang='lat' dir='ltr'>Hoc</span> <span class='ocrx_word' id='word_1_77' title='bbox 712 1948 778 2010; x_wconf 90' lang='lat' dir='ltr'>in</span> <span class='ocrx_word' id='word_1_78' title='bbox 811 1945 1064 2028; x_wconf 91' lang='lat' dir='ltr'>templo</span> <span class='ocrx_word' id='word_1_79' title='bbox 1104 1968 1364 2010; x_wconf 90' lang='lat' dir='ltr'>summe</span> <span class='ocrx_word' id='word_1_80' title='bbox 1395 1949 1561 2013; x_wconf 90' lang='lat' dir='ltr'>deus</span> <span class='ocrx_word' id='word_1_81' title='bbox 1593 1969 1711 2012; x_wconf 83' lang='lat' dir='ltr'>ex-</span> 
     </span>
     <span class='ocr_line' id='line_1_20' title="bbox 507 2034 1711 2100; baseline 0.002 -2"><span class='ocrx_word' id='word_1_82' title='bbox 507 2045 734 2099; x_wconf 88' lang='lat' dir='ltr'>oratus</span> <span class='ocrx_word' id='word_1_83' title='bbox 779 2034 1017 2098; x_wconf 88' lang='lat' dir='ltr'>adveni</span> <span class='ocrx_word' id='word_1_84' title='bbox 1068 2046 1136 2099; x_wconf 93' lang='lat' dir='ltr'>et</span> <span class='ocrx_word' id='word_1_85' title='bbox 1166 2037 1476 2100; x_wconf 91' lang='lat' dir='ltr'>clementi</span> <span class='ocrx_word' id='word_1_86' title='bbox 1516 2037 1711 2100; x_wconf 89' lang='lat' dir='ltr'>boni-</span> 
     </span>
     <span class='ocr_line' id='line_1_21' title="bbox 509 2125 1707 2208; baseline 0.002 -21"><span class='ocrx_word' id='word_1_87' title='bbox 509 2134 646 2187; x_wconf 87' lang='lat' dir='ltr'>tate</span> <span class='ocrx_word' id='word_1_88' title='bbox 679 2143 947 2206; x_wconf 89' lang='lat' dir='ltr'>precum</span> <span class='ocrx_word' id='word_1_89' title='bbox 980 2133 1137 2188; x_wconf 88' lang='lat' dir='ltr'>vota</span> <span class='ocrx_word' id='word_1_90' title='bbox 1167 2127 1424 2208; x_wconf 88' lang='lat' dir='ltr'>suscipe</span> <span class='ocrx_word' id='word_1_91' title='bbox 1456 2125 1707 2208; x_wconf 86' lang='lat' dir='ltr'>largam</span> 
     </span>
     <span class='ocr_line' id='line_1_22' title="bbox 509 2212 1711 2296; baseline 0 -20"><span class='ocrx_word' id='word_1_92' title='bbox 509 2212 1038 2276; x_wconf 87' lang='lat' dir='ltr'>benedictionem</span> <span class='ocrx_word' id='word_1_93' title='bbox 1071 2213 1176 2276; x_wconf 88' lang='lat' dir='ltr'>hic</span> <span class='ocrx_word' id='word_1_94' title='bbox 1225 2215 1494 2278; x_wconf 88' lang='lat' dir='ltr'>infunde</span> <span class='ocrx_word' id='word_1_95' title='bbox 1535 2213 1711 2296; x_wconf 87' lang='lat' dir='ltr'>jugi-</span> 
     </span>
     <span class='ocr_line' id='line_1_23' title="bbox 509 2300 1713 2383; baseline 0.001 -19"><span class='ocrx_word' id='word_1_96' title='bbox 509 2310 624 2364; x_wconf 90' lang='lat' dir='ltr'>ter.</span> <span class='ocrx_word' id='word_1_97' title='bbox 717 2300 798 2363; x_wconf 91' lang='lat' dir='ltr'><em>H</em></span> <span class='ocrx_word' id='word_1_98' title='bbox 803 2302 862 2363; x_wconf 90' lang='lat' dir='ltr'>ic</span> <span class='ocrx_word' id='word_1_99' title='bbox 924 2311 1424 2383; x_wconf 88' lang='lat' dir='ltr'>promereantur</span> <span class='ocrx_word' id='word_1_100' title='bbox 1477 2323 1713 2368; x_wconf 90' lang='lat' dir='ltr'>omnes</span> 
     </span>
     <span class='ocr_line' id='line_1_24' title="bbox 509 2389 1713 2475; baseline 0.003 -24"><span class='ocrx_word' id='word_1_101' title='bbox 509 2389 721 2472; x_wconf 88' lang='lat' dir='ltr'>petita</span> <span class='ocrx_word' id='word_1_102' title='bbox 770 2390 1103 2472; x_wconf 87' lang='lat' dir='ltr'>acquirere</span> <span class='ocrx_word' id='word_1_103' title='bbox 1152 2399 1221 2453; x_wconf 92' lang='lat' dir='ltr'>et</span> <span class='ocrx_word' id='word_1_104' title='bbox 1268 2391 1514 2473; x_wconf 88' lang='lat' dir='ltr'>adepta</span> <span class='ocrx_word' id='word_1_105' title='bbox 1562 2411 1713 2475; x_wconf 90' lang='lat' dir='ltr'>pos-</span> 
     </span>
     <span class='ocr_line' id='line_1_25' title="bbox 511 2478 1716 2563; baseline 0.002 -23"><span class='ocrx_word' id='word_1_106' title='bbox 511 2478 724 2540; x_wconf 88' lang='lat' dir='ltr'>sidere</span> <span class='ocrx_word' id='word_1_107' title='bbox 785 2497 936 2541; x_wconf 91' lang='lat' dir='ltr'>cum</span> <span class='ocrx_word' id='word_1_108' title='bbox 997 2479 1242 2543; x_wconf 88' lang='lat' dir='ltr'>sanctis</span> <span class='ocrx_word' id='word_1_109' title='bbox 1295 2478 1716 2563; x_wconf 87' lang='lat' dir='ltr'>perhenniter</span> 
     </span>
     <span class='ocr_line' id='line_1_26' title="bbox 513 2566 1713 2649; baseline 0.001 -19"><span class='ocrx_word' id='word_1_110' title='bbox 513 2566 892 2649; x_wconf 89' lang='lat' dir='ltr'>paradisum</span> <span class='ocrx_word' id='word_1_111' title='bbox 959 2568 1226 2631; x_wconf 87' lang='lat' dir='ltr'>introire</span> <span class='ocrx_word' id='word_1_112' title='bbox 1284 2569 1586 2632; x_wconf 88' lang='lat' dir='ltr'>translati</span> <span class='ocrx_word' id='word_1_113' title='bbox 1647 2570 1713 2631; x_wconf 91' lang='lat' dir='ltr'>in</span> 
     </span>
     <span class='ocr_line' id='line_1_27' title="bbox 515 2654 1715 2743; baseline 0.003 -26"><span class='ocrx_word' id='word_1_114' title='bbox 515 2656 828 2737; x_wconf 88' lang='lat' dir='ltr'>requiem.</span> <span class='ocrx_word' id='word_1_115' title='bbox 936 2654 1161 2719; x_wconf 85' lang='lat' dir='ltr'>Gloria</span> <span class='ocrx_word' id='word_1_116' title='bbox 1220 2665 1288 2719; x_wconf 93' lang='lat' dir='ltr'>et</span> <span class='ocrx_word' id='word_1_117' title='bbox 1350 2656 1577 2721; x_wconf 88' lang='lat' dir='ltr'>honor.</span> <span class='ocrx_word' id='word_1_118' title='bbox 1669 2676 1715 2743; x_wconf 73' lang='grc' dir='ltr'><strong><em>γ</em></strong></span> 
     </span>
     <span class='ocr_line' id='line_1_28' title="bbox 516 2743 1715 2811; baseline 0.001 -4"><span class='ocrx_word' id='word_1_119' title='bbox 516 2743 828 2807; x_wconf 88' lang='lat' dir='ltr'>Fundata</span> <span class='ocrx_word' id='word_1_120' title='bbox 857 2752 957 2805; x_wconf 91' lang='lat' dir='ltr'>est</span> <span class='ocrx_word' id='word_1_121' title='bbox 990 2744 1228 2807; x_wconf 92' lang='lat' dir='ltr'>domus</span> <span class='ocrx_word' id='word_1_122' title='bbox 1259 2744 1529 2808; x_wconf 90' lang='lat' dir='ltr'>domini.</span> <span class='ocrx_word' id='word_1_123' title='bbox 1590 2744 1715 2811; x_wconf 88' lang='lat' dir='ltr'>Su-</span> 
     </span>
     <span class='ocr_line' id='line_1_29' title="bbox 515 2831 1713 2914; baseline 0.003 -21"><span class='ocrx_word' id='word_1_124' title='bbox 515 2852 637 2914; x_wconf 90' lang='lat' dir='ltr'>per</span> <span class='ocrx_word' id='word_1_125' title='bbox 686 2831 998 2894; x_wconf 89' lang='lat' dir='ltr'>verticem</span> <span class='ocrx_word' id='word_1_126' title='bbox 1058 2834 1382 2896; x_wconf 92' lang='lat' dir='ltr'>montium</span> <span class='ocrx_word' id='word_1_127' title='bbox 1433 2832 1713 2897; x_wconf 91' lang='lat' dir='ltr'>alleluia.</span> 
     </span>
     <span class='ocr_line' id='line_1_30' title="bbox 517 2920 1717 3005; baseline 0.003 -24"><span class='ocrx_word' id='word_1_128' title='bbox 517 2920 599 2981; x_wconf 86' lang='lat' dir='ltr'>In</span> <span class='ocrx_word' id='word_1_129' title='bbox 649 2938 902 3000; x_wconf 77' lang='lat' dir='ltr'>evange.</span> <span class='ocrx_word' id='word_1_130' title='bbox 961 2929 1066 2983; x_wconf 75' lang='lat' dir='ltr'>ar&#39;i.</span> <span class='ocrx_word' id='word_1_131' title='bbox 1179 2922 1381 2985; x_wconf 90' lang='lat' dir='ltr'>Mane</span> <span class='ocrx_word' id='word_1_132' title='bbox 1441 2941 1717 3005; x_wconf 83' lang='lat' dir='ltr'>surgens</span> 
     </span>
     <span class='ocr_line' id='line_1_31' title="bbox 509 3007 1719 3092; baseline 0.002 -22"><span class='ocrx_word' id='word_1_133' title='bbox 509 3007 710 3090; x_wconf 91' lang='lat' dir='ltr'>jacob</span> <span class='ocrx_word' id='word_1_134' title='bbox 756 3010 1051 3091; x_wconf 63' lang='lat' dir='ltr'>erigebat</span> <span class='ocrx_word' id='word_1_135' title='bbox 1093 3009 1382 3092; x_wconf 83' lang='lat' dir='ltr'>lapidem</span> <span class='ocrx_word' id='word_1_136' title='bbox 1437 3010 1501 3075; x_wconf 91' lang='lat' dir='ltr'>in</span> <span class='ocrx_word' id='word_1_137' title='bbox 1558 3011 1719 3074; x_wconf 91' lang='lat' dir='ltr'>titu-</span> 
     </span>
     <span class='ocr_line' id='line_1_32' title="bbox 519 3095 1718 3182; baseline 0.004 -24"><span class='ocrx_word' id='word_1_138' title='bbox 519 3097 656 3158; x_wconf 88' lang='lat' dir='ltr'>lum</span> <span class='ocrx_word' id='word_1_139' title='bbox 704 3095 988 3161; x_wconf 84' lang='lat' dir='ltr'>fundens</span> <span class='ocrx_word' id='word_1_140' title='bbox 1034 3098 1253 3162; x_wconf 91' lang='lat' dir='ltr'>oleum</span> <span class='ocrx_word' id='word_1_141' title='bbox 1299 3099 1582 3182; x_wconf 86' lang='lat' dir='ltr'>desuper</span> <span class='ocrx_word' id='word_1_142' title='bbox 1603 3119 1718 3163; x_wconf 90' lang='lat' dir='ltr'>vo-</span> 
     </span>
     <span class='ocr_line' id='line_1_33' title="bbox 516 3187 1720 3253; baseline 0.003 -6"><span class='ocrx_word' id='word_1_143' title='bbox 516 3194 662 3248; x_wconf 95' lang='lat' dir='ltr'>tum</span> <span class='ocrx_word' id='word_1_144' title='bbox 689 3188 869 3248; x_wconf 82' lang='lat' dir='ltr'>vovit</span> <span class='ocrx_word' id='word_1_145' title='bbox 892 3187 1164 3250; x_wconf 91' lang='lat' dir='ltr'>domino</span> <span class='ocrx_word' id='word_1_146' title='bbox 1195 3208 1346 3251; x_wconf 87' lang='lat' dir='ltr'>vere</span> <span class='ocrx_word' id='word_1_147' title='bbox 1379 3189 1562 3253; x_wconf 90' lang='lat' dir='ltr'>locus</span> <span class='ocrx_word' id='word_1_148' title='bbox 1593 3190 1720 3252; x_wconf 91' lang='lat' dir='ltr'>iste</span> 
     </span>
     <span class='ocr_line' id='line_1_34' title="bbox 518 3278 1717 3360; baseline 0.003 -23"><span class='ocrx_word' id='word_1_149' title='bbox 518 3284 786 3337; x_wconf 86' lang='lat' dir='ltr'>sanctus</span> <span class='ocrx_word' id='word_1_150' title='bbox 819 3284 920 3339; x_wconf 91' lang='lat' dir='ltr'>est</span> <span class='ocrx_word' id='word_1_151' title='bbox 951 3284 1018 3339; x_wconf 89' lang='lat' dir='ltr'>et</span> <span class='ocrx_word' id='word_1_152' title='bbox 1049 3296 1176 3358; x_wconf 88' lang='lat' dir='ltr'>ego</span> <span class='ocrx_word' id='word_1_153' title='bbox 1209 3278 1602 3343; x_wconf 88' lang='lat' dir='ltr'>nesciebam.</span> <span class='ocrx_word' id='word_1_154' title='bbox 1617 3287 1717 3360; x_wconf 70' lang='lat' dir='ltr'>ps.</span> 
     </span>
     <span class='ocr_line' id='line_1_35' title="bbox 522 3363 1717 3450; baseline 0.003 -24"><span class='ocrx_word' id='word_1_155' title='bbox 522 3363 935 3427; x_wconf 83' lang='lat' dir='ltr'>Benedictus,</span> <span class='ocrx_word' id='word_1_156' title='bbox 985 3364 1216 3429; x_wconf 84' lang='lat' dir='ltr'>Oratio</span> <span class='ocrx_word' id='word_1_157' title='bbox 1259 3366 1444 3429; x_wconf 91' lang='lat' dir='ltr'>Deus</span> <span class='ocrx_word' id='word_1_158' title='bbox 1464 3367 1576 3450; x_wconf 89' lang='lat' dir='ltr'>qui</span> <span class='ocrx_word' id='word_1_159' title='bbox 1601 3388 1717 3430; x_wconf 89' lang='lat' dir='ltr'>no—</span> 
     </span>
     <span class='ocr_line' id='line_1_36' title="bbox 516 3452 1719 3535; baseline 0.002 -20"><span class='ocrx_word' id='word_1_160' title='bbox 516 3452 638 3515; x_wconf 85' lang='lat' dir='ltr'>bis.</span> <span class='ocrx_word' id='word_1_161' title='bbox 713 3452 836 3515; x_wconf 78' lang='lat' dir='ltr'>Ad</span> <span class='ocrx_word' id='word_1_162' title='bbox 872 3453 1169 3535; x_wconf 84' lang='lat' dir='ltr'>primam</span> <span class='ocrx_word' id='word_1_163' title='bbox 1227 3464 1333 3519; x_wconf 62' lang='lat' dir='ltr'>aa.</span> <span class='ocrx_word' id='word_1_164' title='bbox 1425 3456 1719 3520; x_wconf 91' lang='lat' dir='ltr'>Domum</span> 
     </span>
     <span class='ocr_line' id='line_1_37' title="bbox 519 3542 1721 3623; baseline 0.003 -20"><span class='ocrx_word' id='word_1_165' title='bbox 519 3550 721 3604; x_wconf 90' lang='lat' dir='ltr'>tuam.</span> <span class='ocrx_word' id='word_1_166' title='bbox 783 3550 884 3623; x_wconf 81' lang='lat' dir='ltr'>ps‘.</span> <span class='ocrx_word' id='word_1_167' title='bbox 940 3542 1124 3606; x_wconf 89' lang='lat' dir='ltr'>Deus</span> <span class='ocrx_word' id='word_1_168' title='bbox 1156 3544 1218 3606; x_wconf 90' lang='lat' dir='ltr'>in</span> <span class='ocrx_word' id='word_1_169' title='bbox 1255 3544 1538 3609; x_wconf 91' lang='lat' dir='ltr'>nomine.</span> <span class='ocrx_word' id='word_1_170' title='bbox 1613 3553 1721 3607; x_wconf 75' lang='grc' dir='ltr'>αῆ.</span> 
     </span>
     <span class='ocr_line' id='line_1_38' title="bbox 519 3628 1721 3715; baseline 0.003 -22"><span class='ocrx_word' id='word_1_171' title='bbox 519 3628 801 3695; x_wconf 76' lang='lat' dir='ltr'>Gratias,</span> <span class='ocrx_word' id='word_1_172' title='bbox 897 3640 997 3714; x_wconf 75' lang='lat' dir='ltr'>ps’.</span> <span class='ocrx_word' id='word_1_173' title='bbox 1091 3631 1504 3715; x_wconf 82' lang='lat' dir='ltr'>Quicunque.</span> <span class='ocrx_word' id='word_1_174' title='bbox 1605 3634 1721 3697; x_wconf 81' lang='lat' dir='ltr'>Re.</span> 
     </span>
     <span class='ocr_line' id='line_1_39' title="bbox 516 3717 1584 3799; baseline 0.004 -18"><span class='ocrx_word' id='word_1_175' title='bbox 516 3717 674 3799; x_wconf 91' lang='lat' dir='ltr'>Jesu</span> <span class='ocrx_word' id='word_1_176' title='bbox 740 3718 1017 3785; x_wconf 89' lang='lat' dir='ltr'>Christe.</span> <span class='ocrx_word' id='word_1_177' title='bbox 1092 3741 1235 3784; x_wconf 88' lang='lat' dir='ltr'>cum</span> <span class='ocrx_word' id='word_1_178' title='bbox 1306 3721 1584 3785; x_wconf 89' lang='lat' dir='ltr'>alleluia.</span> 
     </span>
     <span class='ocr_line' id='line_1_40' title="bbox 521 3806 1725 3891; baseline 0.003 -22"><span class='ocrx_word' id='word_1_179' title='bbox 521 3806 654 3889; x_wconf 83' lang='lat' dir='ltr'>Qui</span> <span class='ocrx_word' id='word_1_180' title='bbox 703 3808 911 3873; x_wconf 79' lang='lat' dir='ltr'>sedes,</span> <span class='ocrx_word' id='word_1_181' title='bbox 971 3817 1078 3871; x_wconf 88' lang='lat' dir='ltr'>etc.</span> <span class='ocrx_word' id='word_1_182' title='bbox 1167 3810 1222 3873; x_wconf 79' lang='lat' dir='ltr'><em>S</em></span> <span class='ocrx_word' id='word_1_183' title='bbox 1226 3809 1257 3873; x_wconf 86' lang='lat' dir='ltr'>i</span> <span class='ocrx_word' id='word_1_184' title='bbox 1281 3831 1428 3873; x_wconf 87' lang='lat' dir='ltr'>vero</span> <span class='ocrx_word' id='word_1_185' title='bbox 1457 3810 1570 3873; x_wconf 74' lang='lat' dir='ltr'>hoc</span> <span class='ocrx_word' id='word_1_186' title='bbox 1583 3810 1725 3891; x_wconf 76' lang='lat' dir='ltr'>fis-</span> 
     </span>
     <span class='ocr_line' id='line_1_41' title="bbox 520 3896 1725 3980; baseline 0.002 -23"><span class='ocrx_word' id='word_1_187' title='bbox 520 3906 661 3957; x_wconf 85' lang='lat' dir='ltr'>tum</span> <span class='ocrx_word' id='word_1_188' title='bbox 715 3896 904 3977; x_wconf 86' lang='lat' dir='ltr'>infra</span> <span class='ocrx_word' id='word_1_189' title='bbox 949 3898 1480 3980; x_wconf 83' lang='lat' dir='ltr'>septuagesimam</span> <span class='ocrx_word' id='word_1_190' title='bbox 1528 3898 1725 3961; x_wconf 84' lang='lat' dir='ltr'>conti·-</span> 
     </span>
     <span class='ocr_line' id='line_1_42' title="bbox 509 3983 1725 4069; baseline 0.004 -24"><span class='ocrx_word' id='word_1_191' title='bbox 509 3983 690 4065; x_wconf 76' lang='lat' dir='ltr'>gerit</span> <span class='ocrx_word' id='word_1_192' title='bbox 717 3984 980 4048; x_wconf 62' lang='lat' dir='ltr'>dikatur</span> <span class='ocrx_word' id='word_1_193' title='bbox 997 3986 1516 4069; x_wconf 85' lang='lat' dir='ltr'>Responsorium.</span> <span class='ocrx_word' id='word_1_194' title='bbox 1563 3987 1725 4069; x_wconf 91' lang='lat' dir='ltr'>Jesu</span> 
     </span>
     <span class='ocr_line' id='line_1_43' title="bbox 522 4072 1726 4139; baseline 0 -2"><span class='ocrx_word' id='word_1_195' title='bbox 522 4072 784 4137; x_wconf 87' lang='lat' dir='ltr'>Christe</span> <span class='ocrx_word' id='word_1_196' title='bbox 812 4074 952 4137; x_wconf 87' lang='lat' dir='ltr'>sine</span> <span class='ocrx_word' id='word_1_197' title='bbox 971 4074 1248 4139; x_wconf 87' lang='lat' dir='ltr'>alleluia.</span> <span class='ocrx_word' id='word_1_198' title='bbox 1317 4075 1441 4139; x_wconf 84' lang='lat' dir='ltr'>Ad</span> <span class='ocrx_word' id='word_1_199' title='bbox 1465 4076 1726 4138; x_wconf 82' lang='lat' dir='ltr'>tertiam</span> 
     </span>
     <span class='ocr_line' id='line_1_44' title="bbox 519 4161 1725 4245; baseline 0.002 -22"><span class='ocrx_word' id='word_1_200' title='bbox 519 4168 624 4223; x_wconf 74' lang='lat' dir='ltr'>aii.</span> <span class='ocrx_word' id='word_1_201' title='bbox 707 4161 966 4224; x_wconf 91' lang='lat' dir='ltr'>Domus</span> <span class='ocrx_word' id='word_1_202' title='bbox 1045 4183 1208 4226; x_wconf 88' lang='lat' dir='ltr'>mea.</span> <span class='ocrx_word' id='word_1_203' title='bbox 1287 4174 1387 4245; x_wconf 79' lang='lat' dir='ltr'>ps&#39;.</span> <span class='ocrx_word' id='word_1_204' title='bbox 1469 4164 1725 4245; x_wconf 87' lang='lat' dir='ltr'>Legem</span> 
     </span>
     <span class='ocr_line' id='line_1_45' title="bbox 522 4248 1727 4330; baseline 0.007 -21"><span class='ocrx_word' id='word_1_205' title='bbox 522 4266 712 4330; x_wconf 91' lang='lat' dir='ltr'>pone.</span> <span class='ocrx_word' id='word_1_206' title='bbox 769 4248 1153 4330; x_wconf 85' lang='lat' dir='ltr'>Capitulum.</span> <span class='ocrx_word' id='word_1_207' title='bbox 1187 4252 1342 4315; x_wconf 92' lang='lat' dir='ltr'>Vidi</span> <span class='ocrx_word' id='word_1_208' title='bbox 1369 4253 1727 4317; x_wconf 88' lang='lat' dir='ltr'>civitatem.</span> 
     </span>
     <span class='ocr_line' id='line_1_46' title="bbox 519 4336 1727 4418; baseline 0.003 -19"><span class='ocrx_word' id='word_1_209' title='bbox 519 4336 1037 4418; x_wconf 87' lang='lat' dir='ltr'>Responsorium.</span> <span class='ocrx_word' id='word_1_210' title='bbox 1169 4340 1466 4403; x_wconf 91' lang='lat' dir='ltr'>Domum</span> <span class='ocrx_word' id='word_1_211' title='bbox 1543 4350 1727 4403; x_wconf 90' lang='lat' dir='ltr'>tuam</span> 
     </span>
     <span class='ocr_line' id='line_1_47' title="bbox 520 4424 1730 4493; baseline 0.002 -6"><span class='ocrx_word' id='word_1_212' title='bbox 520 4425 792 4487; x_wconf 90' lang='lat' dir='ltr'>domine</span> <span class='ocrx_word' id='word_1_213' title='bbox 836 4424 1028 4490; x_wconf 90' lang='lat' dir='ltr'>decet</span> <span class='ocrx_word' id='word_1_214' title='bbox 1072 4430 1465 4493; x_wconf 69' lang='lat' dir='ltr'>sanctitudo</span> <span class='ocrx_word' id='word_1_215' title='bbox 1543 4428 1730 4491; x_wconf 90' lang='lat' dir='ltr'>Alle-</span> 
     </span>
     <span class='ocr_line' id='line_1_48' title="bbox 519 4511 1726 4601; baseline 0.002 -25"><span class='ocrx_word' id='word_1_216' title='bbox 519 4513 652 4584; x_wconf 87' lang='lat' dir='ltr'>luia</span> <span class='ocrx_word' id='word_1_217' title='bbox 686 4511 991 4578; x_wconf 89' lang='lat' dir='ltr'>alleluia:</span> <span class='ocrx_word' id='word_1_218' title='bbox 1045 4533 1089 4601; x_wconf 66' lang='lat'>7</span> <span class='ocrx_word' id='word_1_219' title='bbox 1125 4516 1202 4578; x_wconf 91' lang='lat' dir='ltr'>In</span> <span class='ocrx_word' id='word_1_220' title='bbox 1248 4516 1726 4599; x_wconf 87' lang='lat' dir='ltr'>longitudinem</span> 
     </span>
    </p>
   </div>
   <div class='ocr_carea' id='block_1_4' title="bbox 2314 425 2469 480">
    <p class='ocr_par' dir='ltr' id='par_1_6' title="bbox 2314 425 2469 480">
     <span class='ocr_line' id='line_1_49' title="bbox 2314 425 2469 480; baseline -0.013 0"><span class='ocrx_word' id='word_1_221' title='bbox 2314 425 2469 480; x_wconf 82' lang='lat'>664</span> 
     </span>
    </p>
   </div>
   <div class='ocr_carea' id='block_1_5' title="bbox 1796 527 3029 3697">
    <p class='ocr_par' dir='ltr' id='par_1_7' title="bbox 1796 527 3029 3697">
     <span class='ocr_line' id='line_1_50' title="bbox 1796 527 3011 598; baseline -0.004 -1"><span class='ocrx_word' id='word_1_222' title='bbox 1796 533 2067 598; x_wconf 77' lang='lat' dir='ltr'>dierum.</span> <span class='ocrx_word' id='word_1_223' title='bbox 2145 531 2453 596; x_wconf 88' lang='lat' dir='ltr'>Alleluia.</span> <span class='ocrx_word' id='word_1_224' title='bbox 2532 527 2775 595; x_wconf 89' lang='lat' dir='ltr'>Gloria.</span> <span class='ocrx_word' id='word_1_225' title='bbox 2865 531 3011 592; x_wconf 85' lang='lat' dir='ltr'>Do-</span> 
     </span>
     <span class='ocr_line' id='line_1_51' title="bbox 1798 618 3011 707; baseline -0.002 -23"><span class='ocrx_word' id='word_1_226' title='bbox 1798 643 1998 686; x_wconf 91' lang='lat' dir='ltr'>mum.</span> <span class='ocrx_word' id='word_1_227' title='bbox 2089 638 2137 707; x_wconf 69' lang='grc' dir='ltr'><strong><em>γ</em></strong></span> <span class='ocrx_word' id='word_1_228' title='bbox 2192 622 2371 684; x_wconf 89' lang='lat' dir='ltr'>Bene</span> <span class='ocrx_word' id='word_1_229' title='bbox 2403 619 2699 684; x_wconf 84' lang='lat' dir='ltr'>fundata.</span> <span class='ocrx_word' id='word_1_230' title='bbox 2756 618 3011 683; x_wconf 91' lang='lat' dir='ltr'>Oratio.</span> 
     </span>
     <span class='ocr_line' id='line_1_52' title="bbox 1799 708 3012 792; baseline -0.006 -17"><span class='ocrx_word' id='word_1_231' title='bbox 1799 712 1985 775; x_wconf 89' lang='lat' dir='ltr'>Deus</span> <span class='ocrx_word' id='word_1_232' title='bbox 2015 710 2129 792; x_wconf 91' lang='lat' dir='ltr'>qui</span> <span class='ocrx_word' id='word_1_233' title='bbox 2162 710 2370 774; x_wconf 81' lang='lat' dir='ltr'>nobis,</span> <span class='ocrx_word' id='word_1_234' title='bbox 2447 708 2572 771; x_wconf 77' lang='lat' dir='ltr'>Ad</span> <span class='ocrx_word' id='word_1_235' title='bbox 2604 717 2851 771; x_wconf 82' lang='lat' dir='ltr'>sextam</span> <span class='ocrx_word' id='word_1_236' title='bbox 2886 729 3012 770; x_wconf 84' lang='lat' dir='ltr'>an-</span> 
     </span>
     <span class='ocr_line' id='line_1_53' title="bbox 1802 797 3008 882; baseline -0.004 -20"><span class='ocrx_word' id='word_1_237' title='bbox 1802 799 2080 882; x_wconf 80' lang='lat' dir='ltr'>tiphona.</span> <span class='ocrx_word' id='word_1_238' title='bbox 2181 799 2330 861; x_wconf 91' lang='lat' dir='ltr'>Hec</span> <span class='ocrx_word' id='word_1_239' title='bbox 2396 811 2500 861; x_wconf 90' lang='lat' dir='ltr'>est</span> <span class='ocrx_word' id='word_1_240' title='bbox 2566 797 2823 860; x_wconf 78' lang='lat' dir='ltr'>domuS.</span> <span class='ocrx_word' id='word_1_241' title='bbox 2898 805 3008 876; x_wconf 69' lang='lat' dir='ltr'>ps.</span> 
     </span>
     <span class='ocr_line' id='line_1_54' title="bbox 1806 883 3009 966; baseline -0.004 -14"><span class='ocrx_word' id='word_1_242' title='bbox 1806 887 2087 952; x_wconf 83' lang='lat' dir='ltr'>Defecit.</span> <span class='ocrx_word' id='word_1_243' title='bbox 2615 883 3009 966; x_wconf 82' lang='lat' dir='ltr'>Capitulum.</span> 
     </span>
     <span class='ocr_line' id='line_1_55' title="bbox 1802 973 3011 1108; baseline -0.002 -69"><span class='ocrx_word' id='word_1_244' title='bbox 1802 977 2040 1108; x_wconf 80' lang='lat' dir='ltr'>Ego</span> <span class='ocrx_word' id='word_1_245' title='bbox 2092 973 2419 1058; x_wconf 88' lang='lat' dir='ltr'>johannes</span> <span class='ocrx_word' id='word_1_246' title='bbox 2485 974 2710 1037; x_wconf 89' lang='lat' dir='ltr'>audivi</span> <span class='ocrx_word' id='word_1_247' title='bbox 2770 993 3011 1036; x_wconf 90' lang='lat' dir='ltr'>vocem</span> 
     </span>
     <span class='ocr_line' id='line_1_56' title="bbox 1957 1062 3013 1146; baseline -0.004 -20"><span class='ocrx_word' id='word_1_248' title='bbox 1957 1083 2268 1146; x_wconf 86' lang='lat' dir='ltr'>magnam</span> <span class='ocrx_word' id='word_1_249' title='bbox 2329 1063 2415 1125; x_wconf 93' lang='lat' dir='ltr'>de</span> <span class='ocrx_word' id='word_1_250' title='bbox 2474 1062 2717 1126; x_wconf 90' lang='lat' dir='ltr'>throno</span> <span class='ocrx_word' id='word_1_251' title='bbox 2781 1062 3013 1124; x_wconf 89' lang='lat' dir='ltr'>dicen-</span> 
     </span>
     <span class='ocr_line' id='line_1_57' title="bbox 1805 1150 3007 1218; baseline -0.004 -1"><span class='ocrx_word' id='word_1_252' title='bbox 1805 1163 1975 1218; x_wconf 87' lang='lat' dir='ltr'>tem:</span> <span class='ocrx_word' id='word_1_253' title='bbox 2010 1173 2162 1216; x_wconf 90' lang='lat' dir='ltr'>ecce</span> <span class='ocrx_word' id='word_1_254' title='bbox 2191 1150 2695 1215; x_wconf 85' lang='lat' dir='ltr'>tabernaculum</span> <span class='ocrx_word' id='word_1_255' title='bbox 2718 1150 2822 1212; x_wconf 90' lang='lat' dir='ltr'>dei</span> <span class='ocrx_word' id='word_1_256' title='bbox 2850 1169 3007 1214; x_wconf 91' lang='lat' dir='ltr'>cum</span> 
     </span>
     <span class='ocr_line' id='line_1_58' title="bbox 1804 1239 3009 1305; baseline -0.004 0"><span class='ocrx_word' id='word_1_257' title='bbox 1804 1241 2183 1305; x_wconf 89' lang='lat' dir='ltr'>hominibus</span> <span class='ocrx_word' id='word_1_258' title='bbox 2245 1249 2312 1303; x_wconf 89' lang='lat' dir='ltr'>et</span> <span class='ocrx_word' id='word_1_259' title='bbox 2374 1239 2634 1303; x_wconf 89' lang='lat' dir='ltr'>habitat</span> <span class='ocrx_word' id='word_1_260' title='bbox 2678 1259 2827 1303; x_wconf 91' lang='lat' dir='ltr'>cum</span> <span class='ocrx_word' id='word_1_261' title='bbox 2892 1239 3009 1301; x_wconf 67' lang='grc' dir='ltr'>εἰς.</span> 
     </span>
     <span class='ocr_line' id='line_1_59' title="bbox 1804 1327 3011 1394; baseline -0.004 0"><span class='ocrx_word' id='word_1_262' title='bbox 1804 1331 1920 1394; x_wconf 89' lang='lat' dir='ltr'>Re.</span> <span class='ocrx_word' id='word_1_263' title='bbox 2018 1329 2199 1392; x_wconf 88' lang='lat' dir='ltr'>Bene</span> <span class='ocrx_word' id='word_1_264' title='bbox 2258 1329 2538 1392; x_wconf 79' lang='lat' dir='ltr'>fundata</span> <span class='ocrx_word' id='word_1_265' title='bbox 2600 1335 2704 1390; x_wconf 91' lang='lat' dir='ltr'>est</span> <span class='ocrx_word' id='word_1_266' title='bbox 2763 1327 3011 1390; x_wconf 92' lang='lat' dir='ltr'>domus</span> 
     </span>
     <span class='ocr_line' id='line_1_60' title="bbox 1806 1415 2837 1482; baseline -0.004 -1"><span class='ocrx_word' id='word_1_267' title='bbox 1806 1417 2075 1482; x_wconf 90' lang='lat' dir='ltr'>domini.</span> <span class='ocrx_word' id='word_1_268' title='bbox 2187 1415 2482 1481; x_wconf 89' lang='lat' dir='ltr'>Alleluia</span> <span class='ocrx_word' id='word_1_269' title='bbox 2557 1415 2837 1478; x_wconf 88' lang='lat' dir='ltr'>alleluia.</span> 
     </span>
     <span class='ocr_line' id='line_1_61' title="bbox 1812 1503 3010 1589; baseline -0.003 -18"><span class='ocrx_word' id='word_1_270' title='bbox 1812 1507 2027 1589; x_wconf 89' lang='lat' dir='ltr'>Supra</span> <span class='ocrx_word' id='word_1_271' title='bbox 2058 1504 2317 1569; x_wconf 89' lang='lat' dir='ltr'>firmam</span> <span class='ocrx_word' id='word_1_272' title='bbox 2350 1514 2625 1587; x_wconf 89' lang='lat' dir='ltr'>petram.</span> <span class='ocrx_word' id='word_1_273' title='bbox 2693 1503 3010 1567; x_wconf 89' lang='lat' dir='ltr'>Alleluia.</span> 
     </span>
     <span class='ocr_line' id='line_1_62' title="bbox 1810 1593 3011 1678; baseline -0.003 -19"><span class='ocrx_word' id='word_1_274' title='bbox 1810 1595 2054 1660; x_wconf 89' lang='lat' dir='ltr'>Gloria.</span> <span class='ocrx_word' id='word_1_275' title='bbox 2131 1593 2313 1657; x_wconf 90' lang='lat' dir='ltr'>Bene</span> <span class='ocrx_word' id='word_1_276' title='bbox 2367 1593 2661 1657; x_wconf 84' lang='lat' dir='ltr'>fundata.</span> <span class='ocrx_word' id='word_1_277' title='bbox 2752 1609 2800 1678; x_wconf 69' lang='grc' dir='ltr'><strong><em>γ</em></strong></span> <span class='ocrx_word' id='word_1_278' title='bbox 2858 1593 3011 1655; x_wconf 90' lang='lat' dir='ltr'>Hec</span> 
     </span>
     <span class='ocr_line' id='line_1_63' title="bbox 1808 1681 3012 1762; baseline -0.003 -14"><span class='ocrx_word' id='word_1_279' title='bbox 1808 1693 1911 1748; x_wconf 89' lang='lat' dir='ltr'>est</span> <span class='ocrx_word' id='word_1_280' title='bbox 1983 1683 2239 1746; x_wconf 79' lang='lat' dir='ltr'>domus,</span> <span class='ocrx_word' id='word_1_281' title='bbox 2355 1681 2585 1745; x_wconf 81' lang='lat' dir='ltr'>Oratio</span> <span class='ocrx_word' id='word_1_282' title='bbox 2658 1690 2735 1744; x_wconf 87' lang='lat' dir='ltr'>ut</span> <span class='ocrx_word' id='word_1_283' title='bbox 2789 1693 3012 1762; x_wconf 89' lang='lat' dir='ltr'>supra.</span> 
     </span>
     <span class='ocr_line' id='line_1_64' title="bbox 1808 1770 3013 1852; baseline -0.002 -16"><span class='ocrx_word' id='word_1_284' title='bbox 1808 1774 1869 1836; x_wconf 83' lang='lat' dir='ltr'><em>A</em></span> <span class='ocrx_word' id='word_1_285' title='bbox 1880 1771 1932 1835; x_wconf 86' lang='lat' dir='ltr'><em>d</em></span> <span class='ocrx_word' id='word_1_286' title='bbox 1983 1791 2219 1836; x_wconf 87' lang='lat' dir='ltr'>nonam</span> <span class='ocrx_word' id='word_1_287' title='bbox 2278 1791 2385 1835; x_wconf 85' lang='lat' dir='ltr'>an.</span> <span class='ocrx_word' id='word_1_288' title='bbox 2497 1770 2806 1852; x_wconf 68' lang='lat' dir='ltr'>Lapides</span> <span class='ocrx_word' id='word_1_289' title='bbox 2907 1778 3013 1850; x_wconf 82' lang='lat' dir='ltr'>ps&#39;.</span> 
     </span>
     <span class='ocr_line' id='line_1_65' title="bbox 1811 1857 3015 1939; baseline -0.002 -15"><span class='ocrx_word' id='word_1_290' title='bbox 1811 1860 2161 1924; x_wconf 85' lang='lat' dir='ltr'>Mirabilia.</span> <span class='ocrx_word' id='word_1_291' title='bbox 2618 1857 3015 1939; x_wconf 80' lang='lat' dir='ltr'>Capitulum.</span> 
     </span>
     <span class='ocr_line' id='line_1_66' title="bbox 2018 1945 3015 2028; baseline -0.003 -16"><span class='ocrx_word' id='word_1_292' title='bbox 2018 1956 2159 2012; x_wconf 88' lang='lat' dir='ltr'>erat</span> <span class='ocrx_word' id='word_1_293' title='bbox 2188 1955 2515 2011; x_wconf 90' lang='lat' dir='ltr'>structura</span> <span class='ocrx_word' id='word_1_294' title='bbox 2546 1947 2713 2010; x_wconf 89' lang='lat' dir='ltr'>muri</span> <span class='ocrx_word' id='word_1_295' title='bbox 2746 1945 2891 2028; x_wconf 90' lang='lat' dir='ltr'>ejus</span> <span class='ocrx_word' id='word_1_296' title='bbox 2922 1967 3015 2009; x_wconf 80' lang='lat' dir='ltr'>ex</span> 
     </span>
     <span class='ocr_line' id='line_1_67' title="bbox 1961 2036 3013 2119; baseline -0.003 -19"><span class='ocrx_word' id='word_1_297' title='bbox 1961 2037 2181 2119; x_wconf 89' lang='lat' dir='ltr'>lapide</span> <span class='ocrx_word' id='word_1_298' title='bbox 2208 2036 2527 2119; x_wconf 86' lang='lat' dir='ltr'>jaspidis:</span> <span class='ocrx_word' id='word_1_299' title='bbox 2565 2037 2710 2118; x_wconf 89' lang='lat' dir='ltr'>ipsa</span> <span class='ocrx_word' id='word_1_300' title='bbox 2731 2055 2891 2099; x_wconf 90' lang='lat' dir='ltr'>vero</span> <span class='ocrx_word' id='word_1_301' title='bbox 2920 2055 3013 2098; x_wconf 84' lang='lat' dir='ltr'>ex</span> 
     </span>
     <span class='ocr_line' id='line_1_68' title="bbox 1810 2124 3014 2206; baseline -0.002 -17"><span class='ocrx_word' id='word_1_302' title='bbox 1810 2146 1972 2190; x_wconf 87' lang='lat' dir='ltr'>auro</span> <span class='ocrx_word' id='word_1_303' title='bbox 2022 2126 2272 2189; x_wconf 90' lang='lat' dir='ltr'>mundo</span> <span class='ocrx_word' id='word_1_304' title='bbox 2320 2124 2555 2188; x_wconf 90' lang='lat' dir='ltr'>similis</span> <span class='ocrx_word' id='word_1_305' title='bbox 2602 2125 2773 2187; x_wconf 90' lang='lat' dir='ltr'>vitro</span> <span class='ocrx_word' id='word_1_306' title='bbox 2826 2143 3014 2206; x_wconf 81' lang='lat' dir='ltr'>puro,</span> 
     </span>
     <span class='ocr_line' id='line_1_69' title="bbox 1809 2211 3017 2278; baseline -0.001 -1"><span class='ocrx_word' id='word_1_307' title='bbox 1809 2215 1927 2278; x_wconf 87' lang='lat' dir='ltr'>Re.</span> <span class='ocrx_word' id='word_1_308' title='bbox 1980 2215 2127 2278; x_wconf 89' lang='lat' dir='ltr'>Hec</span> <span class='ocrx_word' id='word_1_309' title='bbox 2172 2223 2274 2278; x_wconf 91' lang='lat' dir='ltr'>est</span> <span class='ocrx_word' id='word_1_310' title='bbox 2320 2215 2559 2278; x_wconf 91' lang='lat' dir='ltr'>domus</span> <span class='ocrx_word' id='word_1_311' title='bbox 2604 2211 2860 2277; x_wconf 90' lang='lat' dir='ltr'>domini</span> <span class='ocrx_word' id='word_1_312' title='bbox 2908 2211 3017 2276; x_wconf 88' lang='lat' dir='ltr'>fir-</span> 
     </span>
     <span class='ocr_line' id='line_1_70' title="bbox 1813 2300 3018 2387; baseline -0.002 -21"><span class='ocrx_word' id='word_1_313' title='bbox 1813 2305 2009 2366; x_wconf 90' lang='lat' dir='ltr'>miter</span> <span class='ocrx_word' id='word_1_314' title='bbox 2054 2301 2379 2366; x_wconf 86' lang='lat' dir='ltr'>edificata.</span> <span class='ocrx_word' id='word_1_315' title='bbox 2467 2300 2649 2366; x_wconf 87' lang='lat' dir='ltr'>All’a</span> <span class='ocrx_word' id='word_1_316' title='bbox 2706 2300 2875 2364; x_wconf 89' lang='lat' dir='ltr'>all’a.</span> <span class='ocrx_word' id='word_1_317' title='bbox 2970 2318 3018 2387; x_wconf 69' lang='grc' dir='ltr'><strong><em>γ</em></strong></span> 
     </span>
     <span class='ocr_line' id='line_1_71' title="bbox 1813 2389 3017 2472; baseline -0.004 -16"><span class='ocrx_word' id='word_1_318' title='bbox 1813 2393 1995 2456; x_wconf 88' lang='lat' dir='ltr'>Bene</span> <span class='ocrx_word' id='word_1_319' title='bbox 2037 2390 2314 2455; x_wconf 86' lang='lat' dir='ltr'>fundata</span> <span class='ocrx_word' id='word_1_320' title='bbox 2356 2398 2458 2454; x_wconf 90' lang='lat' dir='ltr'>est</span> <span class='ocrx_word' id='word_1_321' title='bbox 2503 2409 2702 2472; x_wconf 89' lang='lat' dir='ltr'>supra</span> <span class='ocrx_word' id='word_1_322' title='bbox 2750 2389 3017 2452; x_wconf 88' lang='lat' dir='ltr'>firmam</span> 
     </span>
     <span class='ocr_line' id='line_1_72' title="bbox 1814 2478 3017 2564; baseline -0.002 -21"><span class='ocrx_word' id='word_1_323' title='bbox 1814 2490 2088 2564; x_wconf 88' lang='lat' dir='ltr'>petram.</span> <span class='ocrx_word' id='word_1_324' title='bbox 2162 2478 2473 2544; x_wconf 87' lang='lat' dir='ltr'>Alleluia.</span> <span class='ocrx_word' id='word_1_325' title='bbox 2552 2478 2795 2542; x_wconf 91' lang='lat' dir='ltr'>Gloria.</span> <span class='ocrx_word' id='word_1_326' title='bbox 2867 2478 3017 2541; x_wconf 90' lang='lat' dir='ltr'>Hec</span> 
     </span>
     <span class='ocr_line' id='line_1_73' title="bbox 1813 2567 3020 2655; baseline -0.003 -22"><span class='ocrx_word' id='word_1_327' title='bbox 1813 2578 1931 2633; x_wconf 91' lang='lat' dir='ltr'>est.</span> <span class='ocrx_word' id='word_1_328' title='bbox 2026 2586 2071 2655; x_wconf 71' lang='lat' dir='ltr'>y</span> <span class='ocrx_word' id='word_1_329' title='bbox 2134 2568 2441 2633; x_wconf 90' lang='lat' dir='ltr'>Fundata</span> <span class='ocrx_word' id='word_1_330' title='bbox 2488 2578 2590 2631; x_wconf 91' lang='lat' dir='ltr'>est</span> <span class='ocrx_word' id='word_1_331' title='bbox 2619 2568 2858 2631; x_wconf 91' lang='lat' dir='ltr'>domus</span> <span class='ocrx_word' id='word_1_332' title='bbox 2896 2567 3020 2630; x_wconf 93' lang='lat' dir='ltr'>do-</span> 
     </span>
     <span class='ocr_line' id='line_1_74' title="bbox 1816 2656 3018 2740; baseline -0.003 -18"><span class='ocrx_word' id='word_1_333' title='bbox 1816 2657 1993 2722; x_wconf 90' lang='lat' dir='ltr'>mini.</span> <span class='ocrx_word' id='word_1_334' title='bbox 2076 2656 2291 2740; x_wconf 88' lang='lat' dir='ltr'>Super</span> <span class='ocrx_word' id='word_1_335' title='bbox 2320 2658 2633 2721; x_wconf 88' lang='lat' dir='ltr'>verticem</span> <span class='ocrx_word' id='word_1_336' title='bbox 2666 2658 3018 2720; x_wconf 88' lang='lat' dir='ltr'>montium.</span> 
     </span>
     <span class='ocr_line' id='line_1_75' title="bbox 1820 2744 3019 2827; baseline -0.003 -15"><span class='ocrx_word' id='word_1_337' title='bbox 1820 2746 2050 2812; x_wconf 88' lang='lat' dir='ltr'>Oratio</span> <span class='ocrx_word' id='word_1_338' title='bbox 2080 2756 2153 2809; x_wconf 87' lang='lat' dir='ltr'>ut</span> <span class='ocrx_word' id='word_1_339' title='bbox 2180 2756 2394 2827; x_wconf 86' lang='lat' dir='ltr'>supra.</span> <span class='ocrx_word' id='word_1_340' title='bbox 2448 2744 2574 2809; x_wconf 88' lang='lat' dir='ltr'>Ad</span> <span class='ocrx_word' id='word_1_341' title='bbox 2588 2756 2880 2827; x_wconf 86' lang='lat' dir='ltr'>vesperas</span> <span class='ocrx_word' id='word_1_342' title='bbox 2908 2753 3019 2809; x_wconf 69' lang='lat' dir='ltr'>aii.</span> 
     </span>
     <span class='ocr_line' id='line_1_76' title="bbox 1820 2834 3021 2917; baseline -0.002 -18"><span class='ocrx_word' id='word_1_343' title='bbox 1820 2836 2112 2899; x_wconf 91' lang='lat' dir='ltr'>Domum</span> <span class='ocrx_word' id='word_1_344' title='bbox 2146 2844 2348 2899; x_wconf 90' lang='lat' dir='ltr'>tuam.</span> <span class='ocrx_word' id='word_1_345' title='bbox 2425 2843 2527 2917; x_wconf 80' lang='lat' dir='ltr'>ps&#39;.</span> <span class='ocrx_word' id='word_1_346' title='bbox 2576 2834 2773 2897; x_wconf 87' lang='lat' dir='ltr'>Dixit</span> <span class='ocrx_word' id='word_1_347' title='bbox 2803 2834 3021 2897; x_wconf 89' lang='lat' dir='ltr'>domi-</span> 
     </span>
     <span class='ocr_line' id='line_1_77' title="bbox 1814 2922 3023 3005; baseline -0.002 -18"><span class='ocrx_word' id='word_1_348' title='bbox 1814 2945 1956 2987; x_wconf 77' lang='lat' dir='ltr'>nus,</span> <span class='ocrx_word' id='word_1_349' title='bbox 2003 2933 2108 2987; x_wconf 74' lang='grc' dir='ltr'>αῆ.</span> <span class='ocrx_word' id='word_1_350' title='bbox 2158 2924 2419 2987; x_wconf 92' lang='lat' dir='ltr'>Domus</span> <span class='ocrx_word' id='word_1_351' title='bbox 2453 2943 2617 2986; x_wconf 91' lang='lat' dir='ltr'>mea.</span> <span class='ocrx_word' id='word_1_352' title='bbox 2664 2930 2765 3005; x_wconf 77' lang='lat' dir='ltr'>ps&#39;.</span> <span class='ocrx_word' id='word_1_353' title='bbox 2816 2922 3023 2986; x_wconf 87' lang='lat' dir='ltr'>Leta-</span> 
     </span>
     <span class='ocr_line' id='line_1_78' title="bbox 1816 3010 3021 3092; baseline -0.002 -16"><span class='ocrx_word' id='word_1_354' title='bbox 1816 3022 1925 3077; x_wconf 90' lang='lat' dir='ltr'>tus</span> <span class='ocrx_word' id='word_1_355' title='bbox 1956 3032 2121 3075; x_wconf 93' lang='lat' dir='ltr'>sum.</span> <span class='ocrx_word' id='word_1_356' title='bbox 2185 3021 2292 3075; x_wconf 74' lang='lat' dir='ltr'>aii.</span> <span class='ocrx_word' id='word_1_357' title='bbox 2343 3012 2491 3075; x_wconf 90' lang='lat' dir='ltr'>Hec</span> <span class='ocrx_word' id='word_1_358' title='bbox 2524 3020 2642 3075; x_wconf 90' lang='lat' dir='ltr'>est.</span> <span class='ocrx_word' id='word_1_359' title='bbox 2717 3019 2819 3092; x_wconf 71' lang='lat' dir='ltr'>ps.</span> <span class='ocrx_word' id='word_1_360' title='bbox 2870 3010 3021 3073; x_wconf 89' lang='lat' dir='ltr'>Nisi</span> 
     </span>
     <span class='ocr_line' id='line_1_79' title="bbox 1815 3098 3021 3166; baseline -0.005 0"><span class='ocrx_word' id='word_1_361' title='bbox 1815 3101 2126 3166; x_wconf 89' lang='lat' dir='ltr'>dominus</span> <span class='ocrx_word' id='word_1_362' title='bbox 2145 3099 2491 3165; x_wconf 87' lang='lat' dir='ltr'>edificavit.</span> <span class='ocrx_word' id='word_1_363' title='bbox 2522 3108 2631 3164; x_wconf 69' lang='grc' dir='ltr'>αιῖ.</span> <span class='ocrx_word' id='word_1_364' title='bbox 2668 3100 2848 3163; x_wconf 91' lang='lat' dir='ltr'>Bene</span> <span class='ocrx_word' id='word_1_365' title='bbox 2871 3098 3021 3161; x_wconf 86' lang='lat' dir='ltr'>sun-</span> 
     </span>
     <span class='ocr_line' id='line_1_80' title="bbox 1816 3186 3023 3271; baseline -0.003 -17"><span class='ocrx_word' id='word_1_366' title='bbox 1816 3192 1992 3255; x_wconf 86' lang='lat' dir='ltr'>data.</span> <span class='ocrx_word' id='word_1_367' title='bbox 2026 3198 2126 3270; x_wconf 68' lang='lat' dir='ltr'>ps.</span> <span class='ocrx_word' id='word_1_368' title='bbox 2161 3186 2562 3253; x_wconf 85' lang='lat' dir='ltr'>Confitebor.</span> <span class='ocrx_word' id='word_1_369' title='bbox 2597 3188 2716 3271; x_wconf 91' lang='lat' dir='ltr'>(ij.)</span> <span class='ocrx_word' id='word_1_370' title='bbox 2748 3196 2854 3251; x_wconf 75' lang='grc' dir='ltr'>αῆ.</span> <span class='ocrx_word' id='word_1_371' title='bbox 2890 3187 3023 3251; x_wconf 88' lang='lat' dir='ltr'>La-</span> 
     </span>
     <span class='ocr_line' id='line_1_81' title="bbox 1819 3276 3025 3363; baseline -0.002 -21"><span class='ocrx_word' id='word_1_372' title='bbox 1819 3279 2021 3363; x_wconf 84' lang='lat' dir='ltr'>pides.</span> <span class='ocrx_word' id='word_1_373' title='bbox 2041 3286 2141 3359; x_wconf 78' lang='lat' dir='ltr'>ps&#39;.</span> <span class='ocrx_word' id='word_1_374' title='bbox 2179 3277 2414 3341; x_wconf 90' lang='lat' dir='ltr'>Lauda</span> <span class='ocrx_word' id='word_1_375' title='bbox 2432 3277 2846 3340; x_wconf 89' lang='lat' dir='ltr'>hierusalem.</span> <span class='ocrx_word' id='word_1_376' title='bbox 2872 3276 3025 3358; x_wconf 87' lang='lat' dir='ltr'>Cap.</span> 
     </span>
     <span class='ocr_line' id='line_1_82' title="bbox 1820 3364 3024 3450; baseline -0.001 -20"><span class='ocrx_word' id='word_1_377' title='bbox 1820 3368 1971 3450; x_wconf 86' lang='lat' dir='ltr'>Ego</span> <span class='ocrx_word' id='word_1_378' title='bbox 2039 3366 2381 3448; x_wconf 77' lang='lat' dir='ltr'>johannes</span> <span class='ocrx_word' id='word_1_379' title='bbox 2487 3364 2601 3429; x_wconf 78' lang='lat' dir='ltr'>Re.</span> <span class='ocrx_word' id='word_1_380' title='bbox 2664 3364 3024 3429; x_wconf 71' lang='lat' dir='ltr'>Terribilis</span> 
     </span>
     <span class='ocr_line' id='line_1_83' title="bbox 1820 3453 3028 3553; baseline -0.004 -33"><span class='ocrx_word' id='word_1_381' title='bbox 1820 3457 2016 3537; x_wconf 90' lang='lat' dir='ltr'>Hym.</span> <span class='ocrx_word' id='word_1_382' title='bbox 2050 3453 2394 3537; x_wconf 87' lang='lat' dir='ltr'>Angulare</span> <span class='ocrx_word' id='word_1_383' title='bbox 2413 3453 2939 3518; x_wconf 85' lang='lat' dir='ltr'>fundamentum.</span> <span class='ocrx_word' id='word_1_384' title='bbox 2983 3471 3028 3553; x_wconf 61' lang='lat' dir='ltr'>y</span> 
     </span>
     <span class='ocr_line' id='line_1_84' title="bbox 1821 3541 3029 3626; baseline -0.003 -17"><span class='ocrx_word' id='word_1_385' title='bbox 1821 3545 2010 3609; x_wconf 89' lang='lat' dir='ltr'>Beati</span> <span class='ocrx_word' id='word_1_386' title='bbox 2042 3544 2157 3626; x_wconf 92' lang='lat' dir='ltr'>qui</span> <span class='ocrx_word' id='word_1_387' title='bbox 2186 3542 2507 3608; x_wconf 88' lang='lat' dir='ltr'>habitant.</span> <span class='ocrx_word' id='word_1_388' title='bbox 2585 3543 2671 3606; x_wconf 87' lang='lat' dir='ltr'>In</span> <span class='ocrx_word' id='word_1_389' title='bbox 2702 3541 3029 3623; x_wconf 79' lang='lat' dir='ltr'>evangelio</span> 
     </span>
     <span class='ocr_line' id='line_1_85' title="bbox 1820 3630 3027 3697; baseline -0.002 0"><span class='ocrx_word' id='word_1_390' title='bbox 1820 3642 1925 3697; x_wconf 63' lang='lat' dir='ltr'>aa.</span> <span class='ocrx_word' id='word_1_391' title='bbox 1998 3632 2256 3697; x_wconf 90' lang='lat' dir='ltr'>Zachee</span> <span class='ocrx_word' id='word_1_392' title='bbox 2303 3631 2620 3695; x_wconf 85' lang='lat' dir='ltr'>festinans</span> <span class='ocrx_word' id='word_1_393' title='bbox 2662 3630 3027 3695; x_wconf 88' lang='lat' dir='ltr'>descende:</span> 
     </span>
    </p>
   </div>
   <div class='ocr_carea' id='block_1_6' title="bbox 1677 3719 3033 3807">
    <p class='ocr_par' dir='ltr' id='par_1_8' title="bbox 1677 3719 3033 3807">
     <span class='ocr_line' id='line_1_86' title="bbox 1677 3719 3033 3807; baseline -0.003 -21"><span class='ocrx_word' id='word_1_394' title='bbox 1677 3738 1724 3807; x_wconf 60' lang='lat' dir='ltr'>y</span> <span class='ocrx_word' id='word_1_395' title='bbox 1822 3723 1977 3805; x_wconf 90' lang='lat' dir='ltr'>quia</span> <span class='ocrx_word' id='word_1_396' title='bbox 2020 3721 2218 3784; x_wconf 91' lang='lat' dir='ltr'>hodie</span> <span class='ocrx_word' id='word_1_397' title='bbox 2269 3720 2334 3783; x_wconf 90' lang='lat' dir='ltr'>in</span> <span class='ocrx_word' id='word_1_398' title='bbox 2366 3719 2569 3783; x_wconf 93' lang='lat' dir='ltr'>domo</span> <span class='ocrx_word' id='word_1_399' title='bbox 2602 3730 2719 3784; x_wconf 83' lang='lat' dir='ltr'>tua</span> <span class='ocrx_word' id='word_1_400' title='bbox 2762 3727 3033 3802; x_wconf 85' lang='lat' dir='ltr'>oportet</span> 
     </span>
    </p>
   </div>
   <div class='ocr_carea' id='block_1_7' title="bbox 1823 3808 3043 4601">
    <p class='ocr_par' dir='ltr' id='par_1_9' title="bbox 1823 3808 3034 4336">
     <span class='ocr_line' id='line_1_87' title="bbox 1826 3808 3034 3874; baseline -0.002 0"><span class='ocrx_word' id='word_1_401' title='bbox 1826 3832 1932 3874; x_wconf 91' lang='lat' dir='ltr'>me</span> <span class='ocrx_word' id='word_1_402' title='bbox 1967 3828 2233 3873; x_wconf 90' lang='lat' dir='ltr'>manere</span> <span class='ocrx_word' id='word_1_403' title='bbox 2265 3829 2282 3872; x_wconf 92' lang='lat'>:</span> <span class='ocrx_word' id='word_1_404' title='bbox 2315 3818 2385 3871; x_wconf 90' lang='lat' dir='ltr'>at</span> <span class='ocrx_word' id='word_1_405' title='bbox 2416 3808 2527 3873; x_wconf 91' lang='lat' dir='ltr'>ille</span> <span class='ocrx_word' id='word_1_406' title='bbox 2558 3808 2879 3872; x_wconf 86' lang='lat' dir='ltr'>festinans</span> <span class='ocrx_word' id='word_1_407' title='bbox 2908 3808 3034 3871; x_wconf 87' lang='lat' dir='ltr'>de-</span> 
     </span>
     <span class='ocr_line' id='line_1_88' title="bbox 1823 3896 3031 3980; baseline -0.003 -17"><span class='ocrx_word' id='word_1_408' title='bbox 1823 3900 2082 3964; x_wconf 88' lang='lat' dir='ltr'>scendit</span> <span class='ocrx_word' id='word_1_409' title='bbox 2112 3908 2181 3961; x_wconf 92' lang='lat' dir='ltr'>et</span> <span class='ocrx_word' id='word_1_410' title='bbox 2212 3898 2503 3980; x_wconf 89' lang='lat' dir='ltr'>suscepit</span> <span class='ocrx_word' id='word_1_411' title='bbox 2534 3918 2686 3961; x_wconf 89' lang='lat' dir='ltr'>eum</span> <span class='ocrx_word' id='word_1_412' title='bbox 2724 3896 3031 3979; x_wconf 86' lang='lat' dir='ltr'>gaudens</span> 
     </span>
     <span class='ocr_line' id='line_1_89' title="bbox 1824 3984 3033 4051; baseline -0.002 0"><span class='ocrx_word' id='word_1_413' title='bbox 1824 3988 1891 4051; x_wconf 88' lang='lat' dir='ltr'>in</span> <span class='ocrx_word' id='word_1_414' title='bbox 1924 3988 2199 4051; x_wconf 90' lang='lat' dir='ltr'>domum</span> <span class='ocrx_word' id='word_1_415' title='bbox 2232 4006 2421 4050; x_wconf 87' lang='lat' dir='ltr'>suam</span> <span class='ocrx_word' id='word_1_416' title='bbox 2448 4009 2462 4050; x_wconf 94' lang='lat'><strong>:</strong></span> <span class='ocrx_word' id='word_1_417' title='bbox 2495 3986 2693 4050; x_wconf 90' lang='lat' dir='ltr'>hodie</span> <span class='ocrx_word' id='word_1_418' title='bbox 2726 3985 2879 4049; x_wconf 90' lang='lat' dir='ltr'>huic</span> <span class='ocrx_word' id='word_1_419' title='bbox 2910 3984 3033 4048; x_wconf 94' lang='lat' dir='ltr'>do-</span> 
     </span>
     <span class='ocr_line' id='line_1_90' title="bbox 1828 4072 3034 4139; baseline -0.003 0"><span class='ocrx_word' id='word_1_420' title='bbox 1828 4078 1961 4139; x_wconf 91' lang='lat' dir='ltr'>mui</span> <span class='ocrx_word' id='word_1_421' title='bbox 2013 4075 2191 4139; x_wconf 87' lang='lat' dir='ltr'>salus</span> <span class='ocrx_word' id='word_1_422' title='bbox 2236 4096 2277 4138; x_wconf 88' lang='lat' dir='ltr'>a</span> <span class='ocrx_word' id='word_1_423' title='bbox 2322 4076 2453 4138; x_wconf 93' lang='lat' dir='ltr'>deo</span> <span class='ocrx_word' id='word_1_424' title='bbox 2501 4075 2678 4138; x_wconf 87' lang='lat' dir='ltr'>sacta</span> <span class='ocrx_word' id='word_1_425' title='bbox 2723 4083 2825 4137; x_wconf 90' lang='lat' dir='ltr'>est</span> <span class='ocrx_word' id='word_1_426' title='bbox 2872 4072 3034 4137; x_wconf 89' lang='lat' dir='ltr'>alle-</span> 
     </span>
     <span class='ocr_line' id='line_1_91' title="bbox 1826 4163 3034 4245; baseline -0.002 -17"><span class='ocrx_word' id='word_1_427' title='bbox 1826 4166 1975 4229; x_wconf 91' lang='lat' dir='ltr'>luia.</span> <span class='ocrx_word' id='word_1_428' title='bbox 2032 4174 2133 4245; x_wconf 73' lang='lat' dir='ltr'>ps.</span> <span class='ocrx_word' id='word_1_429' title='bbox 2168 4163 2575 4245; x_wconf 89' lang='lat' dir='ltr'>Magnificat.</span> <span class='ocrx_word' id='word_1_430' title='bbox 2628 4163 2779 4228; x_wconf 68' lang='lat' dir='ltr'>Oro.</span> <span class='ocrx_word' id='word_1_431' title='bbox 2843 4163 3034 4226; x_wconf 89' lang='lat' dir='ltr'>Deus</span> 
     </span>
     <span class='ocr_line' id='line_1_92' title="bbox 1832 4253 2186 4336; baseline -0.006 -19"><span class='ocrx_word' id='word_1_432' title='bbox 1832 4254 1944 4336; x_wconf 92' lang='lat' dir='ltr'>qui</span> <span class='ocrx_word' id='word_1_433' title='bbox 1977 4253 2186 4315; x_wconf 80' lang='lat' dir='ltr'>nobiS.</span> 
     </span>
    </p>

    <p class='ocr_par' dir='ltr' id='par_1_10' title="bbox 1830 4339 3043 4601">
     <span class='ocr_line' id='line_1_93' title="bbox 1834 4339 3043 4423; baseline -0.002 -19"><span class='ocrx_word' id='word_1_434' title='bbox 1834 4347 1896 4420; x_wconf 62' lang='grc' dir='ltr'>(Ι</span> <span class='ocrx_word' id='word_1_435' title='bbox 1944 4342 2312 4423; x_wconf 77' lang='lat' dir='ltr'>Antiphone</span> <span class='ocrx_word' id='word_1_436' title='bbox 2358 4348 2678 4423; x_wconf 78' lang='lat' dir='ltr'>sequentes</span> <span class='ocrx_word' id='word_1_437' title='bbox 2728 4339 3043 4403; x_wconf 84' lang='lat' dir='ltr'>dicantur</span> 
     </span>
     <span class='ocr_line' id='line_1_94' title="bbox 1832 4428 3034 4512; baseline -0.001 -20"><span class='ocrx_word' id='word_1_438' title='bbox 1832 4429 2018 4512; x_wconf 88' lang='lat' dir='ltr'>infra</span> <span class='ocrx_word' id='word_1_439' title='bbox 2048 4439 2305 4492; x_wconf 83' lang='lat' dir='ltr'>octavas</span> <span class='ocrx_word' id='word_1_440' title='bbox 2332 4440 2523 4509; x_wconf 77' lang='lat' dir='ltr'>super</span> <span class='ocrx_word' id='word_1_441' title='bbox 2546 4428 2839 4509; x_wconf 86' lang='lat' dir='ltr'>psalmos</span> <span class='ocrx_word' id='word_1_442' title='bbox 2886 4428 3034 4492; x_wconf 88' lang='lat' dir='ltr'>Ma-</span> 
     </span>
     <span class='ocr_line' id='line_1_95' title="bbox 1830 4518 2633 4601; baseline -0.001 -19"><span class='ocrx_word' id='word_1_443' title='bbox 1830 4518 2100 4601; x_wconf 84' lang='lat' dir='ltr'>gnificat</span> <span class='ocrx_word' id='word_1_444' title='bbox 2130 4528 2189 4581; x_wconf 85' lang='lat' dir='ltr'>ct</span> <span class='ocrx_word' id='word_1_445' title='bbox 2224 4518 2633 4581; x_wconf 69' lang='lat' dir='ltr'>Benedictus</span> 
     </span>
    </p>
   </div>
   <div class='ocr_carea' id='block_1_8' title="bbox 3328 753 3338 1356">
    <p class='ocr_par' dir='ltr' id='par_1_11' title="bbox 3328 753 3338 1356">
     <span class='ocr_line' id='line_1_96' title="bbox 3328 753 3338 1356; baseline 0 0"><span class='ocrx_word' id='word_1_446' title='bbox 3328 753 3338 1356; x_wconf 95' lang='lat' dir='ltr'> </span> 
     </span>
    </p>
   </div>
  </div>
 </body>
</html>
