3375 5100
706 282 1326 342 EXPOSITIONES
1371 281 2055 339 EVANGELIORUM
2096 281 2520 338 DOMINICA
2572 280 2697 336 XX
2704 281 2833 334 Vm.

1061 394 1194 448 651

529 509 598 562 et
629 520 670 563 a
701 508 1121 582 peccatorum
1153 505 1523 563 nostrorum
1561 518 1729 563 nex-

532 588 679 651 ibus
737 608 868 670 que
921 607 1042 670 pro
1093 596 1322 651 nostra
1372 586 1728 669 fragilitate

532 677 989 741 contraximus
1033 686 1150 741 tua
1195 676 1604 758 benignitate
1651 674 1727 737 li-

533 766 853 829 beremur.
949 764 1086 829 Per.
1176 764 1302 828 Ad
1338 776 1626 847 vesperas
1657 762 1729 825 in

531 874 787 935 evange.
828 862 933 917 aii.
1000 854 1288 917 Dicebat
1332 854 1510 916 enim
1557 854 1731 915 intra

533 963 607 1005 se
673 943 728 1004 si
789 942 1072 1024 tetigero
1142 940 1470 1005 fimbriam
1531 941 1730 1004 vesti-

535 1028 744 1093 menti
816 1030 958 1113 ejus
1015 1038 1282 1094 tantum
1341 1028 1528 1093 salva
1601 1048 1733 1093 ero·

535 1116 815 1181 alleluia.
874 1126 977 1198 pf.
1025 1116 1431 1200 Magnificat.

539 1211 604 1283 (Ι
635 1206 980 1269 Dominica
1005 1226 1156 1269 xxv.
1218 1206 1350 1270 Sec.
1355 1204 1733 1288 johannem.

533 1298 688 1426 ln
738 1293 850 1357 illo
897 1303 1238 1376 tempore:
1293 1293 1466 1359 Cum
1514 1292 1734 1357 suble-

642 1392 862 1445 vasset
922 1402 1078 1463 ergo
1137 1382 1364 1446 oculos
1409 1382 1604 1466 Jesus
1663 1390 1735 1446 et

535 1472 809 1535 vidisset
840 1472 998 1553 quia
1043 1469 1402 1535 multitudo
1433 1471 1735 1534 maxima

536 1560 719 1623 venit
771 1560 860 1623 ad
918 1579 1073 1622 eum
1133 1558 1311 1623 dixit
1356 1559 1443 1623 ad
1496 1559 1735 1643 philip-

537 1666 715 1731 pum.
811 1648 1012 1713 Unde
1063 1666 1359 1711 ememus
1410 1668 1617 1730 panes
1663 1656 1739 1711 ut

541 1735 946 1800 manducent
977 1736 1090 1799 hi?
1185 1736 1339 1801 Hoc
1383 1746 1608 1800 autem
1637 1736 1739 1799 di-

540 1823 736 1889 cebat
765 1834 1104 1907 temptans
1136 1844 1306 1889 eum.
1374 1825 1527 1907 Ipse
1558 1825 1739 1889 enim

541 1914 834 1978 sciebat:
879 1913 1043 1995 quid
1073 1922 1250 1976 esset
1279 1912 1586 1978 facturus.
1647 1913 1739 1977 Et

541 2002 812 2084 reliqua.

547 2090 800 2155 Omelia
859 2089 1241 2154 venerabilis
1291 2090 1437 2154 bede
1481 2088 1743 2173 presoy-

543 2178 688 2243 teri.
1384 2178 1600 2242 Lectio
1629 2178 1743 2260 vij.

552 2266 809 2434 Quod
857 2266 1235 2331 sublevasse
1279 2266 1506 2330 oculos
1546 2267 1741 2349 jesus

678 2364 745 2419 et
775 2356 1150 2419 venientem
1195 2354 1282 2418 ad
1327 2375 1398 2418 se
1445 2355 1743 2419 multitu-

543 2445 769 2507 dinem
823 2443 1104 2507 vidisse¹
1159 2442 1582 2526 perhibetur:
1643 2444 1743 2507 di-

543 2532 694 2597 vine
741 2532 1004 2613 pietatis
1051 2531 1363 2596 indicium
1395 2542 1538 2598 est:
1585 2533 1745 2616 quia

545 2620 853 2685 videlicet
912 2621 1166 2684 cunctis
1235 2621 1322 2684 ad
1387 2641 1462 2684 se
1520 2623 1743 2684 venire

547 2708 972 2793 querentibus
1021 2729 1357 2772 occurrere
1401 2711 1746 2774 consuevit

547 2797 806 2861 celestis
832 2797 1272 2860 misericordie
1294 2799 1522 2879 gratia.
1576 2799 1746 2862 Puer

546 2905 704 2950 vero
735 2885 860 2949 iste
889 2886 1002 2967 qui
1049 2886 1341 2968 quinque
1387 2907 1592 2968 panes
1628 2886 1745 2950 ha-

548 2975 736 3040 buit:
783 2974 1101 3076 populum
1125 2975 1347 3057 signat
1369 2975 1745 3078 judaicum:

550 3063 664 3146 qui
697 3063 990 3144 quinque
1013 3062 1211 3126 libros
1236 3064 1447 3145 moysi
1473 3065 1743 3146 accepit.

547 3152 729 3284 Et
759 3151 931 3214 bene
960 3150 1233 3234 quidem
1265 3152 1358 3215 illi
1393 3141 1580 3235 [lect.
1607 3152 1747 3234 viij.

700 3259 906 3322 panes
965 3240 1264 3304 ordeacei
1326 3239 1525 3304 fuisse
1586 3240 1748 3305 refe-

551 3338 827 3392 runtur·
813 3378 826 3392 .
873 3338 1142 3412 propter
1187 3329 1350 3412 legis
1394 3329 1747 3394 duritiam:

553 3418 708 3500 quia
751 3416 864 3480 lex
903 3428 1056 3481 ante
1103 3417 1464 3482 adventum
1495 3419 1749 3481 domini

551 3507 620 3568 in
651 3515 912 3569 tantum
936 3505 1155 3570 velata
1185 3507 1452 3571 extitit:
1500 3517 1574 3570 ut
1604 3507 1751 3570 nul-

553 3595 655 3658 lus
686 3594 1031 3658 hominum
1063 3615 1210 3659 eam
1244 3595 1624 3678 spiritaliter
1653 3595 1753 3658 in-

553 3683 850 3764 telligere
880 3692 1136 3766 posset:
1175 3684 1610 3767 quoadusque
1639 3704 1751 3748 ve-

553 3772 744 3835 niens
806 3771 1336 3837 benedictionem
1399 3774 1584 3837 daret
1637 3774 1753 3856 qui

553 3859 769 3942 legem
801 3860 1092 3925 dederat.
1419 3861 1635 3925 Lectio
1665 3861 1751 3926 ix.

551 3950 783 4082 Per
841 3950 1008 4012 duos
1083 3949 1259 4014 enim
1314 3950 1526 4032 pisces
1585 3951 1754 4014 duos

685 4037 949 4101 ordines
992 4038 1356 4121 intelligere
1402 4059 1755 4121 possumus

555 4124 847 4207 regalem
879 4127 1129 4190 scilicet
1151 4137 1218 4192 et
1243 4127 1754 4193 sacerdotalem:

554 4234 597 4277 a
626 4214 865 4296 quibus
891 4214 1072 4296 judei
1122 4216 1518 4299 regebantur
1559 4226 1625 4281 et
1659 4219 1755 4280 in-

557 4303 998 4368 struebantur.
1077 4304 1570 4369 Discubuerunt
1599 4326 1757 4388 ergo

654 4441 667 4470 ¹
707 4439 934 4490 venisse:
970 4439 1128 4489 W.N.

653 4509 673 4538 ²
705 4522 795 4571 pro
821 4505 912 4558 ‘vi.
942 4521 1049 4557 sen.
1077 4505 1165 4558 se.’
1192 4523 1362 4557 sensus
1381 4507 1566 4558 scilicet
1584 4507 1716 4558 visus
1740 4526 1751 4558 :
1787 4508 1853 4558 N.

2332 390 2493 445 652

1827 497 1946 561 viri
1978 518 2254 561 numero
2284 497 2473 579 quasi
2504 496 2798 579 quinque
2844 496 3047 560 milia

1826 587 1985 668 quia
2014 586 2308 670 quinque
2344 594 2497 649 sunt
2528 586 2821 669 corporis
2850 586 3049 648 visus

1826 694 2059 738 sensus
2088 673 2339 738 scilicet
2357 675 2381 711 ²
2410 674 2707 737 auditus:
2754 684 3047 755 gustus:

1827 763 2185 827 odoratus:
2231 771 2301 826 et
2330 772 2565 826 tactus,
2650 763 2798 826 Hos
2830 763 3049 844 igitur

1828 872 2059 915 sensus
2081 850 2333 917 solicite
2350 850 2682 915 custodire
2705 850 3047 913 debemus

1830 939 1885 1003 si
1925 940 2227 1004 convivio
2271 940 2524 1004 domini
2570 941 2885 1003 interesse
2916 960 3045 1002 vo-

1832 1026 2069 1093 lumuS.
2113 1029 2201 1092 In
2226 1048 2483 1110 evange.
2512 1036 2620 1091 an.
2666 1028 2842 1093 Cum
2872 1027 3047 1090 sub-

1832 1115 2117 1181 levasset
2162 1116 2389 1181 oculos
2418 1117 2612 1198 Jesus
2656 1126 2728 1180 et
2756 1116 3047 1179 vidisset

1831 1206 2198 1269 maximam
2242 1204 2732 1269 multitudinem
2763 1204 3043 1268 venien-

1832 1303 1971 1357 tem
2024 1295 2111 1358 ad
2166 1314 2239 1357 se
2300 1294 2463 1357 dicit
2520 1294 2608 1357 ad
2657 1292 3043 1375 philippum

1832 1381 2013 1446 unde
2055 1402 2353 1446 ememus
2398 1402 2605 1464 panes
2636 1391 2711 1445 ut
2750 1382 3043 1445 mandu-

1826 1479 1983 1534 cent
2012 1469 2081 1533 hi
2110 1470 2237 1535 hoc
2268 1480 2493 1535 autem
2518 1470 2787 1535 dicebat
2815 1480 3045 1551 temp-

1833 1568 1986 1623 tans
2014 1578 2167 1622 eum
2199 1560 2341 1642 ipse
2380 1559 2559 1623 enim
2590 1558 2842 1622 sciebat
2870 1560 3039 1640 quid

1836 1656 2010 1711 esset
2040 1646 2345 1712 facturus.
2421 1656 2523 1729 ps.
2575 1647 2992 1711 Benedictus.

1836 1737 2171 1869 Excita
2202 1736 2471 1800 domine
2494 1756 2731 1819 quesu-
2760 1735 3041 1819 [Oratio.

1990 1845 2137 1888 mus
2182 1834 2445 1889 tuorum
2479 1823 2773 1888 fidelium
2804 1824 3041 1888 volun-

1840 1922 2053 1977 tates:
2107 1922 2182 1977 ut
2227 1914 2435 1977 divini
2482 1913 2701 1996 operis
2750 1911 3039 1976 fructum

1838 2002 2229 2085 propensius
2298 2010 2708 2084 exequentes
2771 2002 3045 2084 pietatis

1840 2099 1956 2153 tue
1999 2090 2293 2154 remedia
2352 2090 2605 2171 majora
2651 2090 3041 2174 percipiant.

1842 2178 1966 2242 Per
1995 2178 2357 2243 dominum.
2449 2179 2534 2242 In
2560 2178 2683 2241 hac
2718 2178 3044 2241 dominim

1837 2267 1905 2331 si
1942 2268 2197 2347 festum
2260 2266 2350 2330 ix.
2403 2266 2739 2329 lectionum
2789 2266 3045 2348 simpli-

1838 2356 2009 2419 cium
2070 2356 2399 2437 contingat
2416 2378 2441 2417 .·
2500 2355 2888 2436 anticipetur
2944 2355 3053 2418 vel

1826 2453 2242 2526 postponetur
2274 2444 2529 2523 festum
2586 2444 2802 2505 sancti
2841 2454 3049 2525 prout

1841 2531 2074 2596 melius
2115 2542 2177 2597 et
2202 2532 2645 2615 competentius
2654 2531 2823 2614 fieri
2834 2532 3049 2615 possit

1840 2630 1906 2684 et
1958 2621 2143 2685 cedat
2195 2621 2524 2685 dominice.
2634 2621 2724 2685 Si
2766 2621 3045 2702 duplex:

1824 2709 1967 2795 fiat
2022 2709 2102 2773 de
2154 2708 2478 2774 dominica
2526 2709 2635 2772 die
2683 2710 2833 2773 lune
2858 2733 2882 2774 .·
2944 2710 3056 2773 vel

1841 2798 1949 2861 die
2004 2799 2243 2861 martis
2260 2822 2285 2864 .·
2368 2798 2474 2861 vel
2523 2797 2632 2861 die
2690 2799 3003 2861 mercurii
3020 2822 3049 2882 ,ξ

1844 2907 1969 2949 non
2014 2887 2301 2950 obstante
2329 2886 2504 2966 festo
2550 2887 2647 2969 iij.
2688 2885 3043 2950 lectionum.

1844 2975 1948 3039 Et
1990 2975 2057 3038 si
2113 2975 2183 3038 in
2240 2975 2501 3039 sabbato
2537 2977 2837 3058 proximo
2894 2984 3053 3038 ante

1846 3063 2236 3128 dominicam
2267 3063 2573 3127 ultimam
2613 3074 2768 3126 ante
2806 3064 3045 3127 adven-

1848 3162 1989 3216 tum
2039 3152 2293 3215 domini
2330 3154 2585 3232 festum
2631 3152 2907 3234 simplex
2958 3154 3045 3216 ix.

1848 3240 2183 3305 lectionum
2236 3239 2514 3304 evenerit
2532 3263 2557 3303 .·
2622 3241 2695 3303 in
2744 3241 2857 3304 illo
2902 3241 3046 3304 sab-

1850 3330 1996 3394 bato
2054 3329 2153 3392 ad
2200 3339 2489 3410 vesperas
2547 3329 2890 3410 incipietur
2958 3328 3057 3391 ad

1848 3417 2197 3500 capitulum
2226 3417 2306 3480 de
2330 3417 2652 3481 dominica
2685 3427 2748 3481 et
2777 3417 2846 3480 in
2874 3437 3049 3479 cras-

1852 3507 2024 3570 tino⁸
2034 3506 2221 3590 fiant
2258 3506 2463 3568 medie
2487 3506 2775 3570 lectiones
2800 3506 2882 3568 de
2906 3506 3049 3586 fes-

1851 3605 1915 3659 to
1946 3595 2033 3677 iij
2053 3594 2387 3658 lectionum
2416 3595 2482 3657 si
2506 3593 2856 3676 contigerit.
2934 3593 3060 3658 Ad

1851 3695 2140 3765 vesperas
2188 3684 2259 3746 in
2305 3683 2628 3764 evangelio
2678 3691 2784 3746 an.
2876 3683 3051 3747 Cum

1852 3773 2170 3836 vidissent
2214 3772 2405 3835 turbe
2450 3772 2711 3853 signum
2746 3772 2925 3853 quod
2961 3771 3053 3834 fe-

1854 3871 2033 3926 cerat
2080 3861 2272 3943 Jesus
2324 3859 2681 3924 dicebant:
2745 3880 2898 3924 vere
2944 3859 3053 3922 hic

1856 3959 1957 4013 est
1989 3949 2313 4032 propheta
2349 3949 2461 4031 qui
2492 3958 2806 4012 venturus
2852 3957 2953 4011 est
2984 3949 3053 4010 in

1858 4039 2200 4102 mundum.
2274 4047 2374 4119 pf.
2426 4035 2833 4120 Magnificat.
2907 4037 3055 4101 Oro.

1860 4127 2106 4191 Excita
2136 4127 2449 4192 domine.⁴

1861 4221 1923 4294 (Ι
1956 4215 2243 4279 Rubrica
2271 4215 2349 4277 de
2365 4215 2539 4296 sesto
2568 4210 3003 4277 dedicationis.

1858 4306 1960 4370 Et
2000 4304 2354 4368 notandum
2385 4302 2558 4386 quod
2594 4303 2660 4366 si
2698 4303 2781 4366 ab
2814 4301 3058 4365 octavis

1986 4442 2007 4471 ⁸
2038 4440 2315 4489 crastinum
2332 4455 2349 4488 :
2384 4439 2457 4489 N.

1991 4511 2009 4539 ⁴
2048 4511 2063 4534 ‘
2081 4506 2226 4557 Finit
2244 4507 2503 4570 temporale
2524 4505 2718 4555 este'mle
2732 4503 2745 4526 '
2778 4505 2885 4554 add
2895 4519 2912 4553 .·
2948 4503 3018 4553 Ν.
