3375 5100
1177 359 1441 412 PRIMA
1495 358 1616 413 AD
1628 358 1969 426 VENTUS.

905 469 962 524 9

330 576 498 640 coris
546 575 707 659 ejus.
801 577 989 642 Deus
1037 585 1262 642 noster
1314 578 1525 642 mani-

328 664 498 729 feste
526 666 760 730 veniet.
1233 665 1452 730 Lectio
1460 667 1523 749 j.

347 756 496 885 V
497 753 618 818 isio
652 753 824 820 Isaie
855 753 972 818 filii
1011 754 1267 819 Amos:
1321 775 1524 837 quam

496 843 663 906 vidit
693 863 891 926 super
927 844 1161 926 judam
1211 843 1270 907 &
1311 844 1526 907 hieru-

329 929 584 994 salem:
653 932 718 994 in
801 931 1036 995 diebus
1118 931 1296 996 ozie:
1380 931 1524 1014 joa-

330 1019 572 1084 than¹:
620 1020 821 1083 achaz
843 1019 868 1056 ²
897 1029 964 1083 et
994 1019 1256 1084 ezechie
1295 1041 1523 1102 regum

321 1106 508 1188 juda.
595 1107 852 1172 Audite
920 1108 1081 1172 celi:
1130 1108 1189 1172 &
1257 1111 1524 1172 auribus

330 1195 594 1279 percipe
625 1205 835 1260 terra:
870 1199 1186 1280 quoniam
1219 1197 1525 1260 dominus

331 1283 588 1348 locutus
647 1295 764 1349 est.
859 1286 1060 1349 Filios
1119 1285 1396 1349 enutrivi
1457 1295 1526 1349 et

329 1373 664 1438 exaltavi:
711 1374 835 1456 ipsi
882 1383 1106 1437 autem
1139 1382 1525 1456 spreverunt

331 1481 455 1524 me.
551 1461 699 1525 Hec
748 1462 908 1525 dicit
961 1462 1270 1526 dominus
1317 1462 1524 1526 deus:

328 1550 782 1614 convertimini
815 1551 901 1614 ad
927 1570 1032 1614 me
1058 1551 1119 1614 &
1143 1551 1305 1615 salvi
1329 1551 1524 1614 eritis

331 1637 452 1701 Sic
500 1639 927 1702 terminentur
971 1659 1188 1702 omnes
1242 1639 1528 1702 lectiones

328 1726 408 1789 de
477 1727 814 1809 prophetia
834 1751 860 1792 .·
944 1738 1007 1791 et
1075 1727 1530 1809 respondeatur

333 1815 484 1878 Deo
529 1816 794 1898 gratias.
883 1816 994 1880 Re.
1084 1816 1438 1898 Aspiciens
1485 1837 1528 1880 a

333 1902 530 1984 longe
575 1925 728 1967 ecce
762 1905 958 1968 video
1003 1905 1109 1968 dei
1155 1906 1525 1987 potentiam

330 1994 705 2056 venientem
784 1993 843 2057 &
919 1992 1230 2057 nebulam
1313 2002 1523 2057 totam

332 2089 576 2144 terram
637 2090 992 2163 tegentem.
1086 2082 1190 2146 Ite
1261 2081 1526 2144 obviam

332 2170 432 2233 ei:
465 2180 532 2234 et
548 2171 766 2235 dicite.
822 2171 1084 2235 Nuncia
1107 2170 1336 2235 nobis:
1368 2171 1422 2232 si
1453 2179 1526 2233 tu

333 2279 404 2322 es
437 2258 594 2341 ipse.
686 2258 819 2341 Qui
847 2268 1236 2342 regnaturus
1267 2281 1354 2322 eS.
1447 2259 1527 2321 In

332 2347 582 2429 populo
646 2347 856 2412 israel.
944 2366 992 2434 y
1038 2347 1302 2430 Quique
1348 2347 1530 2412 terri-

332 2456 504 2518 gene
558 2435 618 2499 &
668 2436 782 2500 filii
829 2436 1173 2501 hominum
1219 2437 1414 2500 simul
1463 2437 1528 2498 in

333 2544 540 2588 unum
573 2525 758 2589 dives
779 2525 853 2590 &·
870 2546 1138 2610 pauper.
1210 2527 1314 2590 Ite
1337 2545 1533 2607 usque

332 2614 404 2677 in
446 2614 657 2696 finem
706 2615 1090 2697 responsorii
1105 2638 1130 2678 .·
1193 2618 1263 2679 ἃ
1313 2616 1410 2678 sic
1456 2614 1534 2677 de

329 2703 730 2784 sequentibus
760 2703 1217 2768 iterationibus,
1301 2721 1349 2789 y
1398 2702 1532 2785 Qui

332 2792 506 2873 regis
552 2791 744 2855 israel
791 2792 1062 2855 intende
1107 2794 1219 2875 qui
1261 2792 1534 2856 deducis

332 2878 515 2943 velut
551 2899 744 2943 ovem
785 2879 1040 2963 joseph.
1118 2881 1395 2945 Nuncia.
1486 2898 1534 2966 y

336 2968 584 3032 Excita
622 2969 890 3032 domine
933 2970 1301 3051 potentiam
1347 2978 1532 3033 tuam

337 3057 398 3120 &
458 3057 652 3120 veni:
718 3066 791 3120 ut
855 3058 1073 3120 salvos
1133 3058 1336 3121 facias
1394 3078 1534 3122 nos,

335 3145 470 3227 Qui
503 3145 718 3227 regis,⁸
776 3163 824 3231 y
856 3144 1096 3211 Gloria.
1165 3146 1243 3209 In
1266 3145 1534 3230 populo.

332 3234 437 3296 Et
465 3243 693 3313 postea
737 3234 1145 3316 rez'nczjoietur
1183 3236 1536 3315 Responso-

331 3322 529 3387 rium.
620 3321 992 3403 Aspiciens,
1221 3323 1432 3386 Lectio
1464 3323 1532 3405 ij.

305 3459 310 3463 .
349 3412 742 3545 Cognovit
859 3412 980 3476 bos
1087 3432 1532 3494 possessorem

466 3520 698 3563 suum:
751 3499 811 3563 &
857 3501 1082 3563 asinus
1111 3502 1384 3583 presepe
1415 3501 1534 3563 do-

337 3588 498 3650 mini
518 3588 616 3650 sui
642 3609 658 3652 :
690 3588 880 3651 israel
901 3598 1122 3652 autem
1145 3609 1276 3652 non
1297 3609 1542 3671 cogno-

335 3676 432 3741 vit
475 3676 658 3740 me⁴:
706 3677 991 3759 populus
1033 3697 1220 3741 meus
1263 3698 1394 3741 non
1440 3678 1540 3740 in-

336 3764 620 3828 tellexit.
731 3766 834 3829 Ve
908 3766 1092 3847 genti
1146 3766 1537 3848 peccatrici:

337 3852 591 3936 populo
632 3854 816 3936 gravi
863 3852 1256 3935 iniquitate:
1302 3854 1536 3918 semini

336 3962 624 4024 nequam
732 3941 880 4005 filiis
983 3942 1334 4006 sceleratis,
1423 3943 1536 4007 Re.

335 4029 819 4113 Adspiciebam
867 4031 934 4093 in
979 4031 1122 4094 visu
1173 4032 1427 4095 noctis:
1476 4031 1536 4095 &

333 4139 486 4183 ecce
533 4120 599 4181 in
661 4118 945 4183 nubibus
1007 4120 1129 4183 celi
1190 4119 1360 4183 filius
1419 4118 1537 4183 ho-

335 4208 532 4270 minis
583 4208 781 4271 venit.
876 4208 965 4271 Et
1028 4208 1257 4272 datum
1317 4217 1419 4271 est
1477 4208 1535 4271 ei

336 4316 616 4379 regnum
695 4296 756 4359 &
829 4294 1086 4363 honor:
1178 4296 1238 4360 &
1322 4298 1538 4360 omnis

625 4444 640 4475 ¹
669 4443 896 4509 joatham
924 4461 936 4493 :
971 4444 1032 4493 E.

803 4578 824 4606 ⁸
861 4576 974 4627 ‘GL
1003 4576 1104 4641 pa!
1129 4592 1230 4627 om.
1260 4594 1273 4626 :
1307 4576 1531 4627 E.G.W.

1309 4444 1330 4474 ²
1349 4444 1528 4494 acham
1552 4463 1565 4494 ε
1591 4444 1654 4495 G.

804 4514 823 4541 ⁴
850 4514 960 4559 ‘me
983 4525 1085 4559 non
1106 4510 1368 4575 cognovit’
1393 4527 1406 4561 :
1443 4510 1575 4561 EG.

2176 469 2269 524 10

1623 576 1909 660 populus
1966 576 2177 640 tribus
2260 576 2321 639 &
2403 575 2625 658 lingue
2690 595 2815 640 ser-

1623 666 1842 730 vient⁶
1873 665 1952 729 ei.
2034 683 2077 752 y
2111 665 2415 729 Potestas
2436 665 2578 747 ejus
2600 674 2825 748 potes-

1623 763 1729 818 tas
1775 763 2030 818 eterna:
2075 773 2207 836 que
2266 773 2399 816 non
2460 752 2821 818 auferetur:

1627 842 1686 906 &
1707 862 1985 924 regnum
2011 841 2152 923 ejus
2176 842 2355 925 quod
2376 861 2510 906 non
2532 861 2822 904 corrum-

1623 940 1835 1013 petur.
1928 931 2020 994 Et
2050 929 2301 996 datum.
2474 929 2693 993 Lectio
2723 929 2819 1011 iij.

1622 1019 2223 1152 Dereliquerunt
2427 1019 2773 1082 dominum
2804 1039 2821 1082 :

1783 1106 2410 1190 blasphemaverunt
2516 1116 2819 1170 sanctum

1625 1195 1817 1259 israel
1854 1195 2209 1259 abalienati
2251 1204 2406 1259 sunt
2448 1205 2823 1259 retrorsum.

1623 1283 1843 1367 Super
1904 1304 2038 1366 quo
2103 1285 2465 1367 percutiam
2530 1304 2649 1347 vos
2724 1283 2847 1354 ul-„

1622 1381 1728 1435 tra
1812 1373 2135 1436 addentes
2219 1373 2845 1455 prevaricationem·

1626 1460 1849 1525 Omne
1936 1471 2139 1544 caput
2228 1461 2667 1543 languidum:
2760 1461 2823 1524 &

1622 1570 1823 1613 omne
1900 1570 2015 1612 cor
2088 1569 2386 1614 merens:
2476 1570 2517 1614 a
2591 1549 2825 1632 planta

1625 1639 1815 1720 pedis
1845 1658 2053 1721 usque
2084 1639 2169 1703 ad
2198 1639 2511 1702 verticem
2556 1657 2689 1701 non
2723 1647 2826 1701 est

1625 1727 1693 1789 in
1753 1747 1836 1790 eo
1886 1728 2153 1791 sanitas,
2240 1727 2358 1791 Re.
2424 1727 2671 1790 Missus
2719 1736 2823 1789 est

1624 1815 1877 1898 gabriel
1922 1816 2197 1898 angelus
2246 1817 2329 1880 ad
2378 1816 2652 1880 mariam
2698 1815 2828 1878 vir-

1623 1904 1849 1986 ginem
1960 1904 2433 1986 desponsatam
2540 1902 2825 1986 joseph:

1626 1993 1946 2055 nuncians
1969 1993 2027 2056 ei
2052 1992 2326 2056 verbum
2352 2003 2418 2056 et
2441 1992 2827 2076 expavescit

1625 2081 1812 2162 virgo
1886 2081 1973 2143 de
2047 2080 2314 2145 lumine.
2404 2081 2511 2144 Ne
2585 2081 2827 2144 timeas

1629 2169 1880 2232 maria:
1936 2169 2241 2232 invenisti
2300 2170 2583 2251 gratiam
2645 2168 2825 2250 apud

1628 2257 2013 2320 dominum:
2090 2277 2243 2322 ecce
2333 2258 2664 2340 concipies
2764 2256 2827 2320 8:

1629 2347 1861 2428 paries,
1952 2346 2046 2409 Et
2110 2345 2453 2410 vocabitur
2526 2345 2827 2409 altissimi

1630 2434 1819 2499 filius
1930 2452 1981 2521 γ
2065 2434 2277 2498 Dabit
2350 2433 2443 2498 illi
2518 2435 2829 2498 dominus

1628 2524 1795 2588 deus
1826 2524 2054 2588 sedem
2086 2524 2283 2588 david
2322 2525 2527 2608 patris
2573 2522 2715 2605 ejus
2760 2531 2831 2586 et

1631 2613 1936 2695 regnabit
1975 2615 2040 2677 in
2087 2615 2291 2678 domo
2330 2612 2529 2697 jacob
2561 2614 2627 2675 in
2660 2621 2829 2675 eter—

1631 2722 1810 2765 num.
1880 2702 1972 2765 Et
1995 2703 2357 2767 vocabitur.
2421 2702 2667 2767 Gloria.
2736 2701 2829 2764 Et

1630 2790 1993 2855 vocabitur.

1720 2880 1807 2941 In
1854 2880 1912 2961 ij
1954 2889 2259 2942 nocturno
2307 2888 2413 2943 ανῖ.
2469 2876 2832 2943 Bethleem.

1616 2976 1721 3049 pf.
1770 2967 2104 3032 Conserva
2151 2989 2276 3032 me.
2368 2966 2595 3033 Gloria
2639 2967 2831 3050 patri.

1631 3056 1767 3119 Αῇ.
1845 3057 2021 3120 Ecce
2084 3057 2287 3140 virg0.
2381 3066 2481 3138 pf.
2560 3054 2831 3119 Exaudi

1631 3145 1921 3209 domine.
2043 3145 2269 3210 Gloria
2362 3143 2582 3228 patri.⁶
2694 3144 2832 3206 Αῆ.

1635 3234 1919 3299 Orietur.
1993 3244 2096 3316 pff.
2160 3234 2471 3317 Diligam.
2563 3229 2835 3297 Gloria!

1633 3340 1681 3408 y
1745 3322 2137 3405 Egredietur
2195 3324 2380 3405 virga
2448 3322 2534 3385 de
2612 3320 2834 3383 radice

1624 3412 1819 3494 jesse.
1896 3412 2125 3476 Sermo
2166 3411 2336 3475 beati
2377 3409 2618 3473 Leonis
2652 3420 2835 3491 pape.

1638 3500 1970 3634 Leticia
2066 3509 2319 3583 quanta
2392 3498 2632 3583 [Lectio
2706 3497 2834 3578 iiij.

1776 3589 1899 3652 sit:
1980 3597 2401 3670 quantusque
2482 3606 2838 3651 concursus

1639 3697 1795 3741 cum
1864 3678 2278 3759 imperatoris
2352 3677 2584 3740 mundi
2646 3677 2835 3741 istius

1642 3765 1881 3829 natalis
1955 3766 2385 3829 celebrandus
2458 3774 2600 3829 est:
2666 3765 2837 3829 bene

1639 3853 1886 3917 nostis:
1932 3852 2124 3936 quia⁷
2156 3855 2365 3917 nostis
2401 3854 2837 3937 quemadmo-

1636 3944 1799 4005 dum
1860 3942 2061 4006 duces
2122 3943 2263 4026 ejus
2324 3952 2390 4006 et
2466 3944 2835 4027 principes:

1638 4050 1870 4093 omnes
1908 4031 2107 4095 etiam
2158 4031 2517 4097 militantes
2548 4032 2836 4097 accurati

1638 4120 1861 4183 sericis
1880 4119 2175 4183 vestibus
2198 4142 2212 4184 :
2246 4122 2522 4185 accincti
2544 4121 2837 4205 operosis

1636 4208 1918 4289 cingulis
1950 4230 2109 4271 auro
2153 4209 2449 4292 fulgente
2494 4210 2838 4293 preciosis:

1639 4296 1939 4360 ambiant
1990 4296 2187 4361 solito
2240 4299 2512 4362 nitidius
2564 4299 2631 4362 in
2680 4312 2847 4362 con-'

1927 4446 1947 4475 ⁸
1982 4454 2272 4509 regnaturus
2294 4462 2383 4497 es:
2417 4447 2553 4499 EG.

1748 4512 1769 4541 ⁸
1803 4512 2055 4561 serviens:
2092 4512 2222 4563 EG.

1751 4578 1771 4606 ”
1804 4594 1895 4649 pto
1924 4578 2099 4644 ‘quia’
2121 4578 2243 4644 qui:
2278 4578 2498 4629 E.G.w.
