3375 5100
1228 379 1353 435 AD
1400 381 1527 435 MA
1544 380 1925 437 TUYINAS.

854 489 997 543 779

2147 488 2300 543 780

315 595 595 661 domine
640 596 947 659 miserere
994 595 1163 659 mei:
1210 603 1277 659 et
1310 616 1531 659 resus-
1626 604 1697 658 et
1721 616 1924 678 quare
1949 596 2376 659 contristatus
2409 596 2644 659 incedo
2666 596 2828 659 dum

316 686 457 747 cita
517 704 625 747 me
686 694 756 747 et
816 685 1175 748 retribuam
1238 685 1347 747 eis,
1440 682 1526 746 In

318 772 453 837 hoc
522 773 805 855 cognovi
880 774 1198 856 quoniam
1260 772 1526 836 voluisti

320 880 481 924 me:
526 864 841 944 quoniam
890 882 1023 924 non
1069 862 1390 943 gaudebit
1430 862 1527 923 in-

321 950 563 1013 imicus
594 970 781 1013 meus
810 970 1008 1032 super
1039 970 1160 1013 me.
1254 950 1380 1013 Me
1412 971 1527 1013 au-

322 1046 465 1101 tem
534 1048 805 1120 propter
867 1039 1318 1102 innocentiam
1385 1059 1527 1101 sus-

323 1126 600 1208 cepisti:
678 1135 745 1189 et
804 1126 1209 1190 confirmasti
1288 1147 1395 1191 me
1458 1127 1525 1189 in

323 1223 685 1297 conspectu
725 1224 841 1278 tuo
887 1216 955 1277 in
1001 1226 1320 1279 eternum.
1396 1214 1527 1278 Be-

322 1304 625 1366 nedictus
677 1303 989 1366 dominus
1032 1304 1199 1367 deus
1245 1303 1435 1367 israel
1485 1325 1528 1367 a

322 1390 549 1455 seculo
580 1401 649 1454 et
682 1392 747 1454 in
779 1392 1075 1455 seculum
1106 1414 1121 1456 :
1170 1390 1285 1455 fiat
1320 1390 1452 1455 fiat.

332 1480 982 1647 Quemadmodum
1006 1481 1121 1544 de·
1144 1480 1523 1563 [Psalmus.¹

460 1570 704 1632 siderat
727 1589 957 1632 cervus
977 1569 1061 1631 ad
1086 1568 1301 1632 sontes
1320 1589 1525 1651 aqua-

323 1678 515 1721 rum:
573 1658 669 1719 ita
712 1658 1047 1721 desiderat
1099 1658 1321 1721 anima
1376 1678 1527 1721 mea

323 1746 411 1808 ad
458 1755 525 1807 te
571 1746 752 1809 deus.
846 1745 1075 1809 sitivit
1106 1746 1330 1809 anima
1376 1766 1527 1809 mea

322 1834 410 1896 ad
445 1834 643 1895 deum
676 1834 929 1897 fontem
954 1835 1177 1897 vivum
1206 1857 1220 1899 ε
1253 1836 1525 1917 quando

322 1922 585 1985 veniam
617 1932 685 1985 et
716 1922 1053 2004 apparebo
1099 1932 1255 1987 ante
1286 1923 1523 1987 faciem

320 2011 448 2073 dei.
500 2008 809 2073 Fuerunt
829 2011 991 2074 mihi
1016 2010 1353 2093 lachryme
1379 2031 1525 2075 mee

322 2118 531 2180 panes
562 2099 671 2161 die
702 2119 781 2162 ac
812 2110 1006 2163 nocte
1034 2122 1049 2165 :
1100 2101 1260 2163 dum
1286 2100 1527 2163 dicitur

324 2187 485 2249 mihi
518 2188 818 2269 quotidie
852 2188 961 2251 ubi
1010 2198 1111 2252 est
1142 2189 1305 2251 deus
1351 2199 1523 2253 tuus,

322 2274 477 2338 Hec
522 2277 903 2339 recordatus
940 2297 1087 2340 sum
1119 2286 1187 2339 et
1218 2277 1422 2341 effudi
1457 2279 1521 2341 in

325 2385 431 2427 me
504 2366 797 2428 animam
859 2385 1131 2429 meam:
1206 2367 1522 2448 quoniam

322 2452 618 2517 transibo
692 2454 760 2517 in
820 2453 1040 2517 locum
1115 2454 1523 2518 tabernaculi

322 2541 733 2606 admirabilis
809 2563 1018 2625 usque
1082 2544 1167 2608 ad
1244 2544 1521 2607 domum

321 2631 445 2695 dei.
554 2631 643 2694 In
718 2651 882 2695 voce
947 2632 1383 2697 exultationis
1454 2642 1523 2696 et

320 2718 793 2784 confessionis:
890 2740 1092 2785 sonus
1170 2720 1523 2803 epulantis,

328 2807 545 2886 Quare
589 2809 796 2871 tristis
845 2829 915 2872 es
957 2811 1181 2872 anima
1214 2830 1405 2875 mea:
1454 2819 1523 2873 et

322 2916 525 2979 quare
562 2897 918 2960 conturbas
973 2918 1095 2962 me.
1191 2897 1409 2980 Spera
1452 2899 1521 2962 in

322 2985 491 3048 deo:
539 2987 855 3066 quoniam
894 2986 1107 3049 adhuc
1154 2986 1523 3050 confitebor

322 3072 415 3137 illi
459 3073 747 3137 salutare
790 3072 1011 3137 vultus
1056 3075 1187 3138 mei
1243 3084 1311 3138 et
1356 3077 1521 3138 deus

320 3181 525 3225 meus.
602 3161 721 3224 Ad
754 3163 1081 3244 meipsum
1113 3164 1338 3226 anima
1370 3183 1521 3227 mea

320 3249 715 3314 conturbata
767 3260 912 3315 est:
981 3260 1331 3333 propterea
1382 3271 1521 3316 me-

322 3359 465 3403 mor
494 3359 607 3403 ero
654 3339 749 3402 tui
796 3340 880 3402 de
923 3349 1095 3402 terra
1121 3339 1420 3420 jordanis
1451 3349 1519 3404 et

318 3427 711 3491 hermoniim
732 3427 757 3465 ²
815 3448 856 3491 a
931 3438 1159 3492 monte
1234 3430 1517 3492 modico,

318 3516 626 3598 Abyssus
689 3516 1006 3598 abyssum
1070 3517 1381 3582 invocat:
1448 3517 1518 3580 in

318 3625 478 3668 voce
584 3605 1112 3668 catharactarum
1234 3615 1517 3670 tuarum.

324 3691 563 3757 Omnia
628 3693 897 3757 excelsa
956 3703 1074 3757 tua
1148 3702 1217 3758 et
1277 3692 1517 3758 fluctus

318 3781 451 3846 tui:
516 3802 713 3864 super
764 3802 872 3846 me
921 3783 1339 3846 transierunt.
1429 3783 1515 3846 In

317 3868 423 3932 die
484 3871 831 3934 mandavit
894 3871 1207 3934 dominus
1268 3871 1515 3934 miseri-

316 3958 606 4021 cordiam
658 3979 889 4024 suam:
942 3969 1013 4022 et
1063 3969 1257 4022 nocte
1306 3959 1515 4023 canti-

317 4065 465 4110 cum
496 4047 657 4129 ejus,
745 4048 955 4129 Apud
1004 4067 1111 4111 me
1148 4049 1361 4112 oratio
1390 4049 1515 4112 deo

316 4135 446 4199 vite
496 4155 685 4200 mee:
730 4136 948 4199 dicam
994 4137 1127 4200 deo
1173 4145 1517 4218 susceptor

314 4242 499 4288 meus
528 4243 617 4286 es.
713 4223 930 4304 Quare
962 4224 1209 4289 oblitus
1238 4245 1311 4289 es
1342 4225 1515 4290 mei:

408 4391 429 4487 ἑ
450 4390 1113 4508 ²132·„312315·{·.G?‘²v‘v·.3f·

408 4523 429 4553 ⁸
466 4525 481 4550 ⁶
502 4521 677 4571 Gloria
696 4522 821 4586 patri
844 4521 857 4546 ⁹
879 4523 981 4573 add
1007 4542 1019 4573 ε
1057 4523 1182 4574 G.S.

410 4591 427 4618 ⁸
450 4593 529 4652 μ.
559 4599 661 4649 42:
697 4589 763 4638 E.
776 4589 832 4638 G.
906 4589 1019 4654 κὶᾔ.
1046 4603 1063 4638 .·
1086 4591 1138 4640 S.

1627 683 1860 766 affligit
1895 703 2001 747 me
2045 684 2364 749 inimicus.
2455 684 2642 747 Dum
2674 705 2830 747 con-

1625 770 2003 853 fringuntur
2032 794 2183 836 ossa
2230 794 2418 837 mea:
2467 774 2830 855 exprobra-

1622 870 1861 924 verunt
1923 862 2084 924 mihi
2155 862 2270 945 qui
2336 861 2658 925 tribulant
2721 882 2829 925 me

1626 949 1874 1013 inimici
1925 952 2072 1013 mei.
2163 950 2348 1013 Dum
2392 952 2622 1013 dicunt
2664 950 2826 1013 mihi

1625 1058 1744 1120 per
1787 1038 2086 1119 singulos
2133 1040 2316 1103 dies:
2367 1040 2478 1102 ubi
2525 1050 2626 1102 est
2664 1041 2828 1102 deus

1625 1136 1798 1191 tuus,
1913 1126 2129 1205 Quare
2189 1128 2396 1191 tristis
2463 1148 2534 1191 es
2603 1128 2828 1191 anima

1627 1236 1816 1279 mea:
1889 1227 1956 1279 et
2017 1236 2222 1299 quare
2283 1215 2640 1280 conturbas
2703 1236 2823 1279 me.

1627 1303 1847 1387 Spera
1895 1304 1960 1367 in
2013 1306 2184 1368 deo:
2239 1306 2556 1386 quoniam
2608 1304 2826 1367 adhuc

1623 1392 1992 1456 confitebor
2016 1394 2108 1456 illi
2139 1393 2426 1456 salutare
2449 1392 2670 1455 vultus
2697 1392 2826 1455 mei

1625 1492 1693 1544 et
1718 1482 1882 1545 deus
1914 1482 2145 1547 meuS.a
2175 1482 2308 1545 Αῆ.
2344 1482 2526 1545 Sana
2560 1482 2827 1544 domine

1625 1570 1920 1633 animam
1981 1590 2254 1635 meam:
2330 1572 2488 1653 quia
2558 1570 2825 1651 peccavi

1622 1656 1764 1721 tibi.
2419 1658 2778 1721 Psalmus.⁴
2802 1658 2827 1695 ³

1793 1747 1988 1810 udica
2039 1766 2148 1809 me
2195 1747 2362 1811 deus
2413 1756 2484 1810 et
2530 1747 2827 1809 discerne

1622 1746 2058 1920 Jcausam
2093 1856 2312 1899 meam
2343 1836 2429 1899 de
2459 1845 2660 1917 gente
2691 1855 2826 1898 non

1623 1932 1858 1985 sancta
1884 1945 1898 1987 :
1931 1922 2018 1986 ab
2048 1924 2318 1987 homine
2351 1925 2578 2006 iniquo
2609 1933 2677 1986 et
2706 1924 2828 1987 do-

1624 2010 1768 2073 loso
1812 2031 1965 2074 erue
2013 2033 2136 2076 me.
2235 2011 2406 2089 Quia
2438 2020 2510 2075 tu
2543 2032 2614 2075 es
2660 2012 2826 2075 deus

1622 2100 1944 2164 fortitudo
1982 2121 2175 2164 mea:
2223 2120 2431 2182 quare
2477 2121 2586 2163 me
2631 2122 2824 2183 repu-

1623 2187 1756 2250 listi
1789 2198 1856 2251 et
1887 2209 2090 2271 quare
2121 2189 2324 2252 tristis
2356 2188 2630 2253 incedo:
2662 2189 2824 2252 dum

1622 2275 1856 2358 affligit
1889 2297 1996 2341 me
2028 2277 2348 2343 inimicus
2435 2277 2693 2341 Emitte
2727 2276 2823 2340 lu-

1622 2385 1767 2429 cem
1822 2375 2007 2429 tuam
2071 2377 2141 2429 et
2195 2366 2538 2430 veritatem
2591 2375 2824 2430 tuam:

1621 2454 1766 2535 ipsa
1813 2474 1921 2517 me
1953 2454 2378 2519 deduxerunt
2409 2465 2477 2519 et
2522 2456 2822 2518 adduxe-

1620 2553 1776 2606 runt
1821 2544 1886 2606 in
1938 2553 2235 2607 montem
2284 2555 2587 2608 sanctum
2632 2554 2822 2608 tuum

1619 2642 1690 2695 et
1751 2633 1818 2694 in
1878 2633 2308 2696 tabernacula
2358 2642 2487 2697 tua.
2579 2632 2676 2696 Et
2725 2634 2825 2696 in-
2903 2629 2908 2633 ’

1620 2721 1838 2784 troibo
1891 2723 1978 2786 ad
2032 2721 2241 2785 altare
2286 2722 2436 2785 dei:
2482 2721 2567 2784 ad
2618 2722 2822 2786 deum

1620 2811 1733 2891 qui
1781 2808 2056 2873 letificat
2104 2811 2524 2890 juventutem
2581 2831 2819 2874 meam.

1622 2896 2004 2964 Confitebor
2049 2899 2171 2962 tibi
2221 2899 2287 2962 in
2334 2897 2610 2980 cythara
2656 2899 2824 2962 deus

1616 2987 1782 3050 deus
1815 3007 2016 3050 meus,
2065 3008 2269 3070 quare
2311 2988 2518 3051 tristis
2564 3008 2635 3051 es
2680 2990 2824 3051 ani-

1618 3095 1731 3138 ma
1776 3096 1927 3138 mea
1972 3085 2040 3138 et
2071 3095 2274 3158 quare
2307 3077 2662 3140 conturbas
2695 3096 2822 3140 me.

1620 3163 1838 3245 Spera
1893 3165 1960 3227 in
2009 3165 2177 3228 deo:
2227 3166 2543 3246 quoniam
2600 3165 2820 3228 adhuc

1616 3251 1984 3316 confitebor
2013 3253 2103 3314 illi
2137 3252 2423 3316 salutare
2441 3251 2662 3317 vultus
2688 3253 2820 3316 mei

1615 3348 1684 3404 et
1717 3341 1881 3404 deus
1913 3361 2118 3404 meus,
2461 3341 2821 3405 Psalmus.⁶

1613 3431 1888 3560 Deus
1951 3430 2219 3493 auribus
2272 3430 2514 3492 nostris
2567 3428 2822 3493 audivi-

1773 3537 1962 3582 mus:
2025 3528 2249 3601 patres
2303 3519 2508 3580 nostri
2561 3538 2820 3581 annun-

1614 3606 1955 3669 ciaverunt
2039 3605 2248 3670 nobis,
2363 3603 2546 3688 Opus
2635 3607 2817 3689 quod

1614 3704 1929 3777 operatus
1994 3714 2066 3758 es
2133 3695 2200 3756 in
2263 3693 2500 3758 diebus
2547 3715 2818 3760 eorum:

1614 3794 1683 3846 et
1743 3784 1810 3845 in
1862 3783 2098 3846 diebus
2159 3783 2466 3865 antiquis,
2559 3783 2818 3846 Manus

1614 3880 1732 3936 tua
1783 3882 2016 3955 gentes
2068 3871 2461 3953 disperdidit
2515 3880 2583 3936 et
2628 3871 2818 3955 plan-

1611 3961 1770 4024 tasti
1833 3981 1986 4024 eos:
2053 3959 2350 4024 afflixisti
2411 3959 2694 4043 populos
2748 3969 2818 4026 et

1615 4047 1934 4131 expulisti
1965 4069 2096 4112 eos,
2185 4049 2336 4113 Nec
2371 4050 2546 4113 enim
2580 4049 2645 4111 in
2675 4048 2818 4132 gla-

1615 4137 1730 4200 dio
1790 4157 1912 4200 suo
1965 4137 2402 4219 possederunt
2451 4146 2690 4200 terram
2747 4147 2818 4202 et

1616 4225 1960 4289 brachium
2025 4245 2250 4290 eorum
2325 4245 2457 4289 non
2533 4225 2816 4292 salvavit

1707 4392 1730 4423 ⁸
1767 4395 1782 4419 ‘
1799 4390 1901 4440 Iste
1913 4393 1990 4455 pi.
2023 4407 2125 4441 non
2147 4390 2339 4440 dabitur
2372 4391 2445 4440 ad
2477 4398 2778 4440 nocturnum
2799 4391 2814 4414 ’

1609 4455 1741 4506 add:
1773 4457 1841 4506 E.
1855 4457 1912 4507 G.

1712 4525 1733 4553 ·
1753 4529 1832 4588 με.
1861 4535 1963 4586 43:
1996 4523 2062 4574 E.
2077 4523 2134 4574 σ.
2206 4523 2342 4588 χιι-φῖ
2371 4539 2388 4572 .-
2422 4525 2474 4574 s,
