3375 5100
1525 350 1629 405 IN
1676 350 1996 404 OCTAVA

1059 454 1196 513 147

538 569 773 633 beatus
806 575 1060 648 martyr
1087 564 1428 629 exhibuit:
1474 573 1544 628 et
1568 562 1730 628 utile

540 658 736 721 nimis
784 655 1169 736 exemplum
1222 654 1502 736 posteris
1544 653 1731 716 dere—

538 746 746 827 liquit.
842 788 849 795 ·

676 833 741 896 ui
771 833 949 895 enim
982 839 1309 894 errantem
1356 850 1491 893 non
1536 832 1722 895 corri-

676 922 927 1003 puerit:
973 921 1059 983 de
1109 918 1515 1001 negligentia
1557 918 1732 1000 judi-

540 1020 747 1074 catur.
839 1009 973 1091 Qui
1018 1018 1243 1071 autem
1293 1028 1413 1089 pro
1462 1028 1545 1069 eo
1598 1026 1732 1070 non

541 1098 827 1162 oraverit
901 1098 987 1159 de
1064 1096 1350 1179 pernicie
1418 1096 1733 1158 condem-

544 1196 759 1251 natur.
873 1185 1117 1251 Christi
1194 1204 1353 1266 ergo
1412 1183 1734 1248 charitate

543 1272 865 1358 compulsi
898 1283 964 1337 et
1014 1273 1223 1336 bonos
1276 1272 1616 1336 hortamur
1661 1281 1737 1335 ut

540 1364 611 1427 in
668 1364 845 1427 bono
892 1370 1363 1445 permaneant:
1410 1370 1479 1425 et
1524 1361 1736 1424 malos

544 1450 1043 1534 compellimus:
1120 1457 1197 1512 ut
1270 1470 1311 1513 a
1364 1448 1544 1513 malo
1602 1450 1735 1513 dis-

547 1541 805 1605 cedant.
917 1539 1033 1602 Re.
1086 1538 1430 1602 Videbant
1486 1558 1736 1601 omneS.

548 1646 594 1715 γ
643 1628 1024 1711 Stephanus
1055 1636 1297 1690 autem.
1428 1626 1643 1689 Lectio
1675 1646 1734 1689 v.

544 1718 725 1849 Et
771 1717 885 1798 qui
948 1718 1161 1779 bonus
1222 1723 1324 1777 est
1372 1715 1732 1796 equitatem

700 1824 905 1887 usque
952 1805 1018 1867 in
1065 1803 1267 1867 finem
1312 1812 1575 1867 teneat:
1621 1803 1736 1885 qui

546 1903 773 1956 autem
822 1892 1037 1956 malus
1081 1901 1220 1956 est:
1267 1892 1649 1973 quantotius
1695 1910 1736 1954 a

548 2003 666 2045 sua
691 1982 1115 2065 perversitate
1139 1980 1452 2043 discedat.
1511 1980 1738 2043 Bonus

538 2072 783 2135 tim-at
813 2090 899 2134 ne
929 2070 1163 2133 cadat:
1220 2069 1431 2133 malus
1462 2078 1740 2131 conetur

550 2169 624 2222 ut
656 2167 897 2242 surgat.
1405 2156 1622 2219 Lectio
1652 2157 1738 2239 vj.

686 2248 934 2329 uisquis
966 2266 1126 2328 ergo
1158 2245 1372 2310 malus
1404 2256 1506 2309 est
1532 2267 1546 2309 :
1584 2265 1738 2308 cum

684 2336 883 2418 paulo
914 2342 1365 2418 prosternatur
1402 2335 1468 2397 in
1519 2331 1740 2397 malo:

550 2436 625 2487 ut
686 2443 835 2487 cum
891 2443 972 2487 eo
1034 2424 1322 2505 erigatur
1396 2422 1461 2485 in
1522 2423 1739 2485 bono:

550 2514 865 2596 quoniam
916 2511 1025 2576 ille
1073 2512 1310 2577 cecidit
1361 2510 1611 2576 malus:
1673 2520 1742 2575 et

552 2603 839 2665 surrexit
900 2601 1151 2664 bonus:
1216 2608 1581 2682 prostratus
1640 2607 1743 2662 est

553 2689 856 2772 iniquus:
917 2698 984 2752 et
1044 2697 1299 2752 erectus
1360 2697 1461 2752 est
1507 2688 1740 2768 justus

558 2777 971 2859 Conjunctus
1004 2785 1105 2840 est
1137 2777 1359 2858 itaque
1380 2774 1743 2858 stephano:

557 2866 773 2930 factus
826 2866 966 2929 ovis
1013 2886 1101 2928 ex
1165 2863 1339 2948 lupo,
1452 2863 1565 2927 Re.
1615 2864 1746 2927 La-

557 2954 746 3038 pides
818 2963 1153 3017 torrentes
1265 2971 1312 3038 y
1378 2952 1746 3036 Lapidave-

560 3051 731 3106 runt.
838 3050 938 3124 ps'.
991 3041 1092 3105 Te
1154 3041 1373 3104 deum.
1512 3057 1558 3126 y
1624 3040 1746 3104 Po-

562 3131 749 3195 suisti
780 3130 1062 3194 domine.

650 3219 735 3282 In
763 3218 1067 3282 laudibus
1082 3217 1193 3282 hec
1213 3217 1353 3280 sola
1381 3217 1748 3299 antiphona.

565 3309 1076 3389 Lapidaverunt.
1242 3315 1337 3389 ps.
1419 3305 1749 3370 Dominus

564 3398 877 3481 regnavit.
950 3395 1333 3478 Capitulum.
1368 3393 1750 3477 Stephanus

564 3485 815 3570 plenus
908 3485 1215 3565 Hymnus
1292 3485 1551 3565 Martyr
1623 3484 1748 3547 dei.

562 3585 627 3638 et
665 3584 867 3638 cetera
909 3575 1077 3636 sicut
1119 3572 1188 3636 in
1233 3571 1341 3635 die
1378 3571 1593 3636 sancti
1631 3582 1752 3636 ste-

546 3663 775 3747 phani.
836 3662 1169 3726 Memoria
1184 3661 1501 3725 desancta
1520 3681 1653 3723 mar
1667 3661 1751 3724 ia.

562 3761 669 3816 aii.
746 3752 808 3817 O
842 3750 1230 3814 admirabile
1260 3751 1752 3814 commercium.

566 3849 614 3914 Υ
696 3842 851 3905 Post
903 3849 1185 3922 partum.
1284 3837 1517 3904 Oratio
1566 3838 1752 3900 Deus

564 3931 675 4012 qui
714 3929 960 3992 salutis,
1040 3927 1373 3991 Memoria
1415 3927 1498 3989 de
1535 3935 1754 3988 sancto

560 4018 841 4097 johanne
854 4023 957 4079 αῆ.
993 4015 1167 4079 Ecce
1190 4036 1355 4099 puer
1381 4033 1583 4078 meus,
1606 4015 1754 4077 Me-

560 4106 773 4168 moria
812 4105 891 4166 de
918 4103 1360 4167 innocentibus:
1470 4111 1575 4166 αῆ.
1613 4103 1754 4166 He-

540 4195 675 4258 .rod
683 4215 753 4257 es
800 4193 1017 4256 iratus
1110 4192 1214 4255 De
1242 4191 1549 4255 memoria
1583 4190 1757 4255 beate

660 4371 795 4434 'pro
826 4366 931 4416 ‘cdi
931 4366 1080 4416 atur'
1106 4373 1220 4416 nota
1242 4367 1403 4430 quod:
1448 4367 1504 4416 G.

654 4437 971 4485 ’‘disantur:
1006 4435 1070 4482 E.
1090 4433 1165 4482 W

653 4505 673 4534 ⁸
711 4507 851 4550 ‘cum
870 4499 1042 4552 ¹:add
1086 4499 1153 4548 E.

654 4574 671 4601 ⁴
703 4565 1151 4626 finatim:E.1‘V.

2357 458 2492 513 148

1831 566 2042 627 marie
2066 563 2356 627 disatur¹
2388 564 2472 628 ab
2499 562 2742 629 octavis
2775 561 3029 629 domini

1830 674 2032 735 usque
2108 652 2203 715 aa'
2238 653 2782 754 purificationem
2857 654 3031 718 beate

1833 742 2042 803 marie
2070 742 2402 822 virginis.-
2473 742 2609 803 nisi
2637 742 2708 804 in
2753 742 3028 824 vesperis

1833 838 1985 893 ante
2011 829 2322 912 vigiliam
2349 830 2720 911 epiphanie.-
2771 830 3028 913 quando

1833 929 2080 1000 vespere
2109 938 2230 981 non
2261 917 2572 981 dicuntur
2587 918 2611 955 ²
2639 918 2768 981 de
2737 939 3026 982 innocen·-

1835 1007 2007 1070 tibus
2027 1028 2051 1070 .·
2088 1015 2152 1069 et
2179 1008 2248 1070 in
2267 1006 2503 1088 vigilia
2519 1006 2850 1090 epiphanie
2864 1017 2926 1070 et
2953 1007 3025 1069 in

1833 1095 1942 1158 die
1963 1118 1988 1158 .·
2060 1104 2122 1157 et
2156 1104 2570 1178 preterquam
2635 1096 2891 1177 quando
2934 1094 3030 1178 fit

1833 1184 2343 1247 commemoratio
2371 1184 2649 1267 ejusdem
2686 1183 2863 1247 beate
2887 1184 3028 1247 vir-

1825 1273 2014 1355 ginis
2029 1294 2056 1335 :
2103 1271 2246 1354 fiat
2293 1271 2602 1335 memoria
2661 1271 2741 1336 de
2801 1282 3024 1336 sancta

1835 1360 2055 1423 maria
2083 1380 2226 1423 cum
2257 1360 2630 1441 antiphonis
2647 1384 2672 1424 .·
2727 1360 2790 1427 Ο
2817 1361 3030 1424 admi-

1835 1448 2086 1513 rabile⁸
2145 1447 2434 1531 Quando
2463 1460 2677 1513 natuS.
2756 1450 3026 1513 Rubum

1836 1557 2049 1620 quem.
2107 1536 2534 1601 Germinavit.
2584 1538 2760 1601 Ecce
2780 1539 3026 1601 maria:

1833 1624 2168 1689 seriatim⁴
2227 1625 2554 1707 repetitis:
2625 1647 2770 1689 cum
2829 1626 3027 1689 versi-

1835 1714 2016 1777 culo.⁸
2093 1714 2249 1777 Post
2279 1724 2558 1814 partum.
2631 1724 2768 1777 tam
2799 1715 2870 1777 in
2891 1734 3030 1777 ma-

1839 1801 2071 1866 tutinis
2115 1822 2312 1883 quam
2344 1801 2414 1864 in
2457 1804 2776 1884 vesperis:
2821 1813 2883 1867 et
2907 1802 3028 1866 col-

1837 1890 2009 1955 lecta.
2105 1891 2290 1955 Deus
2320 1891 2433 1973 qui
2465 1890 2710 1956 salutis,

1926 1980 2028 2043 Et
2111 1980 2436 2041 sciendum
2511 1990 2604 2042 est
2621 1978 2648 2017 ⁶
2713 1980 2886 2061 quod
2957 1976 3028 2043 in

1825 2069 2052 2150 prima
2127 2067 2438 2131 memoria
2495 2067 2812 2148 facienda
2879 2076 3033 2150 post

1827 2157 2094 2237 plenum
2167 2156 2510 2219 servitium
2583 2176 3030 2219 commemora-

1841 2244 2037 2307 tionis
2067 2243 2238 2307 beate
2266 2245 2552 2328 virginis
2592 2256 2836 2327 semper
2862 2244 3032 2308 rein-

1839 2332 2198 2413 cipiendum
2229 2342 2324 2395 est
2363 2332 2446 2397 ab
2478 2333 2827 2415 antiphona
2851 2357 2876 2397 .·
2969 2332 3030 2397 O

1843 2421 2246 2485 admirabile.
2343 2431 2407 2484 et
2446 2420 2658 2485 eodem
2707 2422 2888 2485 modo
2933 2422 3033 2485 in-

1842 2509 2199 2592 cz'piena'um
2257 2519 2354 2573 est
2423 2510 2492 2573 in
2549 2510 2836 2574 crastino
2907 2509 3034 2593 epi·

1826 2599 2087 2681 phanie.

1932 2688 2057 2751 Ad
2122 2686 2420 2769 primam
2495 2694 2599 2750 αῆ.

1845 2785 2184 2839 torrentes
2336 2783 2435 2857 ps.

1848 2866 2040 2928 mine.
2115 2864 2211 2927 ad
2219 2864 2570 2945 psalmum.
2637 2863 3036 2948 Quicunque

1847 2951 2027 3016 vult:
2078 2961 2183 3016 aii.
2213 2952 2294 3014 de
2321 2952 2625 3016 trinitate.
2715 2953 2830 3016 Re.
2877 2953 3034 3034 Jesu

1850 3040 2130 3106 Christe.
2218 3062 2361 3104 cum
2409 3040 2572 3104 all’a.
2664 3037 2716 3113 Ϋ
2766 3040 2898 3124 Qui
2951 3041 3036 3104 de

1847 3131 2113 3212 virgine.
2182 3129 2310 3192 Ad
2323 3129 2495 3192 alias
2511 3129 2707 3192 horas
2733 3129 3041 3192 dicantur

1847 3217 2190 3300 antiphone
2235 3228 2554 3300 sequentes
2609 3217 2692 3281 de
2735 3217 3040 3282 laudibus

1847 3316 1908 3369 et
1933 3316 2132 3369 cetera
2174 3306 2342 3369 sicut
2385 3308 2454 3369 in
2500 3306 2619 3370 die.
2714 3307 2769 3370 S
2773 3306 2802 3368 i
2825 3315 3040 3370 autem

1849 3395 1986 3458 dies
2015 3395 2339 3458 dominica
2355 3395 2578 3476 ficerit
2601 3418 2624 3459 .·
2675 3415 2894 3458 novem
2923 3395 3041 3457 lec-

1855 3484 2054 3546 tiones
2088 3483 2274 3565 fiant
2316 3484 2396 3546 de
2421 3493 2638 3546 sancto
2671 3485 2726 3548 S
2729 3483 2996 3566 tephano
3016 3507 3038 3547 :

1850 3572 2086 3635 scilicet
2111 3593 2224 3634 sex
2247 3573 2326 3634 de
2355 3572 2492 3635 illis
2521 3572 2733 3636 tribus
2762 3571 3041 3635 lectioni-

1853 3660 1972 3724 bus
2026 3659 2498 3741 precedentibus
2561 3671 2624 3724 et
2694 3671 2825 3724 tres
2867 3660 3038 3723 lecti-

1853 3747 2031 3812 ones⁷
2066 3749 2294 3812 ultime
2317 3749 2398 3812 de
2437 3749 2824 3830 expositione
2847 3769 3040 3812 evan-

1843 3837 2012 3919 gelii
2034 3861 2058 3900 .·
2129 3847 2192 3900 et
2261 3858 2406 3900 cum
2483 3838 2900 3919 responsoriis
2983 3845 3048 3900 et

1856 3925 2189 3988 versiculis
2258 3925 2428 3989 sicut
2505 3926 2576 3988 in
2632 3926 2740 3990 die
2814 3925 3045 3989 intitu-

1856 4015 2067 4078 latum
2098 4023 2206 4078 est.
2297 4013 2380 4076 In
2403 4014 2710 4079 laudibus
2738 4013 3048 4078 dicantur

1855 4123 2071 4166 omnes
2119 4103 2481 4184 antiphone,
2511 4113 2616 4166 etc.
2645 4103 2815 4166 sicut
2843 4103 2912 4165 in
2942 4101 3053 4166 die

1853 4212 1996 4254 cum
2027 4191 2263 4273 hymno
2297 4192 2555 4274 Martyr
2574 4191 2700 4255 dei.
2765 4193 2826 4254 A
2837 4191 2892 4254 d
2898 4190 3046 4273 pri-

2741 2687 3034 2770 Lapides

2515 2777 2702 2840 Deus
2781 2777 2846 2839 in
2917 2797 3034 2838 no-

1953 4368 1972 4396 ⁸
1997 4374 2094 4432 pro
2113 4369 2129 4396 ⁸
2143 4381 2255 4415 cum
2273 4367 2416 4416 vers!
2431 4375 2550 4418 ante
2559 4369 2853 4418 versu-ulum
2868 4383 2886 4417 .·
2905 4367 2970 4416 E.
2985 4366 3040 4416 G.

1953 4437 1974 4463 ⁸
2012 4433 2134 4481 ‘est’
2160 4449 2279 4482 om..·
2315 4435 2450 4484 E.G.

1955 4504 1972 4528 ⁷
2013 4507 2025 4526 ‘
2041 4500 2254 4548 lectiones
2268 4501 2281 4522 ’
2303 4517 2396 4550 om.
2423 4516 2439 4548 .·
2477 4500 2536 4548 G.
