3375 5100
1362 420 1767 477 LETANJA.

858 530 993 585 931

322 634 631 701 celorum.
733 636 831 699 Tu
882 637 966 700 ad
1023 636 1374 700 dexteram
1417 636 1525 699 dei

322 726 553 789 sedes:
602 726 667 787 in
699 725 912 808 gloria
960 726 1183 809 patris.
1279 724 1340 800 J
1342 725 1524 789 udex

324 814 649 877 crederis:
681 834 827 877 esse
854 824 1188 878 venturus,
1249 814 1339 877 Te
1363 834 1523 896 ergo

326 923 687 985 quesumus
718 902 984 966 famulis
1028 904 1163 967 tuis
1206 902 1523 967 subveni:

329 1012 497 1073 quos
506 992 800 1073 pretioso
818 991 1143 1075 sanguine
1164 992 1524 1055 redemisti.

324 1080 581 1144 Eterna
611 1080 755 1143 sac:
800 1101 953 1144 cum
992 1081 1240 1144 sanctis
1270 1082 1402 1144 tuis
1456 1081 1523 1143 in

324 1169 537 1251 gloria
616 1169 962 1232 numerari.
1074 1168 1357 1233 Salvum
1420 1168 1523 1231 sac

324 1257 645 1340 populum
671 1266 859 1320 tuum
882 1257 1153 1320 domine
1178 1278 1191 1322 :
1224 1266 1293 1320 et
1324 1257 1523 1320 bene-

324 1347 431 1409 dic
462 1345 813 1409 hereditati
846 1355 978 1409 tue.
1067 1346 1168 1410 Et
1200 1366 1355 1428 rege
1378 1366 1521 1409 eos:

321 1444 390 1499 et
420 1434 671 1498 extolle
692 1433 840 1498 illos
864 1436 1167 1517 usquein
1200 1444 1523 1498 eternum.

320 1524 460 1587 Per
502 1522 797 1605 singulos
842 1522 1022 1588 dies:
1070 1522 1525 1587 benedicimus

317 1620 405 1675 te.
498 1611 592 1675 Et
638 1610 987 1675 laudamus
1019 1632 1261 1675 nomen
1294 1620 1525 1675 tuum:

323 1700 388 1763 in
422 1698 721 1764 seculum
754 1710 825 1763 et
856 1700 923 1763 in
971 1700 1267 1765 seculum
1299 1699 1522 1764 seculi.

321 1788 629 1869 Dignare
682 1788 958 1852 domine
1000 1789 1109 1851 die
1164 1789 1333 1853 isto:
1380 1788 1523 1852 sine

320 1885 595 1959 peccato
626 1897 750 1941 nos
795 1878 1145 1942 custodire.
1190 1877 1523 1941 Miserere

322 1966 529 2029 nostri
574 1965 888 2030 domine:
936 1966 1243 2029 miserere
1292 1966 1517 2030 nostri.

318 2054 487 2117 Fiat
539 2053 990 2118 misericordia
1068 2063 1187 2118 tua
1246 2054 1518 2119 domine

318 2162 519 2224 super
548 2163 671 2206 nos
702 2142 1273 2225 quemadmodum
1294 2163 1517 2226 spera-

318 2234 537 2294 vimus
568 2232 635 2294 in
666 2240 751 2295 te.
841 2231 927 2295 In
960 2240 1027 2295 te
1066 2232 1337 2295 domine
1368 2252 1517 2314 spe-

319 2321 457 2383 ravi
489 2340 623 2383 non
655 2319 1020 2383 confundar
1048 2320 1117 2384 in
1141 2320 1485 2385 eternum.¹

526 2427 658 2471 unc
705 2409 987 2472 dimittis
1017 2428 1278 2473 servum
1324 2417 1515 2473 tuum

527 2497 839 2563 domine:
925 2496 1292 2562 secundum
1374 2517 1519 2562 ver·-

318 2586 479 2649 bum
513 2595 705 2650 tuum
736 2587 803 2650 in
859 2607 1039 2671 pace.
1136 2586 1307 2665 Quia
1337 2586 1521 2651 vide-

320 2684 474 2737 runt
518 2675 690 2740 oculi
743 2677 919 2740 mei:
964 2675 1257 2739 salutare
1308 2684 1517 2740 tuum.

326 2761 520 2842 Quod
554 2766 803 2846 parasti
844 2773 1001 2828 ante
1031 2764 1271 2828 faciem
1304 2765 1520 2828 omni-

318 2873 433 2914 um
466 2852 883 2935 populorum.
926 2853 1195 2917 Lumen
1228 2852 1313 2916 ad
1340 2873 1519 2916 reve-

317 2938 635 3004 lationem
696 2941 1035 3023 gentium:
1111 2951 1180 3005 et
1237 2940 1517 3023 gloriam

320 3029 539 3112 plebis
592 3039 708 3094 tue
799 3029 1042 3094 israel.²¹
1158 3031 1293 3094 Αῆ.
1410 3030 1519 3093 Ne

318 3118 759 3183 reminiscaris
788 3120 1060 3183 domine
1090 3118 1336 3183 delicta
1366 3138 1517 3182 nos-

320 3217 425 3270 tra
490 3205 597 3270 vel
672 3216 1025 3290 parentum
1094 3217 1514 3272 nostrorum:

320 3315 535 3377 neque
580 3295 945 3361 vindictam
976 3316 1202 3360 sumas
1246 3295 1332 3358 de
1363 3315 1519 3379 pec-

317 3384 486 3448 catis
516 3385 776 3448 nostriS.
1194 3384 1518 3448 Letam'a.a

316 3473 642 3605 Kyrie
672 3473 943 3537 eleison.
1038 3471 1302 3539 Christe
1362 3471 1516 3536 elei-

502 3561 707 3625 son.⁴⁶
752 3561 1015 3628 Christe
1038 3562 1193 3625 audi
1210 3581 1349 3625 nos,
1378 3561 1516 3624 Pa-

317 3659 421 3712 ter
450 3650 536 3714 de
566 3649 724 3714 celis
755 3650 953 3716 deus:
985 3650 1299 3714 Miserere
1323 3649 1517 3713 nobis

316 3737 450 3801 Fili
524 3738 908 3822 redemptor
980 3739 1213 3802 mundi
1298 3738 1515 3803 deus:

319 3827 639 3891 Miserere
698 3829 891 3892 nobis
992 3828 1515 3910 Spiritussancte

318 3915 523 3980 deus:
579 3917 897 3981 Miserere
954 3916 1166 3980 nobis,
1258 3915 1517 3980 Sancta

316 4004 581 4068 trinitas
648 4025 820 4069 unus
895 4005 1077 4069 deus,
1201 4005 1516 4068 Miserere

319 4093 530 4156 nobis,

321 4181 579 4246 Sancta
610 4183 821 4246 maria
848 4203 863 4247 ε
931 4229 948 4246 .
998 4181 1141 4247 Ora
1170 4200 1291 4265 pro
1322 4180 1516 4245 nobis

319 4269 577 4335 Sancta
606 4271 717 4334 dei
746 4271 1087 4356 genitrix:
1120 4321 1135 4335 .
1228 4319 1244 4334 .
1336 4318 1351 4334 .
1398 4288 1518 4334 ora

353 4509 393 4534 .,
419 4443 434 4474 ¹
466 4443 599 4558 “S—ps)
618 4459 637 4493 .·
680 4443 755 4494 W.
813 4448 829 4473 ⁴
848 4443 1117 4495 Canticum
1142 4443 1386 4495 simeonis.
1414 4443 1522 4494 luce

314 4527 371 4576 ν’
412 4548 441 4606 '²
476 4547 688 4626 “Gloria
712 4576 867 4642 patri’
892 4577 1029 4627 aad:
1064 4575 1117 4628 S.

419 4644 440 4673 ⁸
477 4643 723 4694 ‘Letam‘a
742 4645 755 4669 ’
778 4659 875 4694 om.
900 4659 919 4696 :
966 4643 1102 4694 WS.

2130 530 2286 586 982

1632 636 1889 701 Sancta
1920 637 2105 721 virgo
2127 638 2502 721 virginum:
2547 688 2560 703 .
2655 690 2667 703 .
2717 662 2835 705 ora

1636 725 1892 789 Sancte
1924 725 2246 791 michael:
2332 775 2350 793 .
2443 776 2459 793 .
2549 778 2564 793 .
2657 778 2670 793 .
2719 750 2837 794 ora

1636 814 1893 879 Sancte
1924 815 2224 897 gabriel:
2332 866 2348 880 .
2441 864 2456 880 .
2547 866 2564 883 .
2655 867 2670 882 .
2717 838 2836 883 ora

1634 902 1886 967 Sancte
1917 904 2226 986 raphael:
2335 952 2350 967 .
2441 954 2454 969 .
2547 954 2563 971 .
2653 955 2669 969 .
2717 928 2836 972 ora

1635 991 1883 1056 Omnes
1909 994 2120 1057 sancti
2151 991 2371 1074 angeli
2402 1002 2470 1059 et
2489 992 2675 1058 arch-

1720 1080 1981 1163 angeli:
2030 1131 2044 1145 .
2138 1129 2153 1144 .
2246 1081 2454 1146 Orate
2485 1103 2606 1165 pro
2639 1083 2831 1147 nobis

1636 1168 1886 1233 Omnes
1907 1170 2118 1232 sancti
2130 1168 2477 1234 beatorum
2493 1172 2680 1254 spiri-

1719 1267 1908 1321 tuum
1941 1258 2206 1322 ordines
2233 1280 2248 1323 :
2269 1258 2478 1323 Orate
2497 1280 2616 1342 pro
2635 1258 2830 1324 nobis

1634 1344 1887 1409 Sancte
1910 1345 2240 1429 johannes
2272 1346 2608 1431 baptista:
2684 1348 2829 1412 ora⁶

1634 1433 1888 1498 Sancte
1920 1444 2144 1518 petre:
2220 1484 2664 1503 .....
2711 1458 2832 1501 ora

1637 1522 1892 1587 Sancte
1921 1522 2120 1605 paule
2147 1546 2162 1588 :
2219 1572 2664 1592 .....
2709 1545 2828 1588 ora

1634 1610 1887 1676 Sancte
1915 1612 2202 1676 andrea:
2223 1660 2664 1679 .....
2711 1634 2829 1678 ora

1632 1698 1889 1763 Sancte
1913 1700 2192 1781 jacobe:
2223 1748 2664 1767 .....
2711 1722 2830 1765 ora

1630 1787 1884 1854 Sancte
1910 1787 2274 1869 johannes:
2330 1839 2345 1854 .
2438 1838 2453 1855 .
2542 1840 2556 1855 .
2650 1840 2664 1855 .
2710 1810 2830 1854 ora

1631 1875 1887 1941 Sancte
1916 1877 2188 1941 thoma:
2219 1926 2660 1943 .....
2709 1899 2828 1943 ora

1628 1964 1882 2029 Sancte
1907 1965 2145 2047 jacobe
2171 1986 2188 2029 :
2219 2013 2662 2031 .....
2707 1988 2828 2031 ora

1628 2052 1883 2117 Sancte
1915 2052 2250 2137 philippe:
2325 2101 2341 2119 .
2433 2102 2447 2119 .
2539 2104 2554 2119 .
2646 2105 2661 2120 .
2707 2077 2827 2121 ora

1628 2141 1884 2205 Sancte
1915 2142 2413 2205 bartholomee:
2645 2192 2660 2208 .
2707 2165 2827 2208 ora

1625 2230 1880 2294 Sancte
1912 2230 2218 2295 mathee:
2327 2278 2343 2295 .
2431 2280 2448 2296 .
2540 2280 2557 2297 .
2646 2280 2663 2297 .
2708 2253 2828 2297 ora

1554 2338 1579 2357 ‘
1625 2318 1879 2383 Sancte
1908 2339 2189 2400 symon:
2221 2366 2661 2385 .....
2708 2342 2828 2385 ora

1622 2408 1874 2472 Sancte
1899 2407 2104 2489 juda:
2225 2454 2662 2475 .....
2708 2431 2827 2475 ora

1624 2495 1878 2561 Sancte
1909 2494 2201 2561 mathia:
2537 2545 2553 2564 .
2645 2546 2660 2564 .
2707 2518 2826 2563 ora

1626 2586 1879 2650 Sancte
1910 2584 2244 2650 barnaba:
2328 2633 2344 2650 .
2432 2634 2449 2650 .
2539 2634 2555 2651 .
2645 2635 2660 2652 .
2706 2608 2826 2652 ora

1624 2673 1878 2738 Sancte
1908 2694 2167 2739 marce:
2223 2721 2660 2741 .....
2706 2698 2826 2741 ora

1626 2762 1879 2826 Sancte
1911 2763 2096 2827 luca:
2219 2810 2660 2830 .....
2707 2786 2824 2830 ora

1626 2850 1880 2915 Sancte
1912 2849 2280 2915 marcialis:
2327 2900 2342 2917 .
2432 2899 2449 2916 .
2537 2899 2554 2918 .
2643 2900 2659 2918 .
2705 2874 2824 2918 ora

1625 2938 1877 3004 Sancte
1907 2939 2318 3004 thimothee:
2430 2987 2446 3005 .
2536 2989 2552 3007 .
2641 2989 2658 3007 .
2703 2962 2822 3006 ora

1626 3027 1874 3092 Omnes
1949 3029 2160 3092 sancti
2236 3028 2522 3111 apostoli
2589 3038 2660 3094 et

1708 3116 2114 3198 evangeliste
2148 3139 2163 3182 :
2245 3117 2452 3182 Orate
2483 3138 2604 3201 pro
2629 3117 2822 3184 nobis

1627 3203 1877 3270 Omnes
1929 3205 2144 3269 sancti
2191 3204 2492 3288 discipuli
2537 3207 2660 3270 do-

1709 3293 1914 3357 mini:
2023 3339 2568 3360 ......
2635 3305 2822 3360 orate

1626 3380 1876 3446 Omnes
1905 3381 2115 3445 sancti
2149 3380 2536 3446 innocentes
2564 3405 2579 3448 :
2635 3394 2821 3448 orate

1621 3469 1874 3534 Sancte
1905 3467 2268 3553 stephane:
2321 3517 2339 3535 .
2429 3515 2447 3536 .
2536 3519 2553 3537 .
2642 3521 2658 3536 .
2705 3493 2824 3537 ora

1622 3557 1874 3623 Sancte
1904 3556 2078 3622 line:
2109 3605 2657 3626 ......
2704 3581 2823 3625 ora

1621 3646 1877 3711 Sancte
1907 3644 2116 3712 clete:
2215 3677 2654 3714 ......
2703 3669 2820 3714 ora

1623 3735 1876 3800 Sancte
1909 3735 2231 3801 clemens:
2319 3784 2334 3801 .
2427 3784 2442 3801 .
2533 3785 2548 3802 .
2641 3785 2657 3802 .
2702 3758 2820 3804 ora

1623 3824 1878 3889 Sancte
1908 3823 2198 3889 corneli:
2641 3874 2656 3891 .
2701 3847 2820 3892 ora

1623 3913 1881 3978 Sancte
1911 3914 2266 3995 cypriane:
2322 3961 2338 3978 .
2428 3960 2444 3979 .
2535 3961 2551 3978 .
2641 3963 2658 3980 .
2701 3936 2820 3980 ora

1624 4001 1877 4066 Sancte
1908 4003 2124 4066 sixte:
2215 4047 2655 4069 .....
2702 4025 2822 4070 ora

1624 4090 1881 4155 Sancte
1911 4089 2184 4155 thoma:
2217 4137 2658 4158 .....
2703 4114 2822 4158 ora

1624 4179 1878 4244 Sancte
1910 4179 2231 4244 laurenti:
2323 4227 2338 4244 .
2428 4227 2445 4243 .
2536 4227 2552 4245 .
2641 4229 2658 4245 .
2703 4203 2820 4246 ora

1624 4268 1876 4333 Sancte
1906 4267 2237 4333 vincenti:
2325 4313 2343 4334 .
2433 4313 2450 4334 .
2537 4315 2555 4336 .
2644 4317 2660 4336 .
2707 4291 2824 4336 ora

1720 4443 1741 4472 ⁴
1773 4439 2009 4505 eleyson:
2045 4439 2256 4490 Rws.

1721 4509 1743 4538 ⁸
1781 4507 1970 4571 ‘Kyrie
1991 4507 2196 4570 eleyson
2212 4506 2224 4528 ’
2245 4504 2346 4555 add
2373 4525 2386 4556 ε
2423 4505 2483 4556 Ε.

1721 4575 1743 4602 ⁸
1781 4573 1998 4623 ‘Omnes
2020 4572 2178 4622 sancti
2213 4572 2456 4637 patriarce
2487 4580 2536 4624 et
2561 4574 2818 4641 prophete.

1626 4639 1781 4690 Orate
1804 4655 1896 4704 pro
1909 4639 2056 4689 nobis
2071 4639 2084 4663 ‘
2105 4638 2208 4690 add
2229 4657 2242 4690 :
2263 4639 2396 4691 EG.
2405 4639 2486 4690 W.

2483 4735 2587 4802 35
