3375 5100
1125 351 1430 423 TERTIA
1481 365 1604 421 AD
1617 365 1963 426 VENTUS.

845 478 941 534 87

291 591 357 663 ff
401 583 602 650 Feria
632 582 717 666 vj.
856 589 862 596 '
1201 585 1417 650 Lectio
1427 583 1489 667 j.

283 673 776 808 Egredietur
847 673 1038 758 virga
1109 675 1196 739 de
1269 675 1490 740 radice

435 763 647 845 jesse:
693 771 760 824 et
792 761 914 826 flos
950 764 1035 828 de
1081 764 1300 828 radice
1345 763 1490 846 ejus

287 851 646 916 ascendet:
718 850 810 914 Et
871 851 1232 934 requiescet
1293 871 1492 934 super

289 961 443 1004 eum
515 939 784 1021 spiritus
853 940 1148 1005 domini:
1222 942 1489 1024 spiritus

288 1029 615 1112 sapientie
685 1037 754 1091 et
827 1027 1240 1094 intellectus:
1300 1030 1487 1113 spiri-

290 1127 400 1182 tus
445 1116 700 1188 consilii
733 1125 801 1179 et
852 1116 1300 1182 fortitudinis:
1356 1118 1488 1200 spi-

289 1208 454 1270 ritus
537 1205 820 1268 sciencie
894 1217 961 1270 et
1037 1207 1345 1290 pietatis:
1421 1215 1490 1270 et

289 1293 576 1377 replebit
606 1314 758 1357 eum
785 1294 1052 1378 spiritus
1083 1296 1340 1359 timoris
1371 1293 1489 1358 do-

291 1383 474 1446 mini.
1177 1383 1398 1446 Lectio
1421 1383 1491 1465 ij.

285 1473 556 1604 Non
583 1469 952 1543 ‚secundum
984 1471 1305 1536 visionem
1337 1493 1493 1536 ocu-

471 1559 684 1623 lorum
725 1560 1088 1641 judicabit:
1136 1581 1350 1642 neque
1391 1579 1490 1624 se-

289 1648 581 1712 cundum
614 1649 913 1712 auditum
940 1650 1192 1712 aurium
1219 1659 1492 1731 arguet:

290 1737 408 1801 sed
424 1736 748 1817 judicabit
769 1737 834 1800 in
851 1735 1115 1818 justicia
1137 1758 1490 1822 pauperes:

291 1835 358 1890 et
399 1833 653 1908 ‘arguet
699 1825 766 1888 in
811 1826 1105 1908 equitate
1151 1847 1270 1909 pro
1305 1848 1489 1890 man-

290 1914 494 1977 suetis
531 1924 720 1978 terre.
782 1914 873 1978 Et
895 1915 1218 1998 percutiet
1247 1925 1487 1978 terram

287 2003 475 2084 virga
493 2003 624 2065 oris
654 2002 794 2066 sui:
825 2012 894 2066 et
913 2003 1145 2086 spiritu
1166 2004 1488 2067 labiorum

289 2091 434 2172 ejus
459 2089 805 2154 interficiet
824 2091 1118 2173 impium.
1151 2091 1365 2155 Lectio
1397 2091 1490 2176 izj.

291 2180 470 2311 Et
501 2179 623 2242 erit
647 2179 914 2261 justicia
944 2180 1281 2262 cingulum
1320 2180 1488 2243 lum-

442 2268 675 2331 borum
709 2268 889 2350 ejus:
935 2277 1003 2332 et
1034 2268 1200 2333 fides
1245 2269 1489 2333 cincto-

293 2355 462 2419 rium
539 2374 772 2419 renum
855 2356 1015 2440 ejuS.
1138 2357 1492 2422 Habitabit

291 2445 486 2525 lupus
517 2464 668 2508 cum
701 2464 876 2526 agno
904 2467 919 2509 :
965 2455 1032 2510 et
1063 2446 1308 2528 pardus
1338 2466 1489 2509 cum

291 2531 468 2597 hedo
513 2533 878 2599 accubabit.
966 2533 1235 2599 Vitulus
1287 2545 1354 2600 et
1387 2533 1494 2599 leo

290 2630 360 2685 et
421 2622 562 2685 ovis
621 2623 816 2687 simul
888 2624 1362 2689 morabuntur:
1423 2632 1496 2689 et

293 2729 460 2794 puer
501 2712 814 2794 parvulus
860 2712 1142 2777 minabit
1186 2733 1319 2777 eos,
1406 2714 1492 2777 In

289 2818 516 2881 evang.
604 2808 714 2865 aii.
775 2799 997 2865 Dicite
1040 2801 1494 2884 pusillanimes

293 2886 757 2951 confortamini
779 2908 796 2954 t
827 2908 980 2953 ecce
1003 2889 1312 2953 dominus
1331 2892 1494 2954 deus

295 2985 522 3040 noster
577 2976 813 3042 veniet.
888 2986 990 3060 pf.
1081 2980 1496 3042 Benedictus,

293 3064 422 3128 Ad
480 3074 770 3147 vesperas
835 3066 1176 3129 memoria¹
1244 3068 1324 3130 de
1379 3066 1495 3130 ad-

295 3162 507 3217 ventu.
563 3162 670 3217 αῆ.
720 3154 1007 3219 Caritate
1037 3154 1312 3219 domino
1340 3175 1495 3219 can-

294 3242 500 3306 ticum
577 3262 868 3308 novum:
959 3244 1102 3307 laus
1178 3244 1321 3327 ejus
1409 3244 1498 3308 ab

295 3329 614 3394 extremis
650 3340 837 3395 terre.

300 3424 366 3497 (s
400 3418 685 3483 sabbato
713 3420 810 3483 ad
833 3420 1212 3486 matutinas.
1267 3442 1496 3485 memo-

295 3508 406 3571 ria
477 3508 558 3570 de
624 3508 925 3573 adventu.
1030 3518 1137 3574 αῆ.
1217 3510 1500 3575 Levabit

297 3596 606 3659 dominus
649 3596 912 3679 signum
963 3598 1030 3661 in
1081 3597 1501 3664 nationibus:

297 3694 366 3748 et
397 3686 828 3767 congregabit
857 3686 1188 3770 dispersos
1220 3688 1428 3752 israel.

303 3777 369 3853 ([
413 3773 764 3837 Dominica
795 3773 892 3839 iii.
935 3776 1034 3839 aa'
1069 3786 1363 3859 vesperas
1395 3786 1503 3841 αῆ.

301 3862 719 3927 Benedictus,
793 3870 895 3945 psss.
972 3864 1222 3947 Ipsum.
1317 3862 1503 3946 Capi-

302 3950 532 4015 tulum.
654 3951 733 4014 In
812 3952 1047 4017 diebus
1127 3953 1274 4018 illis.
1393 3954 1506 4019 Re.

303 4039 438 4123 Qui
526 4050 842 4105 venturus
932 4050 1050 4106 est.
1183 4042 1510 4124 Hymnus.

369 4252 384 4283 ¹
410 4258 508 4317 pro
535 4257 550 4283 ⁴
568 4252 733 4305 mem.’
753 4254 1060 4319 antiphona:
1095 4254 1231 4305 1210.
1249 4255 1328 4306 W.

368 4321 390 4349 ²
421 4321 632 4385 exegerit
646 4336 665 4369 .·
698 4322 766 4370 E.
781 4320 838 4370 G.

367 4386 389 4416 ⁸
424 4386 586 4436 Lectio
593 4388 633 4451 j
649 4388 790 4450 apud
807 4387 874 4437 E.
887 4388 942 4437 G.
962 4388 1039 4436 W.

301 4454 489 4537 Ecce
545 4452 778 4503 dominus
834 4454 1069 4504 ascendet
1127 4470 1276 4519 super
1324 4452 1510 4502 nubem

407 4519 568 4568 levem
623 4527 673 4569 et
709 4520 1015 4583 ingredietur
1047 4529 1284 4586 egyptum
1318 4526 1368 4569 et
1403 4535 1510 4569 mo-

303 4585 554 4635 vebuntur
591 4586 892 4637 simulachra
921 4586 1076 4653 egipti
1099 4604 1130 4637 a
1153 4586 1280 4637 facie
1313 4586 1420 4650 ejus
1461 4593 1512 4637 et

2130 479 2230 536 38

1595 584 1921 650 Conditor
1986 581 2179 648 alme.
2254 582 2307 658 Ϋ
2354 584 2605 649 Rorate
2654 585 2796 650 celi.

1589 674 1676 737 In
1735 695 1988 755 evange.
2046 683 2153 736 au.
2245 673 2402 736 Non
2469 675 2801 739 auferetur

1589 771 1924 844 sceptrum
2000 762 2086 825 de
2156 760 2322 844 juda
2384 770 2449 825 et
2510 763 2653 826 dux
2712 765 2799 828 de

1589 849 1843 914 femore
1914 851 2055 932 ejus
2132 850 2347 914 donec
2395 851 2620 914 veniat
2680 851 2794 935 qui

1593 939 1959 1003 mittendus
2007 949 2146 1003 est:
2200 948 2269 1002 et
2317 939 2459 1021 ipse
2505 939 2628 1004 erit
2675 962 2795 1003 ex-

1591 1028 1882 1110 pectatio
1940 1027 2260 1110 gentium.
2352 1035 2456 1109 psi
2532 1027 2796 1111 Magni·-

1593 1115 1748 1180 ficat
1811 1115 1919 1179 vel
1976 1125 2081 1180 αῆ.
2161 1115 2223 1181 Ο
2284 1116 2629 1199 sapientia.
2736 1115 2801 1180 si

1593 1214 1839 1287 tempus
1865 1203 2175 1287 mgna?
2550 1205 2798 1270 Oratio.

1591 1295 1942 1426 Aurem
2004 1303 2189 1356 tuam
2252 1313 2614 1374 quesumus
2678 1293 2795 1356 do-

1762 1383 1939 1445 mine
2012 1380 2317 1465 precibus
2389 1383 2630 1446 nostris
2688 1403 2795 1446 ac-

1593 1471 1989 1534 commoda:
2081 1480 2149 1535 et
2243 1471 2484 1534 mentis
2574 1480 2799 1534 nostre

1593 1559 1905 1623 tenebras
1965 1559 2181 1641 gratia
2234 1567 2349 1621 tue
2401 1558 2798 1623 visitationis

1591 1647 1865 1712 illustra.
1934 1646 2069 1731 Qui
2098 1647 2280 1711 vivis,
2344 1647 2448 1710 Et
2471 1645 2797 1710 sciendum

1591 1744 1687 1799 est
1736 1736 1911 1819 quod
1953 1736 2306 1818 antiphona
2360 1735 2421 1800 O
2473 1735 2799 1818 sapientia

1589 1836 1839 1906 semper
1880 1824 2239 1906 incipis-uda
2267 1833 2363 1887 est
2386 1823 2541 1887 xvii
2579 1824 2795 1889 kalen-

1591 1914 1717 1976 das
1752 1911 2095 1986 Januariz’.

1679 2001 1809 2070 Ad
1830 2011 2031 2064 matu.
2064 2001 2291 2064 invita.
2384 2001 2538 2064 Rex
2577 2011 2803 2064 noster

1594 2087 1903 2154 adveniet
1936 2089 2236 2154 Christus
2297 2088 2516 2172 Quem
2558 2089 2797 2172 johan-

1594 2197 1711 2241 nes
1826 2177 2190 2260 predicavit
2285 2197 2532 2259 agnum
2653 2199 2799 2241 esse

1592 2275 1962 2330 venturum.
2037 2275 2138 2348 pf.
2170 2267 2429 2330 Venite.
2504 2265 2797 2347 hymnus.

1591 2355 1888 2420 Verbum
1921 2375 2277 2438 supernum
2310 2354 2639 2438 prodiens.
2713 2356 2799 2418 In

1572 2443 1636 2526 j.
1683 2453 1990 2507 nocturno
2048 2452 2154 2508 αῆ.
2232 2444 2385 2507 Non
2450 2441 2798 2508 auferetur.

1581 2541 1682 2616 pf.
1731 2533 1977 2598 Beatus
2007 2532 2123 2597 vir.
2213 2523 2264 2600 Ῡ
2298 2532 2411 2596 Ex
2441 2552 2629 2615 syon.

1593 2624 1739 2755 ln
1773 2642 1948 2686 anno
1990 2642 2123 2705 quo
2163 2631 2461 2686 mortuus
2501 2620 2801 2705 [⁸Lect.j.

1692 2719 1794 2774 est
1818 2731 1939 2774 rex
1960 2710 2202 2775 achaz:
2234 2711 2481 2774 factum
2506 2718 2607 2774 est
2632 2729 2799 2773 onus

1595 2799 1821 2865 istud:
1932 2800 2039 2864 Ne
2136 2796 2398 2863 laeteris
2494 2799 2805 2883 philistea

1597 2888 1818 2952 omnis
1862 2896 1976 2952 tu:
2026 2888 2342 2971 quoniam
2391 2888 2802 2952 comminuta

1598 2986 1699 3041 est
1759 2977 1945 3059 virga
2004 2976 2403 3059 percussoris
2463 2976 2577 3041 tui.
2691 2976 2800 3039 De

1597 3065 1819 3130 radice
1879 3064 2056 3129 enim
2120 3064 2368 3129 colubri
2430 3064 2805 3148 egredietur

1601 3153 1904 3237 regulus:
1946 3162 2015 3218 et
2061 3173 2287 3217 semen
2338 3152 2481 3234 ejus
2529 3152 2799 3217 absorb-

1601 3264 1719 3307 ens
1748 3242 2102 3307 volucrem.
2190 3242 2305 3306 Re.
2364 3242 2542 3305 Ecce
2594 3262 2799 3326 appa-

1601 3331 2299 3414 rebitdominussuper
2318 3330 2802 3395 nubemcandi-

1600 3421 1759 3484 dam
1779 3442 1794 3484 ε
1814 3429 1882 3483 et
1904 3440 2055 3483 cum
2082 3440 2161 3483 eo
2180 3428 2557 3483 sanctorum
2581 3419 2763 3483 milia
2787 3438 2805 3483 :

1601 3519 1671 3573 et
1738 3508 1991 3573 habens
2055 3508 2121 3571 in
2175 3508 2573 3571 vestimento
2620 3516 2688 3571 et
2734 3508 2803 3571 in

1604 3597 1855 3661 femore
1902 3618 2025 3661 suo
2084 3596 2443 3679 scriptum:
2498 3596 2652 3659 Rex
2704 3616 2805 3659 re-

1605 3707 1766 3769 gum
1830 3694 1897 3749 et
1956 3684 2265 3748 dominus
2341 3683 2805 3749 dominatium.

1603 3772 1656 3849 Ῠ
1745 3774 2122 3858 Apparebit
2184 3772 2249 3835 in
2298 3771 2499 3835 finem
2548 3781 2615 3836 et
2671 3792 2805 3837 non

1609 3864 1968 3928 mentietur
2011 3862 2065 3925 si
2114 3881 2367 3924 moram
2414 3859 2641 3927 fecerit
2686 3883 2807 3924 ex-

1607 3962 1805 4037 pecta
1835 3971 2029 4015 eum:
2075 3948 2233 4033 quia
2261 3950 2534 4014 veniens
2564 3951 2803 4015 veniet.

1613 4042 1791 4105 Rex.
2485 4038 2702 4103 Lectio
2734 4038 2808 4123 ij.

1611 4268 1698 4303 cor
1736 4251 1888 4317 egipti
1924 4251 2143 4302 tabescet
2178 4249 2228 4301 in
2264 4250 2431 4301 medio
2470 4250 2577 4315 ejus
2610 4256 2661 4301 et
2692 4266 2813 4301 con·

1610 4334 1805 4369 currere
1860 4318 2039 4368 faciam
2096 4316 2309 4382 egiptios
2360 4316 2623 4367 adversum
2672 4318 2811 4381 egip-

1611 4386 1709 4436 tios
1730 4404 1745 4435 z
1778 4392 1829 4435 et
1851 4383 2096 4450 pugnabit
2118 4384 2193 4433 vir
2224 4390 2400 4433 contra
2431 4383 2633 4433 fratrem
2666 4399 2811 4433 suum

1611 4460 1661 4503 et
1696 4452 1773 4501 vir
1804 4460 1979 4501 contra
2011 4451 2226 4500 amicum
2261 4465 2405 4499 suum
2438 4449 2613 4500 civitas
2634 4449 2809 4498 adver·

1613 4535 1725 4569 sum
1747 4517 2035 4568 civitatem:
2071 4532 2281 4581 regnum
2312 4516 2548 4567 adversus
2582 4530 2807 4581 regnum.

1615 4586 1733 4636 Hec
1754 4584 1875 4636 dicit
1898 4583 2147 4635 dominus.
