3375 5100
1208 342 1333 395 AD
1377 342 1508 396 MA
1524 340 1910 398 TUTJNAS.

848 451 1011 507 853

318 555 655 639 'Quoniam
688 557 1055 621 secundum
1088 556 1513 622 altitudinem

316 649 439 711 celi
470 668 513 711 a
541 656 747 711 terra:
794 646 1241 711 corroboravit
1264 646 1515 709 miseri-

318 736 611 800 cordiam
644 756 833 799 suam
866 755 1066 817 super
1082 736 1393 798 timentes
1423 754 1511 797 se.

327 824 665 903 Quantum
710 824 920 887 distat
968 832 1151 887 ortus
1208 824 1294 887 ab
1342 823 1513 887 occi-

320 912 563 976 dente:
608 912 807 993 longe
859 911 1015 976 fecit
1064 932 1106 975 a
1148 911 1340 974 nobis
1392 911 1515 974 ini-

321 1002 611 1083 quitates
641 1008 919 1063 nostraS.
1004 999 1359 1079 Quomodo
1390 1000 1517 1063 mi-

318 1098 573 1153 seretur
644 1098 836 1171 pater
908 1088 1225 1152 filiorum:
1289 1089 1519 1151 miser-

320 1186 431 1241 tus
474 1186 579 1241 est
622 1177 932 1240 dominus
976 1178 1369 1241 timentibus
1400 1196 1515 1241 se:

319 1268 639 1348 quoniam
686 1266 831 1347 ipse
880 1267 1193 1347 cognovit
1236 1264 1517 1347 figmen-

318 1364 465 1417 tum
517 1362 836 1417 nostrum.
946 1354 1367 1418 Recordatus
1413 1362 1516 1417 est

319 1443 637 1525 quoniam
711 1441 927 1524 pulvis
984 1462 1265 1506 sumus:
1310 1440 1518 1505 homo

318 1532 489 1595 sicut
519 1531 785 1595 fenum:
832 1531 973 1594 dies
1020 1530 1164 1612 ejus
1193 1540 1513 1613 tanquam

319 1619 442 1684 flos
471 1620 611 1703 agri
642 1620 735 1683 sic
766 1618 1105 1683 efflorebit.
1186 1618 1517 1698 Quoniam

322 1708 591 1791 spiritus
650 1708 1079 1790 pertransibit
1136 1708 1203 1771 in
1258 1706 1375 1771 illo
1450 1716 1521 1771 et

320 1817 455 1860 non
488 1796 847 1861 subsistet:
892 1806 963 1860 et
994 1816 1127 1860 non
1160 1804 1519 1879 cognoscet

318 1885 607 1967 amplius
636 1884 855 1949 locum
880 1904 1093 1948 suum.
1138 1884 1519 1949 Misericor-

317 1974 436 2037 dia
465 1984 687 2038 autem
734 1974 987 2037 domini
1036 1972 1125 2037 ab
1176 1983 1405 2037 eterno
1450 1980 1519 2037 et

318 2081 533 2144 usque
562 2062 629 2125 in
662 2071 964 2125 eternum
990 2082 1005 2125 :
1051 2082 1249 2144 super
1278 2062 1519 2126 timen-

318 2158 423 2215 tes
498 2170 669 2215 eum.
758 2151 860 2214 Et
920 2149 1179 2232 justitia
1222 2150 1397 2213 illius
1448 2151 1519 2215 in

316 2238 493 2302 filios
552 2238 875 2303 filiorum:
938 2238 1043 2301 his
1087 2239 1201 2321 qui
1254 2246 1519 2303 servant

316 2336 795 2391 testamentum
818 2328 977 2410 ejus,
1066 2327 1168 2391 Et
1192 2346 1519 2391 memores

314 2424 476 2479 sunt
566 2416 1033 2479 mandatorum
1116 2416 1359 2499 ipsius:
1436 2415 1521 2479 ad

316 2504 696 2569 faciendum
727 2524 824 2570 ea.
915 2504 1251 2570 Dominus
1282 2504 1347 2568 in
1382 2504 1525 2569 celo

316 2595 579 2677 paravit
608 2594 837 2657 sedem
868 2613 1057 2658 suam
1087 2615 1103 2658 :
1148 2602 1217 2657 et
1247 2613 1525 2675 regnum

320 2683 531 2765 ipsius
552 2682 861 2746 omnibus
874 2682 1349 2746 dominabitur.
1393 2682 1525 2745 Be·

322 2771 613 2834 nedicite
672 2771 951 2834 domino
994 2790 1229 2834 omnes
1302 2768 1523 2852 angeli

321 2859 506 2940 ejus:
552 2869 859 2942 potentes
906 2859 1147 2923 virtute
1207 2857 1525 2923 facientes

330 2948 610 3012 verbum
661 2947 881 3012 illius:
970 2948 1056 3011 ad
1119 2946 1523 3011 audiendam

318 3057 557 3102 vocem
618 3055 999 3100 sermonum
1056 3035 1215 3118 ejus,
1306 3035 1523 3099 Bene-

316 3125 523 3189 dicite
596 3123 873 3188 domino
944 3143 1179 3188 omnes
1243 3124 1523 3188 virtutes

320 3214 511 3295 ejus:
588 3213 871 3276 ministri
920 3212 1065 3293 ejus
1134 3212 1250 3295 qui
1304 3212 1521 3276 facitis

319 3301 743 3365 voluntatem
834 3300 995 3382 ejuS.
1130 3301 1522 3365 Benedicite

318 3390 601 3454 domino
650 3390 877 3452 omnia
926 3408 1131 3472 opera
1182 3389 1364 3472 ejus:
1412 3389 1519 3452 in¹

318 3477 471 3542 loco
500 3477 971 3542 dominationis
1016 3477 1199 3560 ejus:
1246 3478 1523 3542 benedic

323 3567 551 3631 anima
581 3585 733 3629 mea
759 3566 1083 3631 domino,²
1168 3567 1301 3630 Αῆ.
1370 3566 1523 3631 Cla·

330 3675 479 3718 mor
508 3675 695 3718 meus
726 3654 813 3718 ad
843 3664 913 3717 te
937 3655 1161 3718 veniat
1180 3655 1361 3718 deuS.
1394 3654 1524 3737 pf!

324 3743 704 3876 Benedic
734 3744 959 3806 anima
998 3763 1151 3807 mea
1210 3743 1521 3808 domino:

470 3832 742 3895 domine
772 3831 939 3895 deus
958 3851 1143 3894 meus
1162 3832 1187 3869 ⁴
1220 3829 1523 3913 magnifi-

324 3929 515 3984 catus
574 3940 647 3984 es
705 3919 1151 3985 vehementer.
1258 3919 1525 3985 Confes-

324 4009 585 4072 sionem
660 4017 731 4072 et
821 4009 1131 4072 decorem
1206 4007 1523 4072 induisti:

324 4097 613 4161 amictus
636 4093 887 4161 lumine
916 4097 1089 4162 sicut
1108 4097 1529 4161 vestimento,

324 4185 729 4249 Extendens
772 4183 991 4249 celum
1036 4186 1207 4249 sicut
1238 4184 1527 4268 pellem:

327 4275 443 4357 qui
494 4275 665 4356 tegis
724 4275 916 4356 aquis
968 4274 1307 4356 superiora
1368 4273 1527 4357 ejus,

566 4435 581 4466 ¹
622 4433 824 4484 ‘omni’
848 4434 948 4483 add
975 4451 987 4485 :
1022 4433 1155 4484 E.G.

565 4503 587 4532 ²
624 4505 639 4529 ‘
660 4500 840 4550 Gloria
860 4501 991 4567 patri
1011 4500 1024 4524 ’
1058 4500 1159 4550 add
1184 4518 1197 4550 :
1233 4499 1433 4551 E.G.S.

567 4569 587 4598 ⁸
612 4573 691 4632 pl.
726 4579 851 4630 103:
888 4566 1024 4617 AG.
1099 4567 1241 4633 ciij.:
1276 4569 1329 4617 S.

2135 451 2293 508 856

1625 556 1756 635 Qui
1789 558 1984 641 ponis
2029 557 2278 622 nubem
2325 576 2671 623 ascensum
2718 565 2827 622 tu-

1618 664 1734 709 um
1762 668 1776 710 :
1825 647 1940 729 qui
1973 647 2276 710 ambulas
2297 666 2494 729 super
2515 647 2540 684 ⁵
2568 666 2822 731 pennas

1612 743 1983 799 ventorum.
2109 734 2236 814 Qui
2327 734 2488 799 facis
2547 734 2822 817 angelos

1614 832 1769 886 tuos
1799 824 2106 906 spiritus:
2153 832 2220 887 et
2283 824 2620 887 ministros
2665 832 2818 886 tuos

1618 912 1843 993 ignem
1905 922 2227 975 urentem.
2349 910 2476 991 Qui
2523 910 2817 975 fundasti

1616 1008 1860 1064 terram
1892 1020 2091 1082 super
2119 1000 2551 1065 stabilitatem
2583 1020 2770 1063 suam
2799 1022 2814 1065 :

1618 1108 1754 1151 non
1786 1089 2211 1152 inclinabitur
2253 1090 2321 1152 in
2369 1088 2662 1152 seculum
2710 1108 2811 1151 se-

1616 1177 1764 1241 culi.
1855 1177 2168 1259 Abyssus
2225 1178 2396 1241 sicut
2456 1177 2814 1240 vestimen-

1616 1275 1760 1329 tum
1793 1266 2076 1329 amictus
2105 1265 2250 1351 ejus
2277 1287 2293 1329 :
2339 1285 2536 1348 super
2554 1276 2816 1329 montes

1614 1354 1892 1418 stabunt
1921 1374 2108 1437 aque.
2199 1353 2320 1418 Ab
2364 1355 2814 1437 increpatione

1616 1452 1734 1507 tua
1779 1442 2076 1525 fugient:
2107 1464 2150 1507 a
2177 1462 2340 1506 voce
2393 1443 2664 1507 tonitrui
2718 1444 2816 1507 tui

1618 1530 2092 1596 formidabunt.
2181 1531 2582 1596 Ascendunt
2623 1550 2811 1594 mon-

1618 1628 1722 1685 tes
1751 1628 1820 1683 et
1847 1619 2264 1685 descendunt
2307 1620 2528 1702 campi
2555 1641 2572 1685 ε
2617 1620 2684 1682 in
2717 1619 2813 1682 lo-

1618 1728 1772 1771 cum
1801 1728 2002 1791 quern
2028 1708 2320 1772 fundasti
2351 1710 2464 1773 eis,
2565 1708 2817 1771 Termi·-

1620 1816 1784 1860 num
1826 1798 2104 1879 posuisti
2155 1816 2356 1881 quem
2421 1816 2552 1860 non
2601 1806 2815 1859 trans-

1618 1884 2035 1969 gredientur:
2100 1905 2316 1967 neque
2344 1894 2816 1948 convertentur

1618 1974 1875 2055 operire
1950 1982 2210 2037 terram.
2347 1972 2473 2052 Qui
2563 1974 2816 2037 emittis

1620 2062 1840 2126 fontes
1871 2062 1938 2124 in
1968 2062 2421 2126 convallibus:
2469 2062 2642 2125 inter
2673 2082 2816 2125 me·-

1620 2148 1856 2214 dium⁶
1911 2152 2240 2213 montium
2323 2151 2820 2233 pertransibunt

1620 2258 1810 2322 aque.
1917 2238 2270 2303 Potabunt
2329 2258 2562 2303 omnes
2611 2239 2821 2301 bestie

1620 2327 1806 2409 agri:
1852 2327 2307 2410 expectabunt
2351 2328 2581 2410 onagri
2615 2328 2680 2390 in
2711 2326 2822 2391 siti

1622 2436 1760 2480 sua.
1873 2416 2096 2498 Super
2170 2436 2250 2480 ea
2321 2416 2620 2479 volucres
2696 2416 2820 2478 celi

1623 2504 2064 2570 habitabunt:
2109 2505 2197 2569 de
2229 2506 2454 2568 medio
2482 2514 2818 2588 petrarum

1625 2593 1884 2658 dabunt
1934 2613 2147 2658 voces,
2235 2594 2498 2676 Rigans
2559 2603 2822 2657 montes

1626 2682 1714 2745 de
1761 2682 2208 2764 superioribus
2237 2683 2414 2746 suis:
2462 2682 2547 2745 de
2601 2681 2818 2745 fructu

1626 2791 1902 2853 operum
1924 2781 2190 2836 tuorum
2231 2771 2582 2835 satiabitur
2624 2778 2818 2836 terra.

1626 2859 2016 2923 Producens
2061 2859 2287 2925 fenum
2330 2859 2651 2942 jumentis
2686 2880 2703 2924 :
2749 2867 2820 2922 et

1625 2947 1902 3012 herbam
1933 2949 2230 3012 servituti
2262 2947 2626 3012 hominum.
2726 2947 2820 3013 Ut

1624 3037 1870 3100 educas
1888 3057 2131 3118 panem
2155 3038 2241 3100 de
2258 3046 2432 3102 terra
2454 3057 2470 3100 :
2493 3046 2562 3100 et
2591 3036 2822 3100 vinum

1624 3123 1898 3189 letificet
1919 3145 2034 3188 cor
2054 3125 2359 3190 hominis.
2446 3125 2538 3191 Ut
2561 3124 2822 3188 exhila-

1624 3221 1725 3276 ret
1755 3211 1993 3277 faciem
2024 3215 2092 3276 in
2137 3214 2335 3277 oleo:
2379 3223 2448 3277 et
2478 3214 2671 3295 panis
2709 3231 2824 3276 cor

1623 3299 1912 3366 hominis
1943 3301 2307 3366 confirmet.
2385 3301 2821 3384 ‘Saturabun-

1621 3399 1732 3453 tur
1775 3390 1954 3471 ligna
2002 3392 2220 3473 campi
2282 3398 2350 3454 et
2396 3390 2572 3454 cedri
2619 3388 2824 3452 libani

1622 3497 1790 3560 quas
1819 3479 2179 3561 plantavit:
2226 3478 2358 3542 illic
2389 3497 2688 3561 passeres
2721 3477 2820 3540 ni·

1621 3564 2005 3631 dificabunt.
2093 3567 2377 3631 Herodii
2409 3567 2650 3630 domus
2681 3565 2826 3628 dux

1624 3664 1728 3718 est
1759 3674 2030 3720 eorum:
2077 3664 2340 3719 montes
2385 3654 2634 3718 excelsi
2684 3673 2826 3717 cer-

1623 3743 1765 3808 vis:
1829 3753 2020 3826 petra
2079 3743 2405 3826 refugium
2460 3742 2824 3806 herinaciis,

1622 3831 1820 3895 Fecit
1892 3832 2117 3896 lunam
2193 3833 2263 3895 in
2337 3841 2678 3914 tempora:
2725 3829 2826 3894 sol

1624 3922 1939 4002 cognovit
1970 3941 2280 3985 occasum
2306 3939 2518 3984 suum.
2607 3920 2828 3984 Posu-

1628 4009 1740 4071 isti
1770 4009 2076 4074 tenebras
2106 4019 2174 4073 et
2205 4009 2384 4074 facta
2413 4018 2516 4073 est
2548 4027 2725 4072 nox:
2757 4007 2826 4072 in

1630 4098 1777 4179 ipsa
1807 4098 2302 4180 pertransibunt
2349 4116 2582 4160 omnes
2615 4097 2828 4161 bestie

1629 4186 1812 4250 silve.
1910 4186 2124 4252 Catuli
2173 4188 2440 4250 leonum
2491 4187 2828 4267 rugientes

1630 4283 1708 4338 ut
1775 4275 2076 4357 rapiant:
2144 4285 2213 4339 et
2267 4285 2548 4358 querant
2613 4295 2654 4338 a
2701 4275 2836 4337 deo

1939 4439 1958 4466 ⁴
1997 4440 2012 4465 ⁸
2031 4451 2171 4486 meus
2191 4435 2206 4458 ’
2224 4435 2334 4485 bis:
2359 4435 2420 4484 Y.

1936 4503 1958 4599 ἶ
1989 4501 2560 4622 Ξιᾘξηῗὲἓῗέἒῗῗῦῗ·
