<?xml version="1.0" encoding="UTF-8"?>
<!DOCTYPE html PUBLIC "-//W3C//DTD XHTML 1.0 Transitional//EN"
    "http://www.w3.org/TR/xhtml1/DTD/xhtml1-transitional.dtd">
<html xmlns="http://www.w3.org/1999/xhtml" xml:lang="en" lang="en">
 <head>
  <title>
</title>
<meta http-equiv="Content-Type" content="text/html;charset=utf-8" />
  <meta name='ocr-system' content='tesseract 3.04.00' />
  <meta name='ocr-capabilities' content='ocr_page ocr_carea ocr_par ocr_line ocrx_word'/>
</head>
<body>
  <div class='ocr_page' id='page_1' title='image "./publicationssur05unkngoog_0246.png"; bbox 0 0 3375 5100; ppageno 0'>
   <div class='ocr_carea' id='block_1_1' title="bbox 1145 324 2012 383">
    <p class='ocr_par' dir='ltr' id='par_1_1' title="bbox 1145 324 2012 383">
     <span class='ocr_line' id='line_1_1' title="bbox 1145 324 2012 383; baseline 0 -2"><span class='ocrx_word' id='word_1_1' title='bbox 1145 326 1247 381; x_wconf 87' lang='lat' dir='ltr'><strong>IN</strong></span> <span class='ocrx_word' id='word_1_2' title='bbox 1290 326 1612 383; x_wconf 78' lang='lat' dir='ltr'><em>OCTAVA</em></span> <span class='ocrx_word' id='word_1_3' title='bbox 1663 324 2012 383; x_wconf 84' lang='lat' dir='ltr'><em>PASCHE.</em></span> 
     </span>
    </p>
   </div>
   <div class='ocr_carea' id='block_1_2' title="bbox 857 434 1007 491">
    <p class='ocr_par' dir='ltr' id='par_1_2' title="bbox 857 434 1007 491">
     <span class='ocr_line' id='line_1_2' title="bbox 857 434 1007 491; baseline 0 -1"><span class='ocrx_word' id='word_1_4' title='bbox 857 434 1007 491; x_wconf 72' lang='lat'><strong>487</strong></span> 
     </span>
    </p>
   </div>
   <div class='ocr_carea' id='block_1_3' title="bbox 318 542 1521 630">
    <p class='ocr_par' dir='ltr' id='par_1_3' title="bbox 318 542 1521 630">
     <span class='ocr_line' id='line_1_3' title="bbox 318 542 1521 630; baseline 0.004 -23"><span class='ocrx_word' id='word_1_5' title='bbox 318 542 533 609; x_wconf 86' lang='lat' dir='ltr'><strong>tando</strong></span> <span class='ocrx_word' id='word_1_6' title='bbox 554 543 836 610; x_wconf 89' lang='lat' dir='ltr'><strong>vivimus</strong></span> <span class='ocrx_word' id='word_1_7' title='bbox 858 546 1005 612; x_wconf 91' lang='lat' dir='ltr'><strong>de0.</strong></span> <span class='ocrx_word' id='word_1_8' title='bbox 1048 544 1349 611; x_wconf 87' lang='lat' dir='ltr'><strong>Protecti</strong></span> <span class='ocrx_word' id='word_1_9' title='bbox 1370 567 1521 630; x_wconf 88' lang='lat' dir='ltr'><strong>pas-</strong></span> 
     </span>
    </p>
   </div>
   <div class='ocr_carea' id='block_1_4' title="bbox 312 634 1518 1245">
    <p class='ocr_par' dir='ltr' id='par_1_4' title="bbox 312 634 1518 1245">
     <span class='ocr_line' id='line_1_4' title="bbox 318 634 1518 718; baseline 0.003 -22"><span class='ocrx_word' id='word_1_10' title='bbox 318 634 448 697; x_wconf 90' lang='lat' dir='ltr'><strong>che</strong></span> <span class='ocrx_word' id='word_1_11' title='bbox 494 654 767 717; x_wconf 88' lang='lat' dir='ltr'><strong>vespere</strong></span> <span class='ocrx_word' id='word_1_12' title='bbox 815 654 856 697; x_wconf 88' lang='lat' dir='ltr'><strong>a</strong></span> <span class='ocrx_word' id='word_1_13' title='bbox 899 636 1287 699; x_wconf 84' lang='lat' dir='ltr'><strong>devastante</strong></span> <span class='ocrx_word' id='word_1_14' title='bbox 1319 656 1518 718; x_wconf 86' lang='lat' dir='ltr'><strong>ange-</strong></span> 
     </span>
     <span class='ocr_line' id='line_1_5' title="bbox 316 720 1517 806; baseline 0.004 -23"><span class='ocrx_word' id='word_1_15' title='bbox 316 720 423 785; x_wconf 84' lang='lat' dir='ltr'><strong>lo:</strong></span> <span class='ocrx_word' id='word_1_16' title='bbox 452 724 661 805; x_wconf 84' lang='lat' dir='ltr'>erepti</span> <span class='ocrx_word' id='word_1_17' title='bbox 684 722 769 785; x_wconf 91' lang='lat' dir='ltr'><strong>de</strong></span> <span class='ocrx_word' id='word_1_18' title='bbox 798 722 1148 787; x_wconf 89' lang='lat' dir='ltr'><strong>durissimo</strong></span> <span class='ocrx_word' id='word_1_19' title='bbox 1166 724 1517 806; x_wconf 86' lang='lat' dir='ltr'>pharaonis</span> 
     </span>
     <span class='ocr_line' id='line_1_6' title="bbox 316 808 1515 893; baseline 0.006 -24"><span class='ocrx_word' id='word_1_20' title='bbox 316 808 617 891; x_wconf 78' lang='lat' dir='ltr'><strong>imperio,</strong></span> <span class='ocrx_word' id='word_1_21' title='bbox 713 810 880 885; x_wconf 86' lang='lat' dir='ltr'><strong>Jam</strong></span> <span class='ocrx_word' id='word_1_22' title='bbox 910 812 1193 893; x_wconf 81' lang='lat' dir='ltr'><strong>pascha¹</strong></span> <span class='ocrx_word' id='word_1_23' title='bbox 1218 821 1515 877; x_wconf 89' lang='lat' dir='ltr'><strong>nostrum</strong></span> 
     </span>
     <span class='ocr_line' id='line_1_7' title="bbox 318 897 1515 983; baseline 0.002 -21"><span class='ocrx_word' id='word_1_24' title='bbox 318 897 629 962; x_wconf 90' lang='lat' dir='ltr'><strong>Christus</strong></span> <span class='ocrx_word' id='word_1_25' title='bbox 658 907 799 963; x_wconf 90' lang='lat' dir='ltr'><strong>est:</strong></span> <span class='ocrx_word' id='word_1_26' title='bbox 845 902 957 981; x_wconf 91' lang='lat' dir='ltr'><strong>qui</strong></span> <span class='ocrx_word' id='word_1_27' title='bbox 990 900 1369 964; x_wconf 90' lang='lat' dir='ltr'><strong>immolatus</strong></span> <span class='ocrx_word' id='word_1_28' title='bbox 1401 921 1515 983; x_wconf 86' lang='lat' dir='ltr'><strong>ag-</strong></span> 
     </span>
     <span class='ocr_line' id='line_1_8' title="bbox 316 990 1513 1070; baseline 0.005 -23"><span class='ocrx_word' id='word_1_29' title='bbox 316 1004 447 1048; x_wconf 88' lang='lat' dir='ltr'><strong>nus</strong></span> <span class='ocrx_word' id='word_1_30' title='bbox 471 996 605 1049; x_wconf 91' lang='lat' dir='ltr'><strong>est:</strong></span> <span class='ocrx_word' id='word_1_31' title='bbox 636 990 1053 1069; x_wconf 88' lang='lat' dir='ltr'><strong>synceritatis</strong></span> <span class='ocrx_word' id='word_1_32' title='bbox 1075 990 1513 1070; x_wconf 84' lang='lat' dir='ltr'><strong>azyma²caro</strong></span> 
     </span>
     <span class='ocr_line' id='line_1_9' title="bbox 314 1073 1514 1158; baseline 0.005 -23"><span class='ocrx_word' id='word_1_33' title='bbox 314 1073 465 1153; x_wconf 85' lang='lat' dir='ltr'><strong>ejus</strong></span> <span class='ocrx_word' id='word_1_34' title='bbox 484 1074 709 1138; x_wconf 89' lang='lat' dir='ltr'><strong>oblata</strong></span> <span class='ocrx_word' id='word_1_35' title='bbox 728 1084 847 1139; x_wconf 81' lang='lat' dir='ltr'><strong>est.</strong></span> <span class='ocrx_word' id='word_1_36' title='bbox 895 1076 954 1142; x_wconf 94' lang='lat' dir='ltr'><strong>O</strong></span> <span class='ocrx_word' id='word_1_37' title='bbox 971 1096 1123 1140; x_wconf 88' lang='lat' dir='ltr'><strong>vere</strong></span> <span class='ocrx_word' id='word_1_38' title='bbox 1141 1078 1345 1158; x_wconf 86' lang='lat' dir='ltr'><strong>digna</strong></span> <span class='ocrx_word' id='word_1_39' title='bbox 1361 1078 1514 1141; x_wconf 91' lang='lat' dir='ltr'><strong>hos-</strong></span> 
     </span>
     <span class='ocr_line' id='line_1_10' title="bbox 312 1162 1513 1245; baseline 0.003 -20"><span class='ocrx_word' id='word_1_40' title='bbox 312 1162 412 1225; x_wconf 89' lang='lat' dir='ltr'><strong>tia</strong></span> <span class='ocrx_word' id='word_1_41' title='bbox 450 1182 571 1244; x_wconf 91' lang='lat' dir='ltr'><strong>per</strong></span> <span class='ocrx_word' id='word_1_42' title='bbox 599 1183 799 1245; x_wconf 89' lang='lat' dir='ltr'><strong>quam</strong></span> <span class='ocrx_word' id='word_1_43' title='bbox 830 1162 1039 1228; x_wconf 89' lang='lat' dir='ltr'><strong>fracta</strong></span> <span class='ocrx_word' id='word_1_44' title='bbox 1083 1174 1237 1228; x_wconf 91' lang='lat' dir='ltr'><strong>sunt</strong></span> <span class='ocrx_word' id='word_1_45' title='bbox 1266 1174 1513 1230; x_wconf 87' lang='lat' dir='ltr'><strong>tartara</strong></span> 
     </span>
    </p>
   </div>
   <div class='ocr_carea' id='block_1_5' title="bbox 187 1250 1511 1335">
    <p class='ocr_par' dir='ltr' id='par_1_5' title="bbox 187 1250 1511 1335">
     <span class='ocr_line' id='line_1_11' title="bbox 187 1250 1511 1335; baseline 0.005 -24"><span class='ocrx_word' id='word_1_46' title='bbox 187 1267 209 1292; x_wconf 89' lang='lat'><strong>·</strong></span> <span class='ocrx_word' id='word_1_47' title='bbox 312 1250 664 1333; x_wconf 88' lang='lat' dir='ltr'><strong>redempta</strong></span> <span class='ocrx_word' id='word_1_48' title='bbox 692 1252 881 1333; x_wconf 88' lang='lat' dir='ltr'>plebs</span> <span class='ocrx_word' id='word_1_49' title='bbox 904 1254 1273 1335; x_wconf 79' lang='lat' dir='ltr'><strong>captivata⁸</strong></span> <span class='ocrx_word' id='word_1_50' title='bbox 1295 1254 1511 1318; x_wconf 89' lang='lat' dir='ltr'><strong>reddi-</strong></span> 
     </span>
    </p>
   </div>
   <div class='ocr_carea' id='block_1_6' title="bbox 270 1339 1509 4455">
    <p class='ocr_par' dir='ltr' id='par_1_6' title="bbox 270 1339 1509 4455">
     <span class='ocr_line' id='line_1_12' title="bbox 308 1339 1505 1423; baseline 0.004 -23"><span class='ocrx_word' id='word_1_51' title='bbox 308 1344 387 1400; x_wconf 87' lang='lat' dir='ltr'><strong>ta</strong></span> <span class='ocrx_word' id='word_1_52' title='bbox 415 1339 554 1402; x_wconf 88' lang='lat' dir='ltr'><strong>vite</strong></span> <span class='ocrx_word' id='word_1_53' title='bbox 583 1342 852 1421; x_wconf 91' lang='lat' dir='ltr'><strong>premia.</strong></span> <span class='ocrx_word' id='word_1_54' title='bbox 916 1340 1263 1423; x_wconf 82' lang='lat' dir='ltr'><strong>Consurgit</strong></span> <span class='ocrx_word' id='word_1_55' title='bbox 1289 1342 1505 1406; x_wconf 87' lang='lat' dir='ltr'>Chris-</span> 
     </span>
     <span class='ocr_line' id='line_1_13' title="bbox 308 1427 1509 1494; baseline 0.006 -7"><span class='ocrx_word' id='word_1_56' title='bbox 308 1434 423 1488; x_wconf 86' lang='lat' dir='ltr'><strong>tus</strong></span> <span class='ocrx_word' id='word_1_57' title='bbox 453 1427 788 1493; x_wconf 90' lang='lat' dir='ltr'><strong>tumulo⁴:</strong></span> <span class='ocrx_word' id='word_1_58' title='bbox 833 1430 1044 1494; x_wconf 89' lang='lat' dir='ltr'><strong>victor</strong></span> <span class='ocrx_word' id='word_1_59' title='bbox 1077 1431 1249 1494; x_wconf 89' lang='lat' dir='ltr'><strong>redit</strong></span> <span class='ocrx_word' id='word_1_60' title='bbox 1277 1430 1362 1493; x_wconf 90' lang='lat' dir='ltr'><strong>de</strong></span> <span class='ocrx_word' id='word_1_61' title='bbox 1393 1431 1509 1494; x_wconf 91' lang='lat' dir='ltr'><strong>ba·</strong></span> 
     </span>
     <span class='ocr_line' id='line_1_14' title="bbox 306 1518 1509 1597; baseline 0.004 -21"><span class='ocrx_word' id='word_1_62' title='bbox 306 1523 491 1578; x_wconf 90' lang='lat' dir='ltr'><strong>ratro</strong></span> <span class='ocrx_word' id='word_1_63' title='bbox 518 1538 532 1578; x_wconf 92' lang='lat'><strong>:</strong></span> <span class='ocrx_word' id='word_1_64' title='bbox 564 1524 922 1597; x_wconf 89' lang='lat' dir='ltr'><strong>tyrannum</strong></span> <span class='ocrx_word' id='word_1_65' title='bbox 946 1518 1215 1582; x_wconf 86' lang='lat' dir='ltr'><strong>trudens</strong></span> <span class='ocrx_word' id='word_1_66' title='bbox 1243 1518 1509 1583; x_wconf 86' lang='lat' dir='ltr'><strong>vinculo</strong></span> 
     </span>
     <span class='ocr_line' id='line_1_15' title="bbox 305 1606 1506 1687; baseline 0.005 -23"><span class='ocrx_word' id='word_1_67' title='bbox 305 1610 381 1665; x_wconf 88' lang='lat' dir='ltr'><strong>et</strong></span> <span class='ocrx_word' id='word_1_68' title='bbox 425 1610 721 1668; x_wconf 85' lang='lat' dir='ltr'><strong>reserans</strong></span> <span class='ocrx_word' id='word_1_69' title='bbox 766 1607 1159 1687; x_wconf 86' lang='lat' dir='ltr'><strong>paradisum.</strong></span> <span class='ocrx_word' id='word_1_70' title='bbox 1256 1606 1506 1685; x_wconf 81' lang='lat' dir='ltr'><strong>Quesu-</strong></span> 
     </span>
     <span class='ocr_line' id='line_1_16' title="bbox 306 1694 1503 1760; baseline 0.007 -8"><span class='ocrx_word' id='word_1_71' title='bbox 306 1710 459 1754; x_wconf 88' lang='lat' dir='ltr'><strong>mus</strong></span> <span class='ocrx_word' id='word_1_72' title='bbox 491 1702 734 1756; x_wconf 84' lang='lat' dir='ltr'><strong>auctor.</strong></span> <span class='ocrx_word' id='word_1_73' title='bbox 818 1694 1041 1758; x_wconf 86' lang='lat' dir='ltr'><strong>Gloria</strong></span> <span class='ocrx_word' id='word_1_74' title='bbox 1068 1695 1188 1758; x_wconf 90' lang='lat' dir='ltr'><strong>tibi</strong></span> <span class='ocrx_word' id='word_1_75' title='bbox 1222 1694 1503 1760; x_wconf 88' lang='lat' dir='ltr'><strong>domine.</strong></span> 
     </span>
     <span class='ocr_line' id='line_1_17' title="bbox 306 1780 1509 1865; baseline 0.003 -23"><span class='ocrx_word' id='word_1_76' title='bbox 306 1796 359 1864; x_wconf 70' lang='grc' dir='ltr'><strong><em>γ</em></strong></span> <span class='ocrx_word' id='word_1_77' title='bbox 404 1780 611 1865; x_wconf 84' lang='lat' dir='ltr'><strong>Mane</strong></span> <span class='ocrx_word' id='word_1_78' title='bbox 642 1781 1001 1847; x_wconf 90' lang='lat' dir='ltr'><strong>nobiscum.</strong></span> <span class='ocrx_word' id='word_1_79' title='bbox 1076 1783 1178 1845; x_wconf 90' lang='lat' dir='ltr'><strong>Et</strong></span> <span class='ocrx_word' id='word_1_80' title='bbox 1202 1782 1509 1847; x_wconf 85' lang='lat' dir='ltr'><strong>dicantur</strong></span> 
     </span>
     <span class='ocr_line' id='line_1_18' title="bbox 304 1867 1509 1952; baseline 0.004 -22"><span class='ocrx_word' id='word_1_81' title='bbox 304 1867 653 1949; x_wconf 73' lang='lat' dir='ltr'><strong>antiphone</strong></span> <span class='ocrx_word' id='word_1_82' title='bbox 665 1870 918 1950; x_wconf 82' lang='lat' dir='ltr'><strong>psalmi</strong></span> <span class='ocrx_word' id='word_1_83' title='bbox 956 1870 1237 1952; x_wconf 88' lang='lat' dir='ltr'><strong>capitula</strong></span> <span class='ocrx_word' id='word_1_84' title='bbox 1278 1870 1509 1951; x_wconf 73' lang='lat' dir='ltr'><strong>hymni</strong></span> 
     </span>
     <span class='ocr_line' id='line_1_19' title="bbox 302 1957 1501 2023; baseline 0.004 -5"><span class='ocrx_word' id='word_1_85' title='bbox 302 1964 373 2018; x_wconf 87' lang='lat' dir='ltr'><strong>et</strong></span> <span class='ocrx_word' id='word_1_86' title='bbox 410 1957 718 2020; x_wconf 86' lang='lat' dir='ltr'><strong>versiculi</strong></span> <span class='ocrx_word' id='word_1_87' title='bbox 756 1959 827 2020; x_wconf 88' lang='lat' dir='ltr'><strong>in</strong></span> <span class='ocrx_word' id='word_1_88' title='bbox 856 1958 1197 2022; x_wconf 71' lang='lat' dir='ltr'><strong>dominicis·</strong></span> <span class='ocrx_word' id='word_1_89' title='bbox 1236 1960 1329 2022; x_wconf 88' lang='lat' dir='ltr'><strong>ad</strong></span> <span class='ocrx_word' id='word_1_90' title='bbox 1368 1980 1501 2023; x_wconf 86' lang='lat' dir='ltr'><strong>ves-</strong></span> 
     </span>
     <span class='ocr_line' id='line_1_20' title="bbox 284 2047 1501 2128; baseline 0.005 -23"><span class='ocrx_word' id='word_1_91' title='bbox 284 2054 493 2125; x_wconf 87' lang='lat' dir='ltr'><strong>peras</strong></span> <span class='ocrx_word' id='word_1_92' title='bbox 549 2066 745 2128; x_wconf 84' lang='lat' dir='ltr'><strong>usque</strong></span> <span class='ocrx_word' id='word_1_93' title='bbox 793 2047 891 2110; x_wconf 89' lang='lat' dir='ltr'><strong>ad</strong></span> <span class='ocrx_word' id='word_1_94' title='bbox 927 2048 1346 2110; x_wconf 81' lang='lat' dir='ltr'><strong>ascensionem</strong></span> <span class='ocrx_word' id='word_1_95' title='bbox 1391 2048 1501 2111; x_wconf 93' lang='lat' dir='ltr'><strong>do-</strong></span> 
     </span>
     <span class='ocr_line' id='line_1_21' title="bbox 302 2132 1498 2217; baseline 0.004 -23"><span class='ocrx_word' id='word_1_96' title='bbox 302 2132 480 2195; x_wconf 83' lang='lat' dir='ltr'><strong>mini</strong></span> <span class='ocrx_word' id='word_1_97' title='bbox 504 2134 759 2215; x_wconf 83' lang='lat' dir='ltr'><strong>quando</strong></span> <span class='ocrx_word' id='word_1_98' title='bbox 793 2134 874 2197; x_wconf 91' lang='lat' dir='ltr'><strong>de</strong></span> <span class='ocrx_word' id='word_1_99' title='bbox 912 2135 1232 2198; x_wconf 88' lang='lat' dir='ltr'><strong>dominica</strong></span> <span class='ocrx_word' id='word_1_100' title='bbox 1260 2136 1498 2217; x_wconf 77' lang='lat' dir='ltr'><strong>agitur.</strong></span> 
     </span>
     <span class='ocr_line' id='line_1_22' title="bbox 298 2220 1497 2305; baseline 0.004 -22"><span class='ocrx_word' id='word_1_101' title='bbox 298 2220 391 2283; x_wconf 87' lang='lat' dir='ltr'><strong>In</strong></span> <span class='ocrx_word' id='word_1_102' title='bbox 448 2242 700 2305; x_wconf 80' lang='lat' dir='ltr'><strong>evange.</strong></span> <span class='ocrx_word' id='word_1_103' title='bbox 759 2232 867 2287; x_wconf 80' lang='grc' dir='ltr'><strong>αῆ.</strong></span> <span class='ocrx_word' id='word_1_104' title='bbox 967 2224 1164 2287; x_wconf 90' lang='lat' dir='ltr'><strong>Mitte</strong></span> <span class='ocrx_word' id='word_1_105' title='bbox 1225 2244 1497 2288; x_wconf 88' lang='lat' dir='ltr'><strong>manum</strong></span> 
     </span>
     <span class='ocr_line' id='line_1_23' title="bbox 300 2311 1497 2393; baseline 0.003 -21"><span class='ocrx_word' id='word_1_106' title='bbox 300 2317 491 2373; x_wconf 89' lang='lat' dir='ltr'><strong>tuam</strong></span> <span class='ocrx_word' id='word_1_107' title='bbox 522 2319 592 2374; x_wconf 87' lang='lat' dir='ltr'><strong>et</strong></span> <span class='ocrx_word' id='word_1_108' title='bbox 622 2330 945 2393; x_wconf 85' lang='lat' dir='ltr'>cognosce</span> <span class='ocrx_word' id='word_1_109' title='bbox 990 2312 1133 2379; x_wconf 88' lang='lat' dir='ltr'><strong>loca</strong></span> <span class='ocrx_word' id='word_1_110' title='bbox 1162 2311 1497 2376; x_wconf 91' lang='lat' dir='ltr'><strong>clavorum</strong></span> 
     </span>
     <span class='ocr_line' id='line_1_24' title="bbox 299 2397 1496 2466; baseline 0.004 -6"><span class='ocrx_word' id='word_1_111' title='bbox 299 2397 490 2462; x_wconf 85' lang='lat' dir='ltr'><strong>all&#39;a:</strong></span> <span class='ocrx_word' id='word_1_112' title='bbox 555 2407 623 2463; x_wconf 90' lang='lat' dir='ltr'><strong>et</strong></span> <span class='ocrx_word' id='word_1_113' title='bbox 683 2398 817 2462; x_wconf 91' lang='lat' dir='ltr'><strong>noli</strong></span> <span class='ocrx_word' id='word_1_114' title='bbox 871 2420 1015 2463; x_wconf 86' lang='lat' dir='ltr'><strong>esse</strong></span> <span class='ocrx_word' id='word_1_115' title='bbox 1074 2400 1496 2466; x_wconf 88' lang='lat' dir='ltr'><strong>incredulus:</strong></span> 
     </span>
     <span class='ocr_line' id='line_1_25' title="bbox 298 2486 1494 2572; baseline 0.005 -24"><span class='ocrx_word' id='word_1_116' title='bbox 298 2486 419 2548; x_wconf 89' lang='lat' dir='ltr'><strong>sed</strong></span> <span class='ocrx_word' id='word_1_117' title='bbox 454 2486 667 2552; x_wconf 84' lang='lat' dir='ltr'><strong>fidelis</strong></span> <span class='ocrx_word' id='word_1_118' title='bbox 697 2487 860 2552; x_wconf 86' lang='lat' dir='ltr'><strong>all’a.</strong></span> <span class='ocrx_word' id='word_1_119' title='bbox 934 2496 1037 2570; x_wconf 81' lang='lat' dir='ltr'><strong>ps‘.</strong></span> <span class='ocrx_word' id='word_1_120' title='bbox 1090 2488 1494 2572; x_wconf 84' lang='lat' dir='ltr'><strong>Magnificat.</strong></span> 
     </span>
     <span class='ocr_line' id='line_1_26' title="bbox 305 2573 1496 2659; baseline 0.001 -20"><span class='ocrx_word' id='word_1_121' title='bbox 305 2573 541 2639; x_wconf 84' lang='lat' dir='ltr'><strong>Oratio</strong></span> <span class='ocrx_word' id='word_1_122' title='bbox 615 2577 844 2640; x_wconf 89' lang='lat' dir='ltr'><strong>Presta</strong></span> <span class='ocrx_word' id='word_1_123' title='bbox 883 2597 1239 2659; x_wconf 88' lang='lat' dir='ltr'><strong>quesumus</strong></span> <span class='ocrx_word' id='word_1_124' title='bbox 1285 2579 1496 2641; x_wconf 87' lang='lat' dir='ltr'><strong>omni-</strong></span> 
     </span>
     <span class='ocr_line' id='line_1_27' title="bbox 298 2663 1496 2744; baseline 0.003 -17"><span class='ocrx_word' id='word_1_125' title='bbox 298 2673 557 2744; x_wconf 80' lang='lat' dir='ltr'><strong>potenS.</strong></span> <span class='ocrx_word' id='word_1_126' title='bbox 600 2663 927 2728; x_wconf 86' lang='lat' dir='ltr'><strong>Memoria</strong></span> <span class='ocrx_word' id='word_1_127' title='bbox 943 2665 1023 2728; x_wconf 92' lang='lat' dir='ltr'><strong>de</strong></span> <span class='ocrx_word' id='word_1_128' title='bbox 1038 2667 1496 2731; x_wconf 85' lang='lat' dir='ltr'><strong>resurrectione.</strong></span> 
     </span>
     <span class='ocr_line' id='line_1_28' title="bbox 293 2752 1497 2839; baseline 0.005 -26"><span class='ocrx_word' id='word_1_129' title='bbox 293 2760 401 2816; x_wconf 70' lang='lat' dir='ltr'><strong>an.</strong></span> <span class='ocrx_word' id='word_1_130' title='bbox 454 2752 733 2816; x_wconf 86' lang='lat' dir='ltr'>Crucem</span> <span class='ocrx_word' id='word_1_131' title='bbox 780 2763 1096 2818; x_wconf 86' lang='lat' dir='ltr'><strong>sanctam.</strong></span> <span class='ocrx_word' id='word_1_132' title='bbox 1184 2772 1232 2839; x_wconf 71' lang='grc' dir='ltr'>γ</span> <span class='ocrx_word' id='word_1_133' title='bbox 1276 2755 1497 2819; x_wconf 88' lang='lat' dir='ltr'>Dicite</span> 
     </span>
     <span class='ocr_line' id='line_1_29' title="bbox 298 2840 1493 2926; baseline 0.004 -24"><span class='ocrx_word' id='word_1_134' title='bbox 298 2841 367 2902; x_wconf 90' lang='lat' dir='ltr'><strong>in</strong></span> <span class='ocrx_word' id='word_1_135' title='bbox 401 2840 797 2905; x_wconf 72' lang='lat' dir='ltr'><strong>nationibus</strong></span> <span class='ocrx_word' id='word_1_136' title='bbox 872 2842 1103 2907; x_wconf 83' lang='lat' dir='ltr'><strong>Oratio</strong></span> <span class='ocrx_word' id='word_1_137' title='bbox 1166 2843 1349 2906; x_wconf 91' lang='lat' dir='ltr'><strong>Deus</strong></span> <span class='ocrx_word' id='word_1_138' title='bbox 1380 2845 1493 2926; x_wconf 88' lang='lat' dir='ltr'><strong>qui</strong></span> 
     </span>
     <span class='ocr_line' id='line_1_30' title="bbox 297 2929 1493 3010; baseline 0.004 -20"><span class='ocrx_word' id='word_1_139' title='bbox 297 2947 421 3010; x_wconf 86' lang='lat' dir='ltr'><strong>pro</strong></span> <span class='ocrx_word' id='word_1_140' title='bbox 454 2930 660 2994; x_wconf 89' lang='lat' dir='ltr'><strong>nobis.</strong></span> <span class='ocrx_word' id='word_1_141' title='bbox 722 2930 828 2993; x_wconf 90' lang='lat' dir='ltr'><strong>De</strong></span> <span class='ocrx_word' id='word_1_142' title='bbox 852 2929 1117 2993; x_wconf 84' lang='lat' dir='ltr'><strong>domina</strong></span> <span class='ocrx_word' id='word_1_143' title='bbox 1146 2940 1248 2995; x_wconf 73' lang='lat' dir='ltr'><strong>an.</strong></span> <span class='ocrx_word' id='word_1_144' title='bbox 1300 2932 1493 2995; x_wconf 90' lang='lat' dir='ltr'><strong>Para-</strong></span> 
     </span>
     <span class='ocr_line' id='line_1_31' title="bbox 295 3016 1492 3101; baseline 0.006 -23"><span class='ocrx_word' id='word_1_145' title='bbox 295 3016 441 3080; x_wconf 86' lang='lat' dir='ltr'><strong>disi.</strong></span> <span class='ocrx_word' id='word_1_146' title='bbox 536 3034 581 3101; x_wconf 69' lang='grc' dir='ltr'>γ</span> <span class='ocrx_word' id='word_1_147' title='bbox 648 3018 806 3082; x_wconf 91' lang='lat' dir='ltr'><strong>Post</strong></span> <span class='ocrx_word' id='word_1_148' title='bbox 864 3021 1145 3101; x_wconf 85' lang='lat' dir='ltr'><strong>partum.</strong></span> <span class='ocrx_word' id='word_1_149' title='bbox 1244 3019 1492 3085; x_wconf 83' lang='lat' dir='ltr'><strong>Oratio.</strong></span> 
     </span>
     <span class='ocr_line' id='line_1_32' title="bbox 296 3104 1491 3171; baseline 0.005 -6"><span class='ocrx_word' id='word_1_150' title='bbox 296 3104 601 3170; x_wconf 83' lang='lat' dir='ltr'><strong>Gratiam</strong></span> <span class='ocrx_word' id='word_1_151' title='bbox 626 3115 830 3170; x_wconf 88' lang='lat' dir='ltr'><strong>tuam.</strong></span> <span class='ocrx_word' id='word_1_152' title='bbox 876 3106 982 3169; x_wconf 90' lang='lat' dir='ltr'><strong>De</strong></span> <span class='ocrx_word' id='word_1_153' title='bbox 999 3107 1291 3170; x_wconf 89' lang='lat' dir='ltr'><strong>omnibus</strong></span> <span class='ocrx_word' id='word_1_154' title='bbox 1310 3129 1491 3171; x_wconf 89' lang='lat' dir='ltr'><strong>sanc-</strong></span> 
     </span>
     <span class='ocr_line' id='line_1_33' title="bbox 294 3193 1489 3260; baseline 0.004 -5"><span class='ocrx_word' id='word_1_155' title='bbox 294 3193 385 3256; x_wconf 89' lang='lat' dir='ltr'><strong>tis</strong></span> <span class='ocrx_word' id='word_1_156' title='bbox 412 3202 519 3258; x_wconf 73' lang='lat' dir='ltr'><strong>an.</strong></span> <span class='ocrx_word' id='word_1_157' title='bbox 590 3195 819 3260; x_wconf 87' lang='lat' dir='ltr'><strong>Sancti</strong></span> <span class='ocrx_word' id='word_1_158' title='bbox 864 3196 961 3258; x_wconf 89' lang='lat' dir='ltr'><strong>tui</strong></span> <span class='ocrx_word' id='word_1_159' title='bbox 1005 3195 1271 3259; x_wconf 88' lang='lat' dir='ltr'><strong>domine</strong></span> <span class='ocrx_word' id='word_1_160' title='bbox 1303 3195 1489 3260; x_wconf 86' lang='lat' dir='ltr'><strong>flore-</strong></span> 
     </span>
     <span class='ocr_line' id='line_1_34' title="bbox 292 3281 1490 3349; baseline 0.004 -5"><span class='ocrx_word' id='word_1_161' title='bbox 292 3281 466 3346; x_wconf 90' lang='lat' dir='ltr'><strong>bunt</strong></span> <span class='ocrx_word' id='word_1_162' title='bbox 539 3283 710 3346; x_wconf 92' lang='lat' dir='ltr'><strong>sicut</strong></span> <span class='ocrx_word' id='word_1_163' title='bbox 783 3282 991 3345; x_wconf 88' lang='lat' dir='ltr'><strong>lilium</strong></span> <span class='ocrx_word' id='word_1_164' title='bbox 1046 3283 1345 3348; x_wconf 86' lang='lat' dir='ltr'><strong>alleluia:</strong></span> <span class='ocrx_word' id='word_1_165' title='bbox 1422 3295 1490 3349; x_wconf 92' lang='lat' dir='ltr'><strong>et</strong></span> 
     </span>
     <span class='ocr_line' id='line_1_35' title="bbox 292 3370 1493 3437; baseline 0.004 -5"><span class='ocrx_word' id='word_1_166' title='bbox 292 3371 466 3434; x_wconf 89' lang='lat' dir='ltr'><strong>sicut</strong></span> <span class='ocrx_word' id='word_1_167' title='bbox 496 3371 662 3434; x_wconf 89' lang='lat' dir='ltr'><strong>odor</strong></span> <span class='ocrx_word' id='word_1_168' title='bbox 690 3370 968 3435; x_wconf 88' lang='lat' dir='ltr'><strong>balsami</strong></span> <span class='ocrx_word' id='word_1_169' title='bbox 1014 3381 1205 3436; x_wconf 88' lang='lat' dir='ltr'><strong>erunt</strong></span> <span class='ocrx_word' id='word_1_170' title='bbox 1234 3382 1390 3436; x_wconf 90' lang='lat' dir='ltr'><strong>ante</strong></span> <span class='ocrx_word' id='word_1_171' title='bbox 1424 3383 1493 3437; x_wconf 90' lang='lat' dir='ltr'><strong>te</strong></span> 
     </span>
     <span class='ocr_line' id='line_1_36' title="bbox 293 3455 1488 3532; baseline 0.007 -12"><span class='ocrx_word' id='word_1_172' title='bbox 293 3459 463 3522; x_wconf 83' lang='lat' dir='ltr'><strong>all&#39;a.</strong></span> <span class='ocrx_word' id='word_1_173' title='bbox 558 3455 611 3532; x_wconf 74' lang='grc' dir='ltr'><em>Ῡ</em></span> <span class='ocrx_word' id='word_1_174' title='bbox 676 3460 834 3523; x_wconf 85' lang='lat' dir='ltr'><strong>Vox</strong></span> <span class='ocrx_word' id='word_1_175' title='bbox 895 3459 1126 3524; x_wconf 88' lang='lat' dir='ltr'><strong>leticie.</strong></span> <span class='ocrx_word' id='word_1_176' title='bbox 1242 3461 1488 3528; x_wconf 83' lang='lat' dir='ltr'><strong>Oratio.</strong></span> 
     </span>
     <span class='ocr_line' id='line_1_37' title="bbox 297 3547 1486 3630; baseline 0.003 -21"><span class='ocrx_word' id='word_1_177' title='bbox 297 3547 528 3610; x_wconf 87' lang='lat' dir='ltr'><strong>Presta</strong></span> <span class='ocrx_word' id='word_1_178' title='bbox 586 3567 961 3630; x_wconf 83' lang='lat' dir='ltr'><strong>quesumus,</strong></span> <span class='ocrx_word' id='word_1_179' title='bbox 1054 3548 1186 3630; x_wconf 83' lang='lat' dir='ltr'><strong>Qui</strong></span> <span class='ocrx_word' id='word_1_180' title='bbox 1247 3558 1486 3614; x_wconf 88' lang='lat' dir='ltr'><strong>tecum.</strong></span> 
     </span>
     <span class='ocr_line' id='line_1_38' title="bbox 294 3635 1491 3718; baseline 0.003 -21"><span class='ocrx_word' id='word_1_181' title='bbox 294 3635 393 3698; x_wconf 89' lang='lat' dir='ltr'><strong>Et</strong></span> <span class='ocrx_word' id='word_1_182' title='bbox 410 3655 556 3697; x_wconf 88' lang='lat' dir='ltr'><strong>cum</strong></span> <span class='ocrx_word' id='word_1_183' title='bbox 588 3635 735 3698; x_wconf 86' lang='lat' dir='ltr'><strong>istis</strong></span> <span class='ocrx_word' id='word_1_184' title='bbox 762 3635 1132 3718; x_wconf 77' lang='lat' dir='ltr'><strong>antiphonis</strong></span> <span class='ocrx_word' id='word_1_185' title='bbox 1158 3638 1491 3701; x_wconf 85' lang='lat' dir='ltr'><strong>versiculis</strong></span> 
     </span>
     <span class='ocr_line' id='line_1_39' title="bbox 292 3724 1487 3806; baseline 0.004 -21"><span class='ocrx_word' id='word_1_186' title='bbox 292 3733 357 3786; x_wconf 86' lang='lat' dir='ltr'><strong>et</strong></span> <span class='ocrx_word' id='word_1_187' title='bbox 399 3724 796 3788; x_wconf 87' lang='lat' dir='ltr'><strong>orationibus</strong></span> <span class='ocrx_word' id='word_1_188' title='bbox 824 3725 1009 3806; x_wconf 89' lang='lat' dir='ltr'><strong>fiant</strong></span> <span class='ocrx_word' id='word_1_189' title='bbox 1068 3727 1365 3788; x_wconf 86' lang='lat' dir='ltr'><strong>memorie</strong></span> <span class='ocrx_word' id='word_1_190' title='bbox 1416 3727 1487 3790; x_wconf 89' lang='lat' dir='ltr'><strong>in</strong></span> 
     </span>
     <span class='ocr_line' id='line_1_40' title="bbox 291 3810 1486 3896; baseline 0.003 -23"><span class='ocrx_word' id='word_1_191' title='bbox 291 3810 589 3875; x_wconf 87' lang='lat' dir='ltr'><strong>omnibus</strong></span> <span class='ocrx_word' id='word_1_192' title='bbox 632 3812 924 3876; x_wconf 88' lang='lat' dir='ltr'><strong>secundis</strong></span> <span class='ocrx_word' id='word_1_193' title='bbox 973 3814 1250 3896; x_wconf 87' lang='lat' dir='ltr'><strong>vesperis</strong></span> <span class='ocrx_word' id='word_1_194' title='bbox 1282 3815 1486 3877; x_wconf 91' lang='lat' dir='ltr'><strong>domi-</strong></span> 
     </span>
     <span class='ocr_line' id='line_1_41' title="bbox 290 3900 1488 3984; baseline 0.003 -22"><span class='ocrx_word' id='word_1_195' title='bbox 290 3900 609 3964; x_wconf 86' lang='lat' dir='ltr'><strong>nicalibus</strong></span> <span class='ocrx_word' id='word_1_196' title='bbox 627 3923 651 3964; x_wconf 93' lang='grc'><strong>.·</strong></span> <span class='ocrx_word' id='word_1_197' title='bbox 678 3911 743 3964; x_wconf 90' lang='lat' dir='ltr'><strong>et</strong></span> <span class='ocrx_word' id='word_1_198' title='bbox 760 3901 829 3963; x_wconf 89' lang='lat' dir='ltr'><strong>in</strong></span> <span class='ocrx_word' id='word_1_199' title='bbox 852 3902 1146 3965; x_wconf 88' lang='lat' dir='ltr'><strong>omnibus</strong></span> <span class='ocrx_word' id='word_1_200' title='bbox 1174 3904 1447 3984; x_wconf 80' lang='lat' dir='ltr'><strong>vesperis</strong></span> <span class='ocrx_word' id='word_1_201' title='bbox 1462 3904 1488 3942; x_wconf 77' lang='lat'>⁵</span> 
     </span>
     <span class='ocr_line' id='line_1_42' title="bbox 270 3989 1487 4073; baseline 0.003 -23"><span class='ocrx_word' id='word_1_202' title='bbox 270 3989 635 4069; x_wconf 68' lang='lat' dir='ltr'><strong>senalibus</strong></span> <span class='ocrx_word' id='word_1_203' title='bbox 662 3999 799 4052; x_wconf 89' lang='lat' dir='ltr'><strong>tam</strong></span> <span class='ocrx_word' id='word_1_204' title='bbox 832 3990 901 4052; x_wconf 91' lang='lat' dir='ltr'><strong>in</strong></span> <span class='ocrx_word' id='word_1_205' title='bbox 917 3991 1163 4072; x_wconf 86' lang='lat' dir='ltr'><strong>primis</strong></span> <span class='ocrx_word' id='word_1_206' title='bbox 1188 4012 1384 4073; x_wconf 90' lang='lat' dir='ltr'><strong>quam</strong></span> <span class='ocrx_word' id='word_1_207' title='bbox 1417 3993 1487 4054; x_wconf 87' lang='lat' dir='ltr'><strong>in</strong></span> 
     </span>
     <span class='ocr_line' id='line_1_43' title="bbox 286 4078 1487 4161; baseline 0.002 -21"><span class='ocrx_word' id='word_1_208' title='bbox 286 4078 582 4140; x_wconf 85' lang='lat' dir='ltr'><strong>secundis</strong></span> <span class='ocrx_word' id='word_1_209' title='bbox 606 4088 974 4141; x_wconf 88' lang='lat' dir='ltr'><strong>sanctorum</strong></span> <span class='ocrx_word' id='word_1_210' title='bbox 996 4101 1019 4141; x_wconf 95' lang='lat'><strong>.·</strong></span> <span class='ocrx_word' id='word_1_211' title='bbox 1058 4099 1329 4161; x_wconf 84' lang='lat' dir='ltr'><strong>quorum</strong></span> <span class='ocrx_word' id='word_1_212' title='bbox 1346 4081 1487 4160; x_wconf 88' lang='lat' dir='ltr'><strong>fes-</strong></span> 
     </span>
     <span class='ocr_line' id='line_1_44' title="bbox 290 4167 1491 4249; baseline 0.002 -21"><span class='ocrx_word' id='word_1_213' title='bbox 290 4175 361 4228; x_wconf 87' lang='lat' dir='ltr'><strong>ta</strong></span> <span class='ocrx_word' id='word_1_214' title='bbox 392 4177 521 4246; x_wconf 88' lang='lat' dir='ltr'><strong>pro</strong></span> <span class='ocrx_word' id='word_1_215' title='bbox 572 4167 649 4229; x_wconf 79' lang='lat' dir='ltr'><strong>ix</strong></span> <span class='ocrx_word' id='word_1_216' title='bbox 688 4167 1023 4230; x_wconf 86' lang='lat' dir='ltr'><strong>lectionum</strong></span> <span class='ocrx_word' id='word_1_217' title='bbox 1079 4188 1187 4230; x_wconf 87' lang='lat' dir='ltr'><strong>seu</strong></span> <span class='ocrx_word' id='word_1_218' title='bbox 1246 4168 1491 4249; x_wconf 83' lang='lat' dir='ltr'><strong>duplici</strong></span> 
     </span>
     <span class='ocr_line' id='line_1_45' title="bbox 286 4254 1485 4338; baseline 0.003 -21"><span class='ocrx_word' id='word_1_219' title='bbox 286 4254 619 4318; x_wconf 80' lang='lat' dir='ltr'><strong>habentur.</strong></span> <span class='ocrx_word' id='word_1_220' title='bbox 688 4277 884 4338; x_wconf 88' lang='lat' dir='ltr'><strong>usque</strong></span> <span class='ocrx_word' id='word_1_221' title='bbox 934 4256 1029 4319; x_wconf 89' lang='lat' dir='ltr'><strong>ad</strong></span> <span class='ocrx_word' id='word_1_222' title='bbox 1063 4259 1485 4322; x_wconf 85' lang='lat' dir='ltr'><strong>ascensionem</strong></span> 
     </span>
     <span class='ocr_line' id='line_1_46' title="bbox 392 4391 767 4455; baseline 0.005 -16"><span class='ocrx_word' id='word_1_223' title='bbox 392 4393 407 4421; x_wconf 90' lang='lat'>¹</span> <span class='ocrx_word' id='word_1_224' title='bbox 444 4391 663 4455; x_wconf 85' lang='lat' dir='ltr'><strong>pescha:</strong></span> <span class='ocrx_word' id='word_1_225' title='bbox 698 4391 767 4442; x_wconf 92' lang='lat' dir='ltr'><strong>N.</strong></span> 
     </span>
    </p>
   </div>
   <div class='ocr_carea' id='block_1_7' title="bbox 388 4458 880 4588">
    <p class='ocr_par' dir='ltr' id='par_1_7' title="bbox 388 4458 880 4588">
     <span class='ocr_line' id='line_1_47' title="bbox 388 4458 741 4508; baseline 0.008 -4"><span class='ocrx_word' id='word_1_226' title='bbox 388 4459 409 4490; x_wconf 78' lang='lat'>²</span> <span class='ocrx_word' id='word_1_227' title='bbox 439 4459 636 4507; x_wconf 84' lang='lat' dir='ltr'><strong>azima:</strong></span> <span class='ocrx_word' id='word_1_228' title='bbox 672 4458 741 4508; x_wconf 91' lang='lat' dir='ltr'><strong>N.</strong></span> 
     </span>
     <span class='ocr_line' id='line_1_48' title="bbox 390 4523 880 4588; baseline 0.008 -17"><span class='ocrx_word' id='word_1_229' title='bbox 390 4527 411 4555; x_wconf 76' lang='lat'><em>²</em></span> <span class='ocrx_word' id='word_1_230' title='bbox 450 4523 614 4588; x_wconf 81' lang='lat' dir='ltr'><strong>‘jam’</strong></span> <span class='ocrx_word' id='word_1_231' title='bbox 640 4525 777 4574; x_wconf 84' lang='lat' dir='ltr'><strong>add:</strong></span> <span class='ocrx_word' id='word_1_232' title='bbox 813 4526 880 4576; x_wconf 91' lang='lat' dir='ltr'><strong>N.</strong></span> 
     </span>
    </p>
   </div>
   <div class='ocr_carea' id='block_1_8' title="bbox 2131 436 2289 492">
    <p class='ocr_par' dir='ltr' id='par_1_8' title="bbox 2131 436 2289 492">
     <span class='ocr_line' id='line_1_49' title="bbox 2131 436 2289 492; baseline 0.013 -2"><span class='ocrx_word' id='word_1_233' title='bbox 2131 436 2289 492; x_wconf 74' lang='lat'><strong>438</strong></span> 
     </span>
    </p>
   </div>
   <div class='ocr_carea' id='block_1_9' title="bbox 1579 542 2832 4338">
    <p class='ocr_par' dir='ltr' id='par_1_9' title="bbox 1579 542 2832 4338">
     <span class='ocr_line' id='line_1_50' title="bbox 1614 542 2812 628; baseline -0.001 -17"><span class='ocrx_word' id='word_1_234' title='bbox 1614 544 1924 611; x_wconf 85' lang='lat' dir='ltr'><strong>domini:</strong></span> <span class='ocrx_word' id='word_1_235' title='bbox 1975 556 2386 628; x_wconf 83' lang='lat' dir='ltr'><strong>preterquam</strong></span> <span class='ocrx_word' id='word_1_236' title='bbox 2447 542 2518 608; x_wconf 88' lang='lat' dir='ltr'><strong>in</strong></span> <span class='ocrx_word' id='word_1_237' title='bbox 2562 544 2812 626; x_wconf 76' lang='lat' dir='ltr'><strong>primis·</strong></span> 
     </span>
     <span class='ocr_line' id='line_1_51' title="bbox 1614 634 2832 718; baseline -0.002 -19"><span class='ocrx_word' id='word_1_238' title='bbox 1614 636 1890 718; x_wconf 86' lang='lat' dir='ltr'><strong>vesperis</strong></span> <span class='ocrx_word' id='word_1_239' title='bbox 1909 658 1934 699; x_wconf 92' lang='lat'><strong>.·</strong></span> <span class='ocrx_word' id='word_1_240' title='bbox 1974 635 2053 697; x_wconf 88' lang='lat' dir='ltr'><strong>de</strong></span> <span class='ocrx_word' id='word_1_241' title='bbox 2065 634 2267 715; x_wconf 90' lang='lat' dir='ltr'><strong>festis</strong></span> <span class='ocrx_word' id='word_1_242' title='bbox 2292 642 2658 697; x_wconf 86' lang='lat' dir='ltr'><strong>sanctorum</strong></span> <span class='ocrx_word' id='word_1_243' title='bbox 2689 645 2832 715; x_wconf 74' lang='lat' dir='ltr'><strong>que‘</strong></span> 
     </span>
     <span class='ocr_line' id='line_1_52' title="bbox 1614 721 2808 804; baseline -0.001 -18"><span class='ocrx_word' id='word_1_244' title='bbox 1614 724 1685 787; x_wconf 87' lang='lat' dir='ltr'><strong>in</strong></span> <span class='ocrx_word' id='word_1_245' title='bbox 1716 723 2038 787; x_wconf 86' lang='lat' dir='ltr'><strong>dominica</strong></span> <span class='ocrx_word' id='word_1_246' title='bbox 2067 723 2446 803; x_wconf 83' lang='lat' dir='ltr'><strong>contingunt</strong></span> <span class='ocrx_word' id='word_1_247' title='bbox 2473 721 2542 784; x_wconf 91' lang='lat' dir='ltr'><strong>in</strong></span> <span class='ocrx_word' id='word_1_248' title='bbox 2573 722 2808 804; x_wconf 87' lang='lat' dir='ltr'><strong>quibus</strong></span> 
     </span>
     <span class='ocr_line' id='line_1_53' title="bbox 1596 812 2806 894; baseline -0.001 -18"><span class='ocrx_word' id='word_1_249' title='bbox 1596 812 1916 894; x_wconf 85' lang='lat' dir='ltr'><strong>facienda</strong></span> <span class='ocrx_word' id='word_1_250' title='bbox 1959 821 2056 875; x_wconf 86' lang='lat' dir='ltr'><strong>est</strong></span> <span class='ocrx_word' id='word_1_251' title='bbox 2094 822 2409 894; x_wconf 77' lang='lat' dir='ltr'><strong>processio</strong></span> <span class='ocrx_word' id='word_1_252' title='bbox 2466 820 2617 873; x_wconf 88' lang='lat' dir='ltr'><strong>ante</strong></span> <span class='ocrx_word' id='word_1_253' title='bbox 2661 832 2806 875; x_wconf 90' lang='lat' dir='ltr'><strong>cru-</strong></span> 
     </span>
     <span class='ocr_line' id='line_1_54' title="bbox 1611 910 1874 965; baseline 0.008 -2"><span class='ocrx_word' id='word_1_254' title='bbox 1611 921 1740 963; x_wconf 89' lang='lat' dir='ltr'><strong>cem</strong></span> <span class='ocrx_word' id='word_1_255' title='bbox 1771 910 1874 965; x_wconf 86' lang='lat' dir='ltr'><strong>etc.</strong></span> 
     </span>
     <span class='ocr_line' id='line_1_55' title="bbox 1615 986 2802 1071; baseline 0 -19"><span class='ocrx_word' id='word_1_256' title='bbox 1615 994 1678 1067; x_wconf 60' lang='grc' dir='ltr'><strong>(Ι</strong></span> <span class='ocrx_word' id='word_1_257' title='bbox 1731 989 1932 1052; x_wconf 80' lang='lat' dir='ltr'><strong>Feria</strong></span> <span class='ocrx_word' id='word_1_258' title='bbox 1991 987 2052 1071; x_wconf 77' lang='lat' dir='ltr'><strong>ij</strong></span> <span class='ocrx_word' id='word_1_259' title='bbox 2099 986 2198 1050; x_wconf 90' lang='lat' dir='ltr'><strong>ad</strong></span> <span class='ocrx_word' id='word_1_260' title='bbox 2247 996 2446 1049; x_wconf 86' lang='lat' dir='ltr'><strong>matu.</strong></span> <span class='ocrx_word' id='word_1_261' title='bbox 2508 986 2802 1053; x_wconf 85' lang='lat' dir='ltr'><strong>invitato.</strong></span> 
     </span>
     <span class='ocr_line' id='line_1_56' title="bbox 1610 1073 2803 1156; baseline -0.003 -15"><span class='ocrx_word' id='word_1_262' title='bbox 1610 1076 1902 1141; x_wconf 91' lang='lat' dir='ltr'><strong>Alleluia</strong></span> <span class='ocrx_word' id='word_1_263' title='bbox 1933 1075 2198 1140; x_wconf 88' lang='lat' dir='ltr'><strong>alleluia</strong></span> <span class='ocrx_word' id='word_1_264' title='bbox 2229 1074 2489 1139; x_wconf 84' lang='lat' dir='ltr'><strong>alleluia</strong></span> <span class='ocrx_word' id='word_1_265' title='bbox 2504 1073 2637 1156; x_wconf 64' lang='lat' dir='ltr'><strong>‘&#39;p-5⁷.</strong></span> <span class='ocrx_word' id='word_1_266' title='bbox 2671 1076 2803 1139; x_wconf 93' lang='lat' dir='ltr'><strong>Ve-</strong></span> 
     </span>
     <span class='ocr_line' id='line_1_57' title="bbox 1610 1163 2808 1229; baseline -0.002 -2"><span class='ocrx_word' id='word_1_267' title='bbox 1610 1168 1762 1229; x_wconf 89' lang='lat' dir='ltr'><strong>nite.</strong></span> <span class='ocrx_word' id='word_1_268' title='bbox 1856 1166 2004 1228; x_wconf 89' lang='lat' dir='ltr'><strong>Hoc</strong></span> <span class='ocrx_word' id='word_1_269' title='bbox 2057 1163 2508 1227; x_wconf 87' lang='lat' dir='ltr'><strong>invitatorium</strong></span> <span class='ocrx_word' id='word_1_270' title='bbox 2559 1164 2808 1226; x_wconf 84' lang='lat' dir='ltr'><strong>dicitur</strong></span> 
     </span>
     <span class='ocr_line' id='line_1_58' title="bbox 1607 1250 2800 1336; baseline -0.001 -20"><span class='ocrx_word' id='word_1_271' title='bbox 1607 1253 1903 1318; x_wconf 88' lang='lat' dir='ltr'><strong>omnibus</strong></span> <span class='ocrx_word' id='word_1_272' title='bbox 1917 1252 2122 1336; x_wconf 74' lang='lat' dir='ltr'><strong>seriis</strong></span> <span class='ocrx_word' id='word_1_273' title='bbox 2151 1273 2347 1335; x_wconf 88' lang='lat' dir='ltr'><strong>usque</strong></span> <span class='ocrx_word' id='word_1_274' title='bbox 2377 1250 2472 1313; x_wconf 91' lang='lat' dir='ltr'><strong>ad</strong></span> <span class='ocrx_word' id='word_1_275' title='bbox 2493 1252 2800 1315; x_wconf 87' lang='lat' dir='ltr'><strong>ascensio-</strong></span> 
     </span>
     <span class='ocr_line' id='line_1_59' title="bbox 1606 1339 2799 1423; baseline -0.002 -18"><span class='ocrx_word' id='word_1_276' title='bbox 1606 1362 1751 1405; x_wconf 88' lang='lat' dir='ltr'><strong>nem</strong></span> <span class='ocrx_word' id='word_1_277' title='bbox 1808 1341 2063 1405; x_wconf 86' lang='lat' dir='ltr'><strong>domini</strong></span> <span class='ocrx_word' id='word_1_278' title='bbox 2089 1364 2113 1405; x_wconf 89' lang='lat'><strong>.·</strong></span> <span class='ocrx_word' id='word_1_279' title='bbox 2180 1340 2434 1423; x_wconf 90' lang='lat' dir='ltr'><strong>quando</strong></span> <span class='ocrx_word' id='word_1_280' title='bbox 2490 1339 2570 1402; x_wconf 90' lang='lat' dir='ltr'><strong>de</strong></span> <span class='ocrx_word' id='word_1_281' title='bbox 2609 1340 2799 1420; x_wconf 86' lang='lat' dir='ltr'><strong>seria</strong></span> 
     </span>
     <span class='ocr_line' id='line_1_60' title="bbox 1604 1427 2800 1511; baseline 0 -18"><span class='ocrx_word' id='word_1_282' title='bbox 1604 1430 1844 1511; x_wconf 82' lang='lat' dir='ltr'><strong>agitur.</strong></span> <span class='ocrx_word' id='word_1_283' title='bbox 1921 1430 2243 1511; x_wconf 85' lang='lat' dir='ltr'><strong>Hymnus.</strong></span> <span class='ocrx_word' id='word_1_284' title='bbox 2305 1428 2571 1492; x_wconf 88' lang='lat' dir='ltr'><strong>Aurora</strong></span> <span class='ocrx_word' id='word_1_285' title='bbox 2618 1427 2800 1494; x_wconf 83' lang='lat' dir='ltr'><strong>luciS.</strong></span> 
     </span>
     <span class='ocr_line' id='line_1_61' title="bbox 1605 1515 2797 1599; baseline 0 -18"><span class='ocrx_word' id='word_1_286' title='bbox 1605 1519 1690 1581; x_wconf 88' lang='lat' dir='ltr'><strong>In</strong></span> <span class='ocrx_word' id='word_1_287' title='bbox 1721 1528 2022 1582; x_wconf 81' lang='lat' dir='ltr'><strong>nocturno</strong></span> <span class='ocrx_word' id='word_1_288' title='bbox 2050 1526 2154 1581; x_wconf 71' lang='lat' dir='ltr'><strong>aii.</strong></span> <span class='ocrx_word' id='word_1_289' title='bbox 2221 1516 2508 1581; x_wconf 90' lang='lat' dir='ltr'><strong>Alleluia</strong></span> <span class='ocrx_word' id='word_1_290' title='bbox 2546 1515 2640 1597; x_wconf 81' lang='lat' dir='ltr'><strong>iij.</strong></span> <span class='ocrx_word' id='word_1_291' title='bbox 2695 1526 2797 1599; x_wconf 79' lang='lat' dir='ltr'><strong>ps&#39;.</strong></span> 
     </span>
     <span class='ocr_line' id='line_1_62' title="bbox 1606 1604 2796 1685; baseline -0.003 -14"><span class='ocrx_word' id='word_1_292' title='bbox 1606 1607 1937 1671; x_wconf 90' lang='lat' dir='ltr'><strong>Dominus</strong></span> <span class='ocrx_word' id='word_1_293' title='bbox 2000 1606 2409 1669; x_wconf 87' lang='lat' dir='ltr'><strong>illuminatio.</strong></span> <span class='ocrx_word' id='word_1_294' title='bbox 2501 1613 2602 1685; x_wconf 82' lang='lat' dir='ltr'><strong>ps&#39;.</strong></span> <span class='ocrx_word' id='word_1_295' title='bbox 2677 1604 2796 1668; x_wconf 90' lang='lat' dir='ltr'><strong>Ad</strong></span> 
     </span>
     <span class='ocr_line' id='line_1_63' title="bbox 1603 1692 2796 1774; baseline 0 -17"><span class='ocrx_word' id='word_1_296' title='bbox 1603 1703 1670 1757; x_wconf 92' lang='lat' dir='ltr'><strong>te</strong></span> <span class='ocrx_word' id='word_1_297' title='bbox 1706 1696 1974 1759; x_wconf 89' lang='lat' dir='ltr'><strong>domine</strong></span> <span class='ocrx_word' id='word_1_298' title='bbox 2019 1695 2315 1759; x_wconf 88' lang='lat' dir='ltr'><strong>clamavi.</strong></span> <span class='ocrx_word' id='word_1_299' title='bbox 2387 1702 2489 1774; x_wconf 66' lang='lat' dir='ltr'><strong>ps.</strong></span> <span class='ocrx_word' id='word_1_300' title='bbox 2537 1692 2796 1757; x_wconf 85' lang='lat' dir='ltr'><strong>Afferte</strong></span> 
     </span>
     <span class='ocr_line' id='line_1_64' title="bbox 1600 1781 2794 1865; baseline 0 -20"><span class='ocrx_word' id='word_1_301' title='bbox 1600 1784 1866 1865; x_wconf 85' lang='lat' dir='ltr'><strong>quilibet</strong></span> <span class='ocrx_word' id='word_1_302' title='bbox 1891 1783 2194 1865; x_wconf 88' lang='lat' dir='ltr'><strong>psalmus</strong></span> <span class='ocrx_word' id='word_1_303' title='bbox 2233 1802 2378 1845; x_wconf 90' lang='lat' dir='ltr'><strong>cum</strong></span> <span class='ocrx_word' id='word_1_304' title='bbox 2411 1781 2635 1845; x_wconf 89' lang='lat' dir='ltr'><strong>Gloria</strong></span> <span class='ocrx_word' id='word_1_305' title='bbox 2676 1803 2794 1864; x_wconf 87' lang='lat' dir='ltr'><strong>pa-</strong></span> 
     </span>
     <span class='ocr_line' id='line_1_65' title="bbox 1600 1869 2551 1958; baseline -0.004 -23"><span class='ocrx_word' id='word_1_306' title='bbox 1600 1872 1683 1935; x_wconf 89' lang='lat' dir='ltr'><strong>tri</strong></span> <span class='ocrx_word' id='word_1_307' title='bbox 1729 1889 1777 1958; x_wconf 72' lang='lat' dir='ltr'><strong>y</strong></span> <span class='ocrx_word' id='word_1_308' title='bbox 1811 1872 2197 1935; x_wconf 89' lang='lat' dir='ltr'><strong>Resurrexit</strong></span> <span class='ocrx_word' id='word_1_309' title='bbox 2229 1869 2551 1934; x_wconf 77' lang='lat' dir='ltr'><strong>dominus,</strong></span> 
     </span>
     <span class='ocr_line' id='line_1_66' title="bbox 1602 1956 2788 2040; baseline -0.003 -16"><span class='ocrx_word' id='word_1_310' title='bbox 1602 1964 1665 2037; x_wconf 58' lang='grc' dir='ltr'><strong>ΕΙ</strong></span> <span class='ocrx_word' id='word_1_311' title='bbox 1711 1960 2090 2024; x_wconf 86' lang='lat' dir='ltr'><strong>Notandum</strong></span> <span class='ocrx_word' id='word_1_312' title='bbox 2121 1957 2294 2040; x_wconf 92' lang='lat' dir='ltr'><strong>quod</strong></span> <span class='ocrx_word' id='word_1_313' title='bbox 2327 1958 2394 2021; x_wconf 91' lang='lat' dir='ltr'><strong>si</strong></span> <span class='ocrx_word' id='word_1_314' title='bbox 2418 1956 2670 2039; x_wconf 88' lang='lat' dir='ltr'><strong>psalmi</strong></span> <span class='ocrx_word' id='word_1_315' title='bbox 2679 1956 2788 2037; x_wconf 90' lang='lat' dir='ltr'><strong>fe—</strong></span> 
     </span>
     <span class='ocr_line' id='line_1_67' title="bbox 1598 2044 2792 2129; baseline -0.003 -19"><span class='ocrx_word' id='word_1_316' title='bbox 1598 2048 1797 2110; x_wconf 84' lang='lat' dir='ltr'><strong>riales</strong></span> <span class='ocrx_word' id='word_1_317' title='bbox 1842 2048 1910 2110; x_wconf 90' lang='lat' dir='ltr'><strong>in</strong></span> <span class='ocrx_word' id='word_1_318' title='bbox 1959 2047 2180 2129; x_wconf 84' lang='lat' dir='ltr'><strong>aliqua</strong></span> <span class='ocrx_word' id='word_1_319' title='bbox 2213 2046 2399 2127; x_wconf 88' lang='lat' dir='ltr'><strong>feria</strong></span> <span class='ocrx_word' id='word_1_320' title='bbox 2448 2044 2590 2107; x_wconf 78' lang='lat' dir='ltr'><strong>suis·</strong></span> <span class='ocrx_word' id='word_1_321' title='bbox 2638 2045 2792 2108; x_wconf 88' lang='lat' dir='ltr'><strong>locis</strong></span> 
     </span>
     <span class='ocr_line' id='line_1_68' title="bbox 1596 2131 2800 2217; baseline -0.003 -18"><span class='ocrx_word' id='word_1_322' title='bbox 1596 2136 1732 2199; x_wconf 80' lang='lat' dir='ltr'><strong>dt&#39;ci</strong></span> <span class='ocrx_word' id='word_1_323' title='bbox 1782 2157 1906 2199; x_wconf 92' lang='lat' dir='ltr'><strong>non</strong></span> <span class='ocrx_word' id='word_1_324' title='bbox 1941 2136 2192 2217; x_wconf 84' lang='lat' dir='ltr'><strong>possint</strong></span> <span class='ocrx_word' id='word_1_325' title='bbox 2218 2143 2482 2215; x_wconf 85' lang='lat' dir='ltr'><strong>propter</strong></span> <span class='ocrx_word' id='word_1_326' title='bbox 2527 2131 2800 2214; x_wconf 81' lang='lat' dir='ltr'><strong>aliquod</strong></span> 
     </span>
     <span class='ocr_line' id='line_1_69' title="bbox 1581 2221 2796 2305; baseline -0.002 -18"><span class='ocrx_word' id='word_1_327' title='bbox 1581 2224 1835 2305; x_wconf 73' lang='lat' dir='ltr'><strong>festum</strong></span> <span class='ocrx_word' id='word_1_328' title='bbox 1865 2224 2302 2305; x_wconf 83' lang='lat' dir='ltr'><strong>superveniens</strong></span> <span class='ocrx_word' id='word_1_329' title='bbox 2326 2245 2350 2285; x_wconf 93' lang='lat'><strong>.·</strong></span> <span class='ocrx_word' id='word_1_330' title='bbox 2391 2221 2500 2284; x_wconf 86' lang='lat' dir='ltr'><strong>vel</strong></span> <span class='ocrx_word' id='word_1_331' title='bbox 2536 2221 2672 2283; x_wconf 87' lang='lat' dir='ltr'><strong>alia</strong></span> <span class='ocrx_word' id='word_1_332' title='bbox 2711 2222 2796 2285; x_wconf 91' lang='lat' dir='ltr'><strong>de</strong></span> 
     </span>
     <span class='ocr_line' id='line_1_70' title="bbox 1594 2310 2790 2391; baseline -0.004 -16"><span class='ocrx_word' id='word_1_333' title='bbox 1594 2333 1790 2375; x_wconf 85' lang='lat' dir='ltr'><strong>causa</strong></span> <span class='ocrx_word' id='word_1_334' title='bbox 1822 2336 1846 2376; x_wconf 93' lang='grc'><strong>.·</strong></span> <span class='ocrx_word' id='word_1_335' title='bbox 1921 2312 1991 2375; x_wconf 87' lang='lat' dir='ltr'><strong>in</strong></span> <span class='ocrx_word' id='word_1_336' title='bbox 2050 2310 2174 2374; x_wconf 87' lang='lat' dir='ltr'><strong>tali</strong></span> <span class='ocrx_word' id='word_1_337' title='bbox 2213 2310 2400 2390; x_wconf 86' lang='lat' dir='ltr'><strong>feria</strong></span> <span class='ocrx_word' id='word_1_338' title='bbox 2471 2310 2790 2391; x_wconf 87' lang='lat' dir='ltr'><strong>sequentis</strong></span> 
     </span>
     <span class='ocr_line' id='line_1_71' title="bbox 1592 2396 2791 2478; baseline -0.006 -13"><span class='ocrx_word' id='word_1_339' title='bbox 1592 2400 1978 2465; x_wconf 77' lang='lat' dir='ltr'><strong>hebdomade</strong></span> <span class='ocrx_word' id='word_1_340' title='bbox 2017 2420 2140 2463; x_wconf 88' lang='lat' dir='ltr'><strong>non</strong></span> <span class='ocrx_word' id='word_1_341' title='bbox 2181 2398 2487 2462; x_wconf 89' lang='lat' dir='ltr'><strong>dicuntur</strong></span> <span class='ocrx_word' id='word_1_342' title='bbox 2529 2396 2634 2460; x_wconf 89' lang='lat' dir='ltr'><strong>illi</strong></span> <span class='ocrx_word' id='word_1_343' title='bbox 2673 2398 2791 2478; x_wconf 85' lang='lat' dir='ltr'><strong>qui</strong></span> 
     </span>
     <span class='ocr_line' id='line_1_72' title="bbox 1579 2484 2792 2572; baseline -0.004 -18"><span class='ocrx_word' id='word_1_344' title='bbox 1579 2490 1864 2572; x_wconf 76' lang='lat' dir='ltr'><strong>fherunt</strong></span> <span class='ocrx_word' id='word_1_345' title='bbox 1911 2487 2181 2553; x_wconf 87' lang='lat' dir='ltr'><strong>omissi:</strong></span> <span class='ocrx_word' id='word_1_346' title='bbox 2211 2486 2358 2549; x_wconf 90' lang='lat' dir='ltr'><strong>·sed</strong></span> <span class='ocrx_word' id='word_1_347' title='bbox 2403 2485 2509 2549; x_wconf 86' lang='lat' dir='ltr'><strong>illi</strong></span> <span class='ocrx_word' id='word_1_348' title='bbox 2535 2484 2792 2569; x_wconf 87' lang='lat' dir='ltr'><strong>psalmi</strong></span> 
     </span>
     <span class='ocr_line' id='line_1_73' title="bbox 1591 2574 2787 2661; baseline -0.002 -21"><span class='ocrx_word' id='word_1_349' title='bbox 1591 2578 1710 2661; x_wconf 89' lang='lat' dir='ltr'><strong>qui</strong></span> <span class='ocrx_word' id='word_1_350' title='bbox 1765 2578 2185 2642; x_wconf 86' lang='lat' dir='ltr'><strong>inveniuntur</strong></span> <span class='ocrx_word' id='word_1_351' title='bbox 2224 2575 2449 2657; x_wconf 85' lang='lat' dir='ltr'><strong>scripti</strong></span> <span class='ocrx_word' id='word_1_352' title='bbox 2493 2575 2562 2637; x_wconf 86' lang='lat' dir='ltr'><strong>in</strong></span> <span class='ocrx_word' id='word_1_353' title='bbox 2601 2574 2787 2654; x_wconf 67' lang='lat' dir='ltr'><strong>ferra</strong></span> 
     </span>
     <span class='ocr_line' id='line_1_74' title="bbox 1590 2663 2786 2749; baseline -0.005 -18"><span class='ocrx_word' id='word_1_354' title='bbox 1590 2667 1870 2749; x_wconf 79' lang='lat' dir='ltr'><strong>ejusdem</strong></span> <span class='ocrx_word' id='word_1_355' title='bbox 1899 2665 2158 2730; x_wconf 78' lang='lat' dir='ltr'><strong>hebdom</strong></span> <span class='ocrx_word' id='word_1_356' title='bbox 2165 2665 2295 2728; x_wconf 84' lang='lat' dir='ltr'><strong>ade.</strong></span> <span class='ocrx_word' id='word_1_357' title='bbox 2369 2663 2786 2745; x_wconf 72' lang='lat' dir='ltr'><strong>Apocalypsis·</strong></span> 
     </span>
     <span class='ocr_line' id='line_1_75' title="bbox 1590 2753 2666 2838; baseline 0 -22"><span class='ocrx_word' id='word_1_358' title='bbox 1590 2755 1848 2838; x_wconf 81' lang='lat' dir='ltr'><strong>legatur</strong></span> <span class='ocrx_word' id='word_1_359' title='bbox 1873 2755 1977 2818; x_wconf 79' lang='lat' dir='ltr'><strong>his</strong></span> <span class='ocrx_word' id='word_1_360' title='bbox 2004 2754 2254 2818; x_wconf 88' lang='lat' dir='ltr'><strong>duabus</strong></span> <span class='ocrx_word' id='word_1_361' title='bbox 2279 2753 2666 2834; x_wconf 74' lang='lat' dir='ltr'><strong>septimanis.</strong></span> 
     </span>
     <span class='ocr_line' id='line_1_76' title="bbox 1587 2837 2784 2976; baseline -0.002 -68"><span class='ocrx_word' id='word_1_362' title='bbox 1587 2846 1743 2976; x_wconf 78' lang='lat' dir='ltr'><em>A</em></span> <span class='ocrx_word' id='word_1_363' title='bbox 1758 2845 2130 2926; x_wconf 90' lang='lat' dir='ltr'><strong>pocalypsis</strong></span> <span class='ocrx_word' id='word_1_364' title='bbox 2147 2844 2305 2924; x_wconf 92' lang='lat' dir='ltr'><strong>Jesu</strong></span> <span class='ocrx_word' id='word_1_365' title='bbox 2329 2839 2546 2906; x_wconf 86' lang='lat' dir='ltr'><strong>Chris-</strong></span> <span class='ocrx_word' id='word_1_366' title='bbox 2563 2837 2644 2924; x_wconf 88' lang='lat' dir='ltr'><strong>[L</strong></span> <span class='ocrx_word' id='word_1_367' title='bbox 2653 2841 2784 2923; x_wconf 77' lang='lat' dir='ltr'><strong>ecj.</strong></span> 
     </span>
     <span class='ocr_line' id='line_1_77' title="bbox 1757 2929 2780 3014; baseline -0.004 -19"><span class='ocrx_word' id='word_1_368' title='bbox 1757 2934 1805 2995; x_wconf 92' lang='lat' dir='ltr'><strong>ti</strong></span> <span class='ocrx_word' id='word_1_369' title='bbox 1828 2953 2027 3014; x_wconf 90' lang='lat' dir='ltr'><strong>quam</strong></span> <span class='ocrx_word' id='word_1_370' title='bbox 2048 2932 2234 2996; x_wconf 91' lang='lat' dir='ltr'><strong>dedit</strong></span> <span class='ocrx_word' id='word_1_371' title='bbox 2258 2930 2351 2993; x_wconf 89' lang='lat' dir='ltr'><strong>illi</strong></span> <span class='ocrx_word' id='word_1_372' title='bbox 2376 2930 2539 2992; x_wconf 91' lang='lat' dir='ltr'><strong>deus</strong></span> <span class='ocrx_word' id='word_1_373' title='bbox 2558 2929 2780 3012; x_wconf 89' lang='lat' dir='ltr'><strong>palam</strong></span> 
     </span>
     <span class='ocr_line' id='line_1_78' title="bbox 1590 3017 2779 3102; baseline -0.003 -19"><span class='ocrx_word' id='word_1_374' title='bbox 1590 3019 1804 3084; x_wconf 90' lang='lat' dir='ltr'><strong>facere</strong></span> <span class='ocrx_word' id='word_1_375' title='bbox 1827 3021 2028 3084; x_wconf 91' lang='lat' dir='ltr'><strong>servis</strong></span> <span class='ocrx_word' id='word_1_376' title='bbox 2052 3021 2186 3084; x_wconf 91' lang='lat' dir='ltr'><strong>suis</strong></span> <span class='ocrx_word' id='word_1_377' title='bbox 2205 3039 2336 3102; x_wconf 91' lang='lat' dir='ltr'><strong>que</strong></span> <span class='ocrx_word' id='word_1_378' title='bbox 2357 3027 2620 3101; x_wconf 83' lang='lat' dir='ltr'><strong>oportet</strong></span> <span class='ocrx_word' id='word_1_379' title='bbox 2641 3017 2779 3081; x_wconf 87' lang='lat' dir='ltr'><strong>fieri</strong></span> 
     </span>
     <span class='ocr_line' id='line_1_79' title="bbox 1590 3108 2786 3191; baseline -0.003 -19"><span class='ocrx_word' id='word_1_380' title='bbox 1590 3109 1762 3173; x_wconf 90' lang='lat' dir='ltr'><strong>cito:</strong></span> <span class='ocrx_word' id='word_1_381' title='bbox 1809 3118 1877 3172; x_wconf 91' lang='lat' dir='ltr'><strong>et</strong></span> <span class='ocrx_word' id='word_1_382' title='bbox 1911 3109 2303 3191; x_wconf 87' lang='lat' dir='ltr'><strong>significavit</strong></span> <span class='ocrx_word' id='word_1_383' title='bbox 2348 3108 2618 3170; x_wconf 88' lang='lat' dir='ltr'><strong>mittens</strong></span> <span class='ocrx_word' id='word_1_384' title='bbox 2664 3127 2786 3188; x_wconf 89' lang='lat' dir='ltr'><strong>per</strong></span> 
     </span>
     <span class='ocr_line' id='line_1_80' title="bbox 1588 3193 2779 3280; baseline -0.004 -20"><span class='ocrx_word' id='word_1_385' title='bbox 1588 3198 1895 3280; x_wconf 83' lang='lat' dir='ltr'><strong>angelum</strong></span> <span class='ocrx_word' id='word_1_386' title='bbox 1928 3218 2119 3260; x_wconf 93' lang='lat' dir='ltr'><strong>suum</strong></span> <span class='ocrx_word' id='word_1_387' title='bbox 2151 3217 2337 3260; x_wconf 89' lang='lat' dir='ltr'><strong>servo</strong></span> <span class='ocrx_word' id='word_1_388' title='bbox 2367 3215 2486 3258; x_wconf 90' lang='lat' dir='ltr'><strong>suo</strong></span> <span class='ocrx_word' id='word_1_389' title='bbox 2503 3193 2779 3276; x_wconf 90' lang='lat' dir='ltr'><strong>johanni</strong></span> 
     </span>
     <span class='ocr_line' id='line_1_81' title="bbox 1587 3283 2780 3367; baseline -0.003 -18"><span class='ocrx_word' id='word_1_390' title='bbox 1587 3287 1701 3367; x_wconf 91' lang='lat' dir='ltr'><strong>qui</strong></span> <span class='ocrx_word' id='word_1_391' title='bbox 1733 3287 2184 3350; x_wconf 88' lang='lat' dir='ltr'><strong>testimonium</strong></span> <span class='ocrx_word' id='word_1_392' title='bbox 2219 3283 2548 3367; x_wconf 90' lang='lat' dir='ltr'><strong>perhibuit</strong></span> <span class='ocrx_word' id='word_1_393' title='bbox 2579 3283 2780 3346; x_wconf 89' lang='lat' dir='ltr'><strong>verbo</strong></span> 
     </span>
     <span class='ocr_line' id='line_1_82' title="bbox 1587 3370 2778 3452; baseline -0.003 -16"><span class='ocrx_word' id='word_1_394' title='bbox 1587 3374 1693 3437; x_wconf 90' lang='lat' dir='ltr'><strong>dei</strong></span> <span class='ocrx_word' id='word_1_395' title='bbox 1741 3383 1807 3438; x_wconf 90' lang='lat' dir='ltr'><strong>et</strong></span> <span class='ocrx_word' id='word_1_396' title='bbox 1853 3374 2304 3438; x_wconf 87' lang='lat' dir='ltr'><strong>testimonium</strong></span> <span class='ocrx_word' id='word_1_397' title='bbox 2335 3373 2491 3452; x_wconf 92' lang='lat' dir='ltr'><strong>Jesu</strong></span> <span class='ocrx_word' id='word_1_398' title='bbox 2537 3370 2778 3434; x_wconf 89' lang='lat' dir='ltr'><strong>Christi</strong></span> 
     </span>
     <span class='ocr_line' id='line_1_83' title="bbox 1587 3458 2780 3544; baseline -0.004 -19"><span class='ocrx_word' id='word_1_399' title='bbox 1587 3463 1652 3525; x_wconf 89' lang='lat' dir='ltr'><strong>in</strong></span> <span class='ocrx_word' id='word_1_400' title='bbox 1683 3462 1787 3525; x_wconf 90' lang='lat' dir='ltr'><strong>his</strong></span> <span class='ocrx_word' id='word_1_401' title='bbox 1818 3481 2206 3544; x_wconf 90' lang='lat' dir='ltr'><strong>quecunque</strong></span> <span class='ocrx_word' id='word_1_402' title='bbox 2233 3461 2416 3524; x_wconf 87' lang='lat' dir='ltr'><strong>vidit.</strong></span> <span class='ocrx_word' id='word_1_403' title='bbox 2477 3458 2591 3520; x_wconf 87' lang='lat' dir='ltr'><strong>Re.</strong></span> <span class='ocrx_word' id='word_1_404' title='bbox 2648 3458 2780 3521; x_wconf 95' lang='lat' dir='ltr'><strong>Lo-</strong></span> 
     </span>
     <span class='ocr_line' id='line_1_84' title="bbox 1586 3545 2780 3628; baseline -0.004 -14"><span class='ocrx_word' id='word_1_405' title='bbox 1586 3559 1778 3614; x_wconf 89' lang='lat' dir='ltr'><strong>cutus</strong></span> <span class='ocrx_word' id='word_1_406' title='bbox 1810 3560 1924 3614; x_wconf 89' lang='lat' dir='ltr'><strong>est.</strong></span> <span class='ocrx_word' id='word_1_407' title='bbox 2468 3545 2680 3608; x_wconf 87' lang='lat' dir='ltr'><strong>Lectio</strong></span> <span class='ocrx_word' id='word_1_408' title='bbox 2711 3546 2780 3628; x_wconf 68' lang='lat' dir='ltr'><strong>ij.</strong></span> 
     </span>
     <span class='ocr_line' id='line_1_85' title="bbox 1584 3634 2778 3771; baseline -0.006 -68"><span class='ocrx_word' id='word_1_409' title='bbox 1584 3643 1920 3771; x_wconf 77' lang='lat' dir='ltr'><strong>Beatus</strong></span> <span class='ocrx_word' id='word_1_410' title='bbox 1960 3638 2071 3719; x_wconf 91' lang='lat' dir='ltr'><strong>qui</strong></span> <span class='ocrx_word' id='word_1_411' title='bbox 2128 3635 2287 3718; x_wconf 85' lang='lat' dir='ltr'><strong>legit</strong></span> <span class='ocrx_word' id='word_1_412' title='bbox 2324 3644 2394 3699; x_wconf 89' lang='lat' dir='ltr'><strong>et</strong></span> <span class='ocrx_word' id='word_1_413' title='bbox 2443 3635 2554 3716; x_wconf 89' lang='lat' dir='ltr'><strong>qui</strong></span> <span class='ocrx_word' id='word_1_414' title='bbox 2592 3634 2778 3697; x_wconf 89' lang='lat' dir='ltr'><strong>audit</strong></span> 
     </span>
     <span class='ocr_line' id='line_1_86' title="bbox 1730 3721 2781 3809; baseline -0.005 -19"><span class='ocrx_word' id='word_1_415' title='bbox 1730 3729 1930 3790; x_wconf 89' lang='lat' dir='ltr'><strong>verba</strong></span> <span class='ocrx_word' id='word_1_416' title='bbox 1988 3724 2331 3809; x_wconf 87' lang='lat' dir='ltr'><strong>prophetie</strong></span> <span class='ocrx_word' id='word_1_417' title='bbox 2390 3721 2636 3802; x_wconf 91' lang='lat' dir='ltr'><strong>hujus:</strong></span> <span class='ocrx_word' id='word_1_418' title='bbox 2711 3731 2781 3785; x_wconf 91' lang='lat' dir='ltr'><strong>et</strong></span> 
     </span>
     <span class='ocr_line' id='line_1_87' title="bbox 1584 3811 2777 3896; baseline -0.003 -18"><span class='ocrx_word' id='word_1_419' title='bbox 1584 3824 1801 3878; x_wconf 87' lang='lat' dir='ltr'><strong>servat</strong></span> <span class='ocrx_word' id='word_1_420' title='bbox 1833 3835 1911 3878; x_wconf 93' lang='lat' dir='ltr'><strong>ea</strong></span> <span class='ocrx_word' id='word_1_421' title='bbox 1942 3834 2071 3896; x_wconf 92' lang='lat' dir='ltr'><strong>que</strong></span> <span class='ocrx_word' id='word_1_422' title='bbox 2115 3815 2180 3877; x_wconf 89' lang='lat' dir='ltr'><strong>in</strong></span> <span class='ocrx_word' id='word_1_423' title='bbox 2214 3832 2293 3874; x_wconf 89' lang='lat' dir='ltr'><strong>ea</strong></span> <span class='ocrx_word' id='word_1_424' title='bbox 2333 3811 2577 3892; x_wconf 88' lang='lat' dir='ltr'><strong>scripta</strong></span> <span class='ocrx_word' id='word_1_425' title='bbox 2607 3820 2777 3874; x_wconf 91' lang='lat' dir='ltr'><strong>sunt.</strong></span> 
     </span>
     <span class='ocr_line' id='line_1_88' title="bbox 1584 3898 2780 3985; baseline -0.005 -19"><span class='ocrx_word' id='word_1_426' title='bbox 1584 3903 1881 3985; x_wconf 91' lang='lat' dir='ltr'><strong>Tempus</strong></span> <span class='ocrx_word' id='word_1_427' title='bbox 1912 3905 2086 3966; x_wconf 90' lang='lat' dir='ltr'><strong>enim</strong></span> <span class='ocrx_word' id='word_1_428' title='bbox 2119 3920 2324 3983; x_wconf 86' lang='lat' dir='ltr'><strong>prope</strong></span> <span class='ocrx_word' id='word_1_429' title='bbox 2355 3907 2470 3962; x_wconf 79' lang='lat' dir='ltr'><strong>est.</strong></span> <span class='ocrx_word' id='word_1_430' title='bbox 2530 3898 2780 3980; x_wconf 89' lang='lat' dir='ltr'><strong>Johan-</strong></span> 
     </span>
     <span class='ocr_line' id='line_1_89' title="bbox 1585 3989 2776 4074; baseline -0.004 -19"><span class='ocrx_word' id='word_1_431' title='bbox 1585 4011 1702 4054; x_wconf 90' lang='lat' dir='ltr'><strong>nes</strong></span> <span class='ocrx_word' id='word_1_432' title='bbox 1733 4002 1986 4074; x_wconf 91' lang='lat' dir='ltr'><strong>septem</strong></span> <span class='ocrx_word' id='word_1_433' title='bbox 2021 3989 2308 4054; x_wconf 87' lang='lat' dir='ltr'><strong>ecclesiis</strong></span> <span class='ocrx_word' id='word_1_434' title='bbox 2349 4009 2478 4070; x_wconf 91' lang='lat' dir='ltr'><strong>que</strong></span> <span class='ocrx_word' id='word_1_435' title='bbox 2524 3997 2677 4051; x_wconf 90' lang='lat' dir='ltr'><strong>sunt</strong></span> <span class='ocrx_word' id='word_1_436' title='bbox 2710 3989 2776 4051; x_wconf 87' lang='lat' dir='ltr'><strong>in</strong></span> 
     </span>
     <span class='ocr_line' id='line_1_90' title="bbox 1584 4077 2780 4162; baseline -0.004 -18"><span class='ocrx_word' id='word_1_437' title='bbox 1584 4081 1762 4144; x_wconf 86' lang='lat' dir='ltr'><strong>asia:</strong></span> <span class='ocrx_word' id='word_1_438' title='bbox 1807 4081 2021 4162; x_wconf 88' lang='lat' dir='ltr'><strong>gratia</strong></span> <span class='ocrx_word' id='word_1_439' title='bbox 2050 4079 2238 4141; x_wconf 88' lang='lat' dir='ltr'><strong>vobis</strong></span> <span class='ocrx_word' id='word_1_440' title='bbox 2282 4087 2349 4141; x_wconf 92' lang='lat' dir='ltr'><strong>et</strong></span> <span class='ocrx_word' id='word_1_441' title='bbox 2381 4097 2518 4159; x_wconf 85' lang='lat' dir='ltr'><strong>pax</strong></span> <span class='ocrx_word' id='word_1_442' title='bbox 2565 4077 2652 4139; x_wconf 91' lang='lat' dir='ltr'><strong>ab</strong></span> <span class='ocrx_word' id='word_1_443' title='bbox 2697 4098 2780 4140; x_wconf 89' lang='lat' dir='ltr'><strong>eo</strong></span> 
     </span>
     <span class='ocr_line' id='line_1_91' title="bbox 1583 4166 2780 4251; baseline -0.002 -20"><span class='ocrx_word' id='word_1_444' title='bbox 1583 4169 1699 4251; x_wconf 90' lang='lat' dir='ltr'><strong>qui</strong></span> <span class='ocrx_word' id='word_1_445' title='bbox 1745 4178 1847 4232; x_wconf 91' lang='lat' dir='ltr'><strong>est</strong></span> <span class='ocrx_word' id='word_1_446' title='bbox 1876 4177 1944 4231; x_wconf 88' lang='lat' dir='ltr'><strong>et</strong></span> <span class='ocrx_word' id='word_1_447' title='bbox 1975 4169 2085 4250; x_wconf 89' lang='lat' dir='ltr'><strong>qui</strong></span> <span class='ocrx_word' id='word_1_448' title='bbox 2132 4175 2273 4230; x_wconf 89' lang='lat' dir='ltr'><strong>erat</strong></span> <span class='ocrx_word' id='word_1_449' title='bbox 2303 4175 2372 4229; x_wconf 91' lang='lat' dir='ltr'><strong>et</strong></span> <span class='ocrx_word' id='word_1_450' title='bbox 2403 4166 2516 4248; x_wconf 88' lang='lat' dir='ltr'><strong>qui</strong></span> <span class='ocrx_word' id='word_1_451' title='bbox 2547 4177 2780 4230; x_wconf 85' lang='lat' dir='ltr'><strong>ventu-</strong></span> 
     </span>
     <span class='ocr_line' id='line_1_92' title="bbox 1584 4255 2779 4338; baseline 0 -18"><span class='ocrx_word' id='word_1_452' title='bbox 1584 4278 1692 4320; x_wconf 89' lang='lat' dir='ltr'><strong>rus</strong></span> <span class='ocrx_word' id='word_1_453' title='bbox 1724 4266 1840 4321; x_wconf 89' lang='lat' dir='ltr'><strong>est.</strong></span> <span class='ocrx_word' id='word_1_454' title='bbox 1903 4257 2025 4320; x_wconf 85' lang='lat' dir='ltr'><strong>Re.</strong></span> <span class='ocrx_word' id='word_1_455' title='bbox 2085 4256 2353 4321; x_wconf 89' lang='lat' dir='ltr'><strong>Audivi.</strong></span> <span class='ocrx_word' id='word_1_456' title='bbox 2439 4255 2650 4318; x_wconf 87' lang='lat' dir='ltr'><strong>Lectio</strong></span> <span class='ocrx_word' id='word_1_457' title='bbox 2682 4255 2779 4338; x_wconf 79' lang='lat' dir='ltr'><strong>iij.</strong></span> 
     </span>
    </p>
   </div>
   <div class='ocr_carea' id='block_1_10' title="bbox 1688 4393 2675 4524">
    <p class='ocr_par' dir='ltr' id='par_1_10' title="bbox 1688 4393 2675 4524">
     <span class='ocr_line' id='line_1_93' title="bbox 1690 4393 2109 4444; baseline 0 0"><span class='ocrx_word' id='word_1_458' title='bbox 1690 4397 1708 4426; x_wconf 80' lang='lat'><strong>⁴</strong></span> <span class='ocrx_word' id='word_1_459' title='bbox 1741 4395 1953 4444; x_wconf 81' lang='lat' dir='ltr'><strong>tumulto</strong></span> <span class='ocrx_word' id='word_1_460' title='bbox 1979 4410 1991 4442; x_wconf 90' lang='lat'>:</span> <span class='ocrx_word' id='word_1_461' title='bbox 2025 4393 2109 4444; x_wconf 84' lang='lat' dir='ltr'><strong>W.</strong></span> 
     </span>
     <span class='ocr_line' id='line_1_94' title="bbox 1688 4457 2675 4524; baseline -0.002 -16"><span class='ocrx_word' id='word_1_462' title='bbox 1688 4465 1710 4492; x_wconf 73' lang='lat'>³</span> <span class='ocrx_word' id='word_1_463' title='bbox 1748 4467 1761 4489; x_wconf 89' lang='lat'>‘</span> <span class='ocrx_word' id='word_1_464' title='bbox 1775 4460 1956 4509; x_wconf 64' lang='lat' dir='ltr'><strong>domim</strong></span> <span class='ocrx_word' id='word_1_465' title='bbox 1987 4467 2032 4509; x_wconf 84' lang='lat' dir='ltr'><strong>et</strong></span> <span class='ocrx_word' id='word_1_466' title='bbox 2048 4460 2106 4508; x_wconf 83' lang='lat' dir='ltr'><strong>iu</strong></span> <span class='ocrx_word' id='word_1_467' title='bbox 2129 4476 2258 4510; x_wconf 81' lang='lat' dir='ltr'><strong>omn.</strong></span> <span class='ocrx_word' id='word_1_468' title='bbox 2291 4458 2441 4524; x_wconf 59' lang='lat' dir='ltr'><strong>vesp)</strong></span> <span class='ocrx_word' id='word_1_469' title='bbox 2461 4474 2555 4508; x_wconf 86' lang='lat' dir='ltr'><strong>om.</strong></span> <span class='ocrx_word' id='word_1_470' title='bbox 2564 4473 2582 4506; x_wconf 94' lang='lat'><strong>.·</strong></span> <span class='ocrx_word' id='word_1_471' title='bbox 2604 4457 2675 4506; x_wconf 75' lang='lat' dir='ltr'><strong>JV.</strong></span> 
     </span>
    </p>
   </div>
   <div class='ocr_carea' id='block_1_11' title="bbox 1692 4527 2168 4593">
    <p class='ocr_par' dir='ltr' id='par_1_11' title="bbox 1692 4527 2168 4593">
     <span class='ocr_line' id='line_1_95' title="bbox 1692 4527 2168 4593; baseline 0 -17"><span class='ocrx_word' id='word_1_472' title='bbox 1692 4530 1711 4559; x_wconf 80' lang='lat'>⁸</span> <span class='ocrx_word' id='word_1_473' title='bbox 1743 4527 1858 4576; x_wconf 82' lang='lat' dir='ltr'><strong>all&#39;a</strong></span> <span class='ocrx_word' id='word_1_474' title='bbox 1877 4527 1932 4593; x_wconf 79' lang='lat' dir='ltr'><strong>ij.</strong></span> <span class='ocrx_word' id='word_1_475' title='bbox 1952 4543 1970 4577; x_wconf 91' lang='grc'><strong>.·</strong></span> <span class='ocrx_word' id='word_1_476' title='bbox 2017 4527 2090 4576; x_wconf 82' lang='lat' dir='ltr'><strong>W.</strong></span> <span class='ocrx_word' id='word_1_477' title='bbox 2101 4527 2168 4576; x_wconf 88' lang='lat' dir='ltr'><strong>N.</strong></span> 
     </span>
    </p>
   </div>
  </div>
 </body>
</html>
