3375 5100
886 285 1306 344 DOMINJCA
1359 284 1751 342 SECUNDA
1806 286 2313 343 NOVEM'BRIS.

878 395 1018 452 618

351 522 546 585 egero
590 521 724 565 non
770 500 1081 585 effugiam
1129 522 1364 566 manus
1397 522 1540 566 ves-

350 600 501 655 tras,
566 591 820 655 Melius.
867 590 1008 673 viij.
1025 590 1539 673 Responsorium.

353 678 740 743 Laudabilis
786 679 1070 762 populus
1099 697 1297 762 quem
1331 679 1542 742 domi-

270 838 282 849 ·
351 788 472 831 nus
497 768 905 831 exercituum
924 767 1268 831 benedixit
1285 767 1542 833 dicens:

349 876 518 939 opus
581 876 896 919 manuum
964 876 1258 920 mearum
1319 864 1391 919 tu
1454 876 1540 920 es.

354 944 710 1008 Hereditas
769 964 920 1008 mea
979 944 1186 1009 israel.
1276 961 1323 1030 γ
1392 944 1542 1027 Ego

349 1053 496 1096 sum
527 1033 837 1099 dominus
881 1034 1045 1097 deus
1078 1042 1230 1097 tuus
1275 1042 1541 1099 sanctus

349 1120 541 1185 israel
587 1121 876 1185 salvator
903 1130 1074 1185 tuus,
1165 1120 1540 1185 Hereditas

350 1209 442 1272 ix.
472 1209 968 1291 Responsorium
994 1208 1073 1273 de
1101 1210 1410 1273 trinitate.

351 1302 416 1375 ΙΙ
461 1298 807 1362 Dominica
834 1298 1122 1363 secunda.
1254 1297 1472 1362 Lectio
1479 1297 1540 1380 j.

499 1396 526 1450 t
566 1386 817 1450 factum
862 1395 965 1452 est
1009 1388 1078 1450 in
1123 1406 1300 1450 anno
1345 1396 1541 1450 sexto

497 1475 562 1538 in
639 1482 834 1539 sexto
894 1495 1120 1538 mense
1181 1476 1249 1538 in
1309 1475 1544 1557 quinta

350 1564 633 1627 mensis:
677 1583 805 1647 ego
851 1564 1167 1628 sedebam
1216 1564 1282 1626 in
1339 1562 1541 1627 domo

349 1670 500 1714 mea
544 1658 612 1715 et
641 1671 832 1715 senes
869 1651 1035 1733 juda
1078 1650 1402 1715 sedebant
1433 1672 1540 1715 co-

349 1759 490 1803 ram
525 1760 669 1805 me:
714 1750 782 1803 et
813 1741 1050 1805 cecidit
1079 1760 1276 1821 super
1307 1760 1413 1803 me
1449 1740 1539 1803 ibi

351 1848 586 1891 manus
616 1828 886 1892 domini.
955 1828 1047 1892 Et
1066 1828 1246 1893 vidi:
1292 1837 1360 1891 et
1389 1848 1542 1892 ecce

347 1914 713 1979 similitudo
759 1917 946 1998 quasi
1000 1924 1307 1998 aspectus
1355 1917 1542 1999 igniS.

347 2003 463 2067 Ab
522 2015 791 2086 aspectu
847 2005 1220 2068 lumborum
1273 2004 1414 2088 ejus
1474 2014 1542 2069 et

347 2092 654 2157 deorsum
688 2092 858 2175 ignis
886 2114 900 2157 :
947 2102 1015 2156 et
1046 2113 1086 2156 a
1127 2092 1368 2157 lumbis
1399 2092 1541 2175 ejus

347 2189 416 2244 et
447 2200 706 2244 sursum
738 2181 925 2263 quasi
971 2190 1277 2264 aspectus
1323 2181 1542 2264 splen—

345 2267 525 2331 doris
551 2290 566 2332 :
612 2278 688 2332 ut
715 2270 882 2333 visio
912 2269 1152 2333 electri.
1225 2269 1439 2333 Lectio
1469 2270 1538 2352 ij.

345 2358 525 2489 Et
585 2358 826 2422 emissa
883 2358 1244 2422 similitudo
1305 2378 1540 2421 manus

497 2445 930 2527 apprehendit
960 2467 1068 2511 me
1098 2447 1165 2510 in
1194 2447 1538 2511 cincimio¹

347 2534 583 2617 capitis
629 2536 802 2600 mei:
847 2543 914 2600 et
944 2534 1225 2600 elevavit
1257 2556 1366 2600 me
1409 2535 1540 2620 spi-

347 2623 510 2686 ritus
559 2623 730 2687 inter
767 2633 1008 2689 terram
1052 2635 1122 2690 et
1165 2625 1428 2690 celum:
1472 2633 1542 2690 et

347 2710 632 2776 adduxit
693 2733 801 2777 me
874 2713 942 2776 in
1003 2712 1394 2778 hierusalem
1471 2714 1538 2777 in

345 2800 596 2864 visione
626 2799 734 2864 dei
759 2799 959 2882 juxta
995 2801 1237 2866 ostium
1269 2802 1541 2866 interius

347 2887 528 2970 quod
575 2890 967 2972 respiciebat
996 2890 1080 2954 ad
1121 2890 1541 2974 aquilonem:

347 2975 458 3040 ubi
491 2985 632 3040 erat
662 2985 985 3043 statutum
1017 2978 1272 3043 idolum
1303 2979 1422 3042 zeli
1452 2979 1539 3042 ad

346 3069 834 3146 provocandam
866 3067 1356 3132 emulationem.

556 3172 708 3218 ecce
737 3155 828 3218 ibi
857 3155 1066 3238 gloria
1095 3155 1202 3220 dei
1247 3155 1412 3239 [Lec.
1443 3155 1541 3240 iij.

497 3242 689 3306 israel
776 3246 1139 3308 secundum
1217 3245 1540 3308 visionem

347 3350 551 3412 quam
609 3331 902 3396 videram
977 3332 1046 3395 in
1120 3352 1398 3416 campo:
1473 3345 1540 3396 et

346 3419 524 3482 dixit
563 3419 649 3482 ad
697 3440 844 3486 me:
892 3420 1019 3484 Fili
1061 3419 1348 3484 hominis
1394 3420 1542 3485 leva

346 3507 574 3571 oculos
633 3515 786 3572 tuos
843 3508 929 3572 ad
970 3510 1147 3574 viam
1197 3509 1539 3592 aquilonis

351 3595 445 3658 Et
488 3594 699 3660 levavi
745 3585 973 3661 ocifios
1018 3617 1201 3662 meos
1246 3598 1332 3663 ad
1361 3598 1540 3661 viam

347 3683 716 3766 aquilonis:
767 3694 836 3750 et
887 3706 1040 3750 ecce
1099 3686 1186 3751 ab
1233 3686 1542 3770 aquilone

499 3959 502 3964 '
556 3950 732 4014 dixit
763 3951 849 4015 ad
898 3971 1044 4016 me:
1092 3951 1215 4016 Fili
1255 3951 1542 4016 hominis

499 4047 778 4120 putasne
838 4039 1022 4104 vides
1079 4049 1153 4104 tu
1215 4040 1374 4124 quid
1435 4041 1542 4104 isti

347 4123 640 4191 faciunt:
715 4126 1289 4194 abhominationes
1359 4149 1543 4212 mag-

347 4233 468 4277 nas
499 4235 664 4297 quas
693 4217 934 4280 domus
969 4216 1158 4281 israel
1191 4216 1346 4282 facit
1376 4217 1544 4282 hoc:

347 4311 423 4366 ut
467 4303 692 4386 procul
739 4305 1042 4370 recedam
1091 4327 1130 4371 a
1171 4306 1544 4370 sanctuario

2174 396 2309 450 614

1645 521 1837 567 meo:
1888 502 1980 565 Et
2008 500 2223 566 adhuc
2266 521 2617 565 conversus
2656 502 2838 567 vide-

1645 591 1745 654 bis
1776 590 2349 655 abhominationes
2380 590 2680 672 majores

1640 681 1821 812 Et
1852 680 2223 743 introduxit
2248 699 2355 743 me
2385 679 2471 742 ad
2507 677 2749 763 [Lectio
2776 700 2839 745 v.

1792 768 2036 832 ostium
2068 768 2253 832 atrii:
2296 775 2363 831 et
2386 767 2521 831 vidi
2547 788 2561 831 :
2594 776 2663 831 et
2685 787 2839 831 ecce

1641 854 1937 921 foramen
2000 876 2204 919 unum
2266 856 2333 919 in
2386 856 2655 939 pariete.
2746 855 2839 920 Et

1641 945 1813 1009 dixit
1854 945 1940 1008 ad
1986 964 2132 1009 mc:
2178 944 2305 1008 Fili
2352 943 2637 1008 hominis
2684 944 2839 1009 fode

1640 1034 1979 1115 parietem.
2072 1033 2163 1096 Et
2208 1052 2359 1097 cum
2406 1032 2836 1115 perfodissem

1640 1123 1993 1203 parietem:
2024 1122 2331 1205 apparuit
2347 1122 2592 1185 ostium
2612 1141 2834 1185 unum.

1642 1210 1736 1274 Et
1782 1210 1959 1274 dixit
2001 1210 2085 1275 ad
2148 1230 2299 1275 me:
2366 1208 2721 1293 Ingredere
2766 1218 2838 1273 et

1639 1297 1792 1363 vide
1866 1298 2440 1364 abhominationes
2512 1297 2839 1381 pessimas

1640 1407 1807 1469 quas
1838 1388 1945 1451 isti
1975 1387 2223 1452 faciunt
2253 1386 2374 1452 hic.
2504 1385 2720 1449 Lectio
2748 1386 2835 1467 vj.

1639 1477 1819 1609 Et
1849 1476 2181 1558 ingressus
2203 1475 2377 1540 vidi:
2410 1482 2477 1539 et
2509 1494 2661 1539 ecce
2692 1494 2835 1538 om-

1792 1564 1891 1628 nis
1931 1561 2293 1628 similitudo
2333 1563 2663 1647 reptilium
2695 1562 2835 1627 ani-

1641 1652 1915 1716 malium
1946 1651 2437 1737 abhominatio:
2480 1660 2549 1715 et
2578 1652 2838 1715 univer-

1641 1761 1716 1804 sa
1776 1740 1952 1804 idola
2010 1741 2247 1804 domus
2308 1740 2499 1805 israel
2569 1740 2834 1823 depicta

1639 1838 1830 1893 erant
1881 1830 1951 1892 in
1986 1828 2239 1911 pariete
2284 1830 2349 1891 in
2393 1828 2665 1893 circuitu
2716 1848 2835 1911 per

1640 1926 1903 1983 totum:
1958 1926 2027 1981 et
2085 1918 2508 2000 septuaginta
2567 1917 2687 1982 viri
2747 1917 2833 1979 de

1639 2006 2006 2069 senioribus
2058 2006 2297 2069 domus
2345 2005 2579 2069 israel:
2626 2013 2695 2069 et
2733 2004 2837 2086 je-

1639 2094 1911 2158 chonias
1962 2093 2133 2157 filius
2184 2092 2439 2177 saphan
2489 2091 2712 2157 stabat
2763 2092 2831 2155 in

1637 2182 1863 2246 medio
1907 2201 2133 2246 eorum
2164 2183 2481 2247 stantium
2513 2191 2669 2245 ante
2698 2181 2835 2263 pic-

1638 2280 1837 2336 turas.
1929 2270 2021 2334 Et
2050 2272 2497 2353 unusquisque
2542 2269 2835 2334 habebat

1635 2358 2045 2425 thuribulum
2076 2359 2142 2422 in
2176 2379 2375 2423 manu
2406 2378 2569 2423 sua:
2624 2367 2693 2423 et
2720 2378 2835 2422 va-

1637 2468 1762 2531 por
1790 2446 2030 2511 nebule
2053 2448 2137 2511 de
2155 2446 2345 2511 thure
2376 2446 2834 2529 consurgebat.

1641 2541 1707 2615 01
1751 2535 2097 2601 Dominica
2129 2534 2224 2621 iij.
2545 2534 2761 2600 Lectio
2770 2524 2833 2618 j]

1638 2628 1819 2759 Et
1879 2624 2091 2690 factus
2150 2633 2253 2689 est
2302 2645 2521 2689 sermo
2579 2624 2833 2691 domini

1791 2716 1874 2779 ad
1923 2733 2033 2778 me
2076 2713 2345 2778 dicens:
2392 2713 2517 2778 Fili
2548 2712 2833 2777 hominis

1641 2822 1817 2886 pone
1836 2801 2071 2866 faciem
2091 2811 2277 2866 tuam
2301 2803 2387 2867 ad
2407 2801 2835 2867 hierusalem:

1639 2900 1709 2956 et
1757 2891 1932 2955 stilla
1980 2891 2065 2955 ad
2119 2891 2527 2956 sanctuaria:
2573 2900 2643 2954 et
2684 2910 2835 2972 pro-

1639 2979 1845 3063 pheta
1894 2988 2125 3044 contra
2184 2978 2461 3044 humum
2522 2979 2713 3043 israel
2766 2987 2837 3043 et

1640 3069 1821 3132 dices
1850 3077 2021 3132 terre
2053 3067 2261 3132 israel.
2348 3067 2495 3132 Hec
2526 3067 2685 3133 dicit
2714 3067 2836 3130 do-

1641 3157 1859 3220 minus
1911 3157 2091 3221 deuS.
2184 3157 2361 3221 Ecce
2408 3175 2535 3239 ego
2593 3155 2678 3220 ad
2728 3164 2835 3220 te:

1639 3255 1710 3309 et
1767 3245 2027 3327 ejiciam
2097 3243 2393 3328 gladium
2468 3264 2691 3308 meum
2750 3243 2837 3308 de

1637 3335 1883 3416 vagina
1922 3353 2043 3397 sua
2078 3342 2147 3398 et
2176 3333 2475 3398 occidam
2506 3333 2573 3396 in
2604 3341 2675 3396 te
2697 3330 2839 3412 jus-

1639 3431 1784 3486 tum
1816 3431 1885 3485 et
1915 3422 2213 3504 impium.
2525 3421 2738 3484 Lectio
2768 3420 2836 3502 ej.

1638 3514 1869 3644 ¹Pro
1914 3529 1995 3574 eo
2039 3517 2263 3573 autem
2294 3508 2473 3592 quod
2510 3508 2723 3573 occidi
2769 3509 2835 3571 in

1795 3607 1864 3662 te
1902 3598 2157 3681 justum
2188 3607 2258 3661 et
2285 3597 2565 3680 impium
2596 3597 2839 3661 idcirco

1641 3687 2017 3770 egredietur
2051 3685 2314 3768 gladius
2362 3705 2551 3749 meus
2595 3686 2681 3749 de
2723 3705 2839 3749 va-

1639 3777 1801 3858 gina
1840 3794 1961 3838 sua
2002 3775 2089 3838 ad
2134 3793 2401 3839 omnem
2446 3793 2711 3838 carnem
2752 3773 2841 3838 ab

1527 3913 1540 3928 .
1643 3873 1869 3928 austro
1927 3864 2013 3927 ad
2062 3862 2485 3946 aquilonem:
2538 3871 2615 3928 ut
2673 3862 2841 3926 sciat

1641 3953 1857 4016 omnis
1911 3971 2106 4017 caro:
2155 3951 2313 4034 quia
2359 3971 2488 4034 ego
2532 3949 2841 4015 dominus

1641 4041 1849 4105 eduxi
1894 4039 2193 4124 gladium
2225 4059 2450 4105 meum
2481 4039 2567 4104 de
2596 4038 2842 4122 vagina

1643 4149 1765 4193 sua
1796 4127 2303 4193 irrevocabilem.
2502 4127 2715 4192 Lectio
2744 4127 2845 4210 iij.

1872 4225 1945 4281 tu
1999 4216 2090 4280 fili
2140 4215 2429 4282 hominis
2485 4217 2843 4300 ingemisce

1796 4305 1863 4369 in
1892 4305 2288 4372 contritione
2318 4305 2733 4372 lumborum:
2774 4313 2843 4370 ct

1435 4496 1448 4524 ¹
1485 4494 1717 4544 cincino:
1756 4493 1819 4545 N.
