3375 5100
1593 354 2014 412 DOMINICA

1066 464 1221 521 235

536 573 651 635 dio
711 570 999 655 paradisi
1060 592 1146 635 ne
1207 568 1539 634 comedas,
1656 568 1738 631 In

538 682 675 743 qua
703 660 867 723 hora
896 658 1263 723 comederis
1295 668 1508 721 morte
1542 657 1740 719 mori-

537 751 678 813 eris.
746 766 791 835 y
838 746 1302 830 Precepitque¹
1336 747 1397 809 ei
1428 745 1742 808 dominus

538 839 707 901 deus
780 858 871 899 ex
933 836 1115 899 omni
1193 836 1373 917 ligno
1450 833 1739 916 paradisi

538 925 845 991 comede:
878 924 963 987 de
996 923 1179 1005 ligno
1212 931 1436 985 autern
1468 920 1741 985 scientie

540 1014 701 1076 boni
763 1022 831 1076 et
893 1012 1051 1074 mali
1102 1031 1185 1074 ne
1232 1009 1565 1073 comedas,
1659 1009 1740 1071 In

540 1122 689 1183 qua.
1352 1097 1566 1160 Lectio
1595 1096 1738 1179 viij.

540 1190 730 1321 H
739 1188 797 1251 ic
851 1187 1077 1268 itaque
1126 1186 1601 1269 paterfamilias
1654 1185 1740 1248 ad

740 1274 1181 1339 excolendam
1214 1275 1475 1337 vineam
1510 1292 1699 1336 suam
1727 1293 1742 1335 :

543 1384 741 1427 mane
781 1363 946 1426 hora
992 1363 1189 1426 tertia
1238 1370 1471 1425 sexta:
1522 1380 1740 1424 nona:

544 1461 611 1516 et
644 1452 996 1515 undecima
1028 1451 1361 1533 operarios
1392 1450 1743 1513 conducit:

542 1539 703 1621 quia
734 1560 775 1603 a
806 1539 1039 1602 mundi
1084 1538 1281 1619 hujus
1314 1539 1501 1601 initio
1532 1556 1742 1618 usque

544 1630 611 1691 in
644 1626 846 1690 finem
880 1626 963 1690 ad
997 1627 1427 1690 erudiendam
1475 1625 1740 1708 plebem

543 1714 879 1779 fidelium:
957 1715 1402 1796 predicatores
1478 1714 1742 1776 mittere

544 1824 680 1867 non
712 1803 988 1867 desistit.
1080 1803 1384 1866 Varietas
1430 1800 1740 1865 horarum

542 1890 789 1973 quibus
807 1892 1086 1973 operarii
1112 1892 1178 1954 in
1207 1891 1395 1954 vinee
1416 1888 1740 1954 culturam

545 1980 935 2043 mittuntur:
966 1978 1148 2043 varia
1180 1980 1399 2060 signat
1440 1987 1744 2059 tempora

548 2068 616 2130 in
642 2068 884 2150 quibus
938 2068 1148 2131 sancti
1201 2067 1479 2150 operarii
1513 2067 1744 2148 utique

542 2154 771 2220 fideles
805 2155 888 2217 ad
924 2156 1292 2238 spiritalem
1322 2156 1588 2218 vineam
1622 2174 1746 2217 ex-

545 2243 895 2308 colendam
932 2244 1112 2306 missi
1147 2251 1318 2307 sunt.
1394 2242 1509 2307 Re.
1546 2242 1744 2306 Dixit

542 2331 853 2395 dominus
914 2333 1081 2395 deus
1142 2352 1275 2395 non
1336 2339 1438 2394 est
1492 2330 1742 2394 bonum

544 2440 689 2483 esse
720 2420 1059 2483 hominem
1094 2420 1329 2482 solum.
1394 2419 1744 2481 Faciamus

546 2509 609 2572 ei
672 2507 1079 2589 adjutorium
1153 2506 1367 2572 simile
1434 2506 1577 2571 sibi.
1703 2524 1745 2592 y

542 2595 703 2660 Ade
748 2617 904 2658 vero
947 2615 1081 2658 non
1129 2595 1586 2658 inveniebatur
1630 2595 1744 2658 ad-

537 2685 725 2765 jutor
784 2683 1017 2747 similis
1078 2683 1265 2762 ejus:
1338 2683 1518 2746 dixit
1587 2703 1744 2747 vero

544 2773 726 2834 deuS.
823 2772 1191 2834 FaciamuS.
1414 2770 1627 2834 Lectio
1658 2772 1744 2835 ix.

544 2861 877 2992 Mane
910 2859 1157 2941 quippe
1204 2859 1435 2921 mundi
1484 2857 1609 2922 fuit
1654 2859 1744 2922 ab

752 2947 951 3009 adam
984 2965 1194 3028 usque
1228 2947 1311 3010 ad
1348 2947 1513 3011 Noe.
1583 2947 1746 3010 Ter-

544 3035 639 3098 tia
698 3055 739 3098 a
800 3054 925 3098 noe
986 3055 1195 3117 usque
1256 3035 1341 3098 ad
1404 3034 1744 3100 abraham.

548 3123 771 3187 Sexta
837 3122 923 3186 ab
999 3122 1318 3187 abraham
1382 3143 1590 3206 usque
1659 3123 1744 3186 ad

544 3231 841 3292 moysen.
1024 3211 1223 3274 Nona
1342 3232 1383 3274 a
1472 3213 1745 3293 moyse²

544 3301 630 3362 ad
710 3300 1071 3362 adventum
1138 3299 1409 3363 domini.
1516 3301 1748 3366 Unde-

544 3388 721 3451 cima
752 3389 838 3451 ab
880 3387 1171 3451 adventu
1227 3388 1480 3452 domini
1536 3409 1747 3470 usque

542 3476 629 3540 ad
684 3475 884 3540 finem
936 3477 1156 3540 seculi.
1250 3477 1547 3540 Diversis
1589 3496 1748 3557 ergo

546 3563 725 3627 horis
757 3565 1037 3647 operarii
1073 3566 1137 3627 in
1168 3565 1431 3628 vineam
1466 3565 1746 3627 mittun-

543 3663 695 3716 tur:
773 3655 931 3734 quia
995 3654 1060 3715 in
1122 3653 1397 3717 diversis
1457 3653 1748 3716 etatibus

548 3741 853 3804 homines
886 3762 1005 3825 per
1034 3742 1330 3805 divinam
1356 3741 1639 3822 gratiam
1660 3742 1747 3804 ad

548 3829 729 3892 bona
792 3831 1132 3912 operanda
1206 3839 1544 3894 vocantur.
1635 3828 1749 3892 Re.

547 3917 685 3980 Ubi
738 3926 840 3980 est
895 3917 1045 3981 abel
1099 3917 1298 3981 frater
1356 3927 1511 3981 tuus
1572 3917 1752 3982 dixit

542 4004 857 4068 dominus
890 4006 974 4067 ad
999 4025 1206 4087 cayn:
1238 4007 1460 4070 nescio
1479 4005 1751 4069 domine

542 4092 839 4174 nunquid
877 4101 1097 4156 custos
1143 4093 1361 4158 fratris
1411 4095 1541 4157 mei
1590 4114 1738 4157 sum

540 4200 703 4262 ego:
738 4189 805 4242 et
828 4180 1004 4243 dixit
1036 4182 1121 4244 ad
1154 4202 1305 4244 eum
1328 4182 1486 4263 quid
1510 4182 1736 4246 fecisti.

543 4269 723 4332 Ecce
773 4289 911 4331 vox
961 4269 1301 4352 sanguinis
1363 4271 1579 4334 fratris
1642 4272 1736 4334 tui

538 4356 689 4421 abel
743 4357 989 4420 clamat
1038 4359 1120 4420 ad
1158 4378 1264 4420 me
1294 4358 1379 4422 de
1411 4369 1599 4422 terra.
1693 4377 1736 4442 γ

543 4445 905 4510 Maledicta
957 4455 1128 4509 terra
1200 4447 1263 4508 in
1326 4467 1524 4528 opere
1588 4449 1740 4509 tuo³

674 4589 687 4613 ⁸
728 4583 879 4647 ‘que'
906 4599 1033 4633 om.:
1072 4583 1292 4635 E.G.W.

671 4648 692 4677 ⁸
744 4663 857 4698 suo:
884 4649 1011 4698 ΕΟ.

1422 4652 1438 4680 ⁴
1487 4649 1724 4699 cherubin
1745 4667 1755 4700 :
1779 4651 1931 4701 G.W.

2343 462 2500 519 236

1837 588 1967 651 que
1997 568 2257 653 aperuit
2289 589 2362 631 os
2395 588 2618 640 suum:
2651 576 2720 631 et
2739 570 3032 652 suscepit

1834 658 2228 739 sanguinem
2283 656 2501 721 fratris
2553 658 2650 720 tui
2697 658 2783 720 de
2829 678 3030 721 manu

1837 754 1969 809 tua.
2037 746 2228 809 Ecce.
2309 744 2551 809 Gloria.
2633 745 2828 809 Ecce.
2903 746 3033 809 Re-

1836 834 2190 915 incipiatur
2208 831 2718 914 Responsorium.
2771 834 2906 898 Ubi
2931 844 3032 897 est

1835 922 2003 984 abel.
2035 930 2137 1003 pf.
2170 921 2271 984 Te
2288 922 2508 984 deum.
2541 941 2665 983 non
2683 920 2946 985 dicatur
2959 931 3036 986 ut

1833 1020 2038 1091 supra
2070 1019 2338 1071 notatur
2368 1010 2436 1071 in
2452 1009 2683 1089 prima
2711 1010 3034 1073 dominica

1833 1099 2154 1161 adventus
2181 1098 2447 1160 domini.

1926 1185 2354 1267 Responsoria
2368 1184 2668 1264 ferialia.
2743 1184 3032 1249 Immisit

1839 1272 2152 1337 dominus
2213 1272 2522 1355 soporem
2583 1273 2651 1335 in
2713 1272 2911 1336 adam
2965 1282 3035 1337 et

1841 1361 1994 1425 tulit
2069 1381 2270 1424 unam
2331 1361 2418 1425 de
2479 1361 2681 1423 costis
2741 1360 2921 1441 ejus:
2965 1372 3034 1425 et

1840 1449 2169 1514 edificavit
2223 1458 2476 1512 costam
2539 1468 2740 1530 quam
2794 1450 3036 1513 tulerat

1839 1538 2147 1601 dominus
2195 1537 2282 1600 de
2311 1537 2511 1601 adam
2545 1538 2612 1599 in
2645 1536 2988 1601 mulierem
3016 1560 3032 1603 :

1840 1636 1908 1690 et
1937 1626 2225 1690 adduxit
2270 1645 2418 1688 eam
2467 1626 2553 1689 ad
2603 1626 2802 1689 adam
2837 1634 2911 1689 ut
2940 1626 3038 1689 vi-

1838 1715 2025 1779 deret
2055 1714 2214 1796 quid
2247 1721 2513 1777 vocaret
2543 1733 2710 1776 eam.
2796 1714 2888 1776 Et
2917 1734 3032 1777 vo·

1839 1803 2014 1867 cavit
2063 1821 2305 1865 nornen
2358 1799 2502 1882 ejus
2549 1800 2814 1883 virago:
2880 1802 3038 1883 quia

1839 1892 1924 1954 de
1955 1892 2098 1954 viro
2127 1910 2248 1953 suo
2279 1898 2548 1971 sumpta
2577 1898 2694 1953 est.
2785 1905 2834 1975 γ
2883 1890 3038 1953 Hoc

1843 1998 2017 2042 nunc
2049 1998 2124 2041 os
2154 1998 2244 2041 ex
2275 1978 2533 2041 ossibus
2583 1978 2747 2039 meis
2779 1986 2848 2041 et
2878 1997 3034 2041 caro

1841 2068 1927 2130 de
1959 2086 2156 2129 carne
2188 2085 2354 2129 mea.
2449 2065 2538 2127 Et
2568 2066 2850 2128 vocavit.
2919 2067 3034 2131 Re.

1843 2154 2028 2218 Dum
2058 2153 2431 2217 ambularet
2481 2153 2790 2216 dominus
2824 2154 2888 2215 in
2922 2174 3036 2235 pa-

1843 2242 2135 2306 radisum
2157 2242 2240 2305 ad
2265 2260 2492 2305 auram
2515 2252 2668 2323 post
2689 2242 3030 2305 meridiem

1839 2330 2156 2394 clamavit
2185 2339 2253 2394 et
2282 2330 2496 2393 dixit:
2541 2330 2740 2393 adam
2759 2330 2894 2393 'ubi
2925 2350 3036 2393 es:

1842 2419 2060 2483 audivi
2092 2418 2362 2481 domine
2393 2438 2624 2482 vocem
2657 2425 2860 2481 tuam.
2942 2419 3032 2481 Et

1841 2506 2162 2572 abscondi
2224 2526 2345 2570 me.
2438 2523 2485 2592 y
2531 2506 2784 2570 Vocem
2849 2515 3034 2570 tuam

1840 2597 2110 2660 domine
2172 2595 2395 2658 audivi
2459 2597 2524 2658 in
2586 2595 2896 2676 paradiso
2970 2604 3040 2659 et

1841 2685 2033 2748 timui
2067 2704 2147 2746 eo
2177 2683 2357 2765 quod
2391 2683 2608 2746 nudus
2639 2703 2870 2747 essem.
2944 2683 3036 2746 Et

1841 2772 2177 2837 abscondi.
2269 2771 2382 2834 Re.
2434 2770 2512 2834 In
2543 2772 2787 2836 sudore
2816 2770 3040 2834 vultus

1843 2861 1938 2925 tui
1971 2858 2253 2924 vesceris
2284 2879 2456 2942 pane
2488 2867 2604 2922 tuo
2623 2860 2798 2923 dixit
2827 2859 3044 2922 domi-

1843 2969 1968 3012 nus
1981 2949 2066 3012 ad
2087 2948 2286 3012 adam
2307 2968 2320 3010 :
2342 2966 2493 3011 cum
2513 2957 2824 3030 operatus
2845 2946 3043 3010 fueris

1843 3047 2087 3100 terram
2136 3055 2270 3100 non
2321 3035 2509 3098 dabit
2561 3035 2810 3099 fructus
2841 3055 3040 3098 suos:

1843 3127 1959 3190 sed
1993 3126 2216 3207 spinas
2241 3133 2309 3187 et
2341 3122 2618 3186 tribulos
2640 3122 3044 3205 germinabit

1845 3214 1982 3278 tibi.
2073 3230 2121 3297 γ
2184 3213 2312 3276 Pro
2371 3232 2452 3275 eo
2512 3213 2693 3294 quod
2756 3211 3042 3275 obedisti

1845 3302 1990 3366 voci
2045 3301 2275 3364 uxoris
2319 3309 2435 3364 tue
2496 3301 2852 3382 plusquam
2901 3319 3047 3362 mee

1843 3388 2202 3454 maledicta
2261 3394 2435 3451 terra
2511 3388 2579 3450 in
2655 3407 2855 3469 opere
2909 3396 3042 3450 tu0.

1846 3479 2018 3544 Cum
2053 3488 2382 3558 operatus.
2474 3475 2586 3540 Re.
2623 3476 2800 3540 Ecce
2845 3475 3044 3540 adam

1844 3567 2034 3648 quasi
2087 3585 2257 3628 unus
2307 3585 2398 3628 ex
2453 3563 2648 3628 nobis
2693 3564 2911 3628 sactus
2941 3572 3047 3626 est

1845 3655 2058 3717 sciens
2089 3653 2339 3716 bonum
2371 3662 2438 3716 et
2471 3652 2740 3716 malum.
2800 3651 3046 3716 Videte

1847 3762 1931 3805 ne
1971 3741 2141 3805 forte
2187 3751 2410 3804 sumat
2459 3741 2546 3803 de
2585 3739 2769 3822 ligno
2799 3741 2934 3804 vite
2980 3749 3050 3802 et

1844 3831 2026 3894 vivat
2059 3831 2123 3892 in
2165 3839 2482 3893 eternum.
2576 3846 2621 3915 y
2669 3827 3049 3893 Collocavit

1849 3928 2005 3982 ante
2069 3917 2448 4000 paradisum
2510 3917 2848 3981 cherubim
2879 3917 2930 3980 :⁴
2982 3926 3052 3979 et

1851 4005 2277 4070 flammeum⁵
2327 4005 2626 4088 gladium
2677 4015 2877 4086 atque
2909 4025 3055 4066 ver-

1851 4095 2113 4158 satilem
2167 4093 2252 4157 ad
2303 4094 2808 4158 custodiendam
2873 4092 3051 4154 viam

1843 4183 2004 4264 ligni
2035 4183 2170 4246 vite
2201 4182 2467 4245 dicens:
2515 4182 2760 4246 Videte
2795 4201 2895 4244 ne.
3001 4197 3046 4266 y

1845 4273 1996 4334 Fiat
2028 4271 2477 4334 misericordia
2507 4279 2642 4334 tua.

1841 4361 1924 4424 In
1949 4358 2267 4423 laudibus.
2683 4355 3054 4439 antiphona.

1975 4589 1994 4616 ²
2035 4590 2216 4649 ‘usque
2238 4583 2250 4607 ²
2272 4583 2370 4633 add
2398 4603 2410 4633 ι
2447 4581 2667 4632 E.G.W.

2261 4654 2280 4681 ³
2315 4651 2566 4698 flameum:
2605 4647 2752 4698 E.w.
