3375 5100
1122 331 1746 388 EXPOSITIONES
1789 331 2468 391 EVANGELJORUM

1085 441 1234 495 627

560 549 723 632 legis
746 547 1059 612 noticiam
1084 557 1151 612 et
1171 547 1277 611 dei
1302 547 1748 630 cognitionem

560 639 831 703 habuit:
876 637 963 700 de
992 635 1189 718 longe
1229 645 1452 699 autem
1482 635 1749 717 gentilis

557 728 740 791 venit
828 726 1096 810 quando
1182 734 1337 807 post
1421 725 1746 788 idolorum

558 816 881 880 culturam
957 814 1041 877 ad
1118 812 1225 877 dei
1300 812 1747 894 cognitionem

557 923 910 968 conversus
934 911 1049 966 est.
1096 902 1427 984 promittit
1447 921 1603 983 ergo
1626 903 1746 965 do-

554 995 773 1056 minus
818 991 1039 1054 cibum
1084 1009 1155 1052 se
1202 990 1509 1052 daturum
1542 991 1743 1052 etiam

554 1082 649 1144 eis
688 1080 802 1164 qui
856 1079 939 1142 de
987 1078 1183 1160 longe
1218 1077 1533 1140 veniunt:
1590 1077 1746 1159 quia

552 1189 684 1232 non
718 1168 932 1232 solum
960 1167 1174 1248 justos
1219 1165 1335 1228 sed
1373 1165 1481 1227 et¹
1514 1185 1742 1247 pecca-

552 1267 727 1322 tores
767 1274 1116 1319 conversos
1149 1253 1380 1336 recipit
1406 1260 1475 1316 et
1506 1273 1744 1334 agnos—

551 1347 657 1410 cit.
1408 1341 1627 1404 Lectio
1658 1341 1742 1404 ix.

546 1433 965 1565 Dominus
996 1431 1195 1514 igitur
1220 1430 1413 1511 Jesus
1440 1429 1741 1494 Christus

703 1539 855 1585 cum
887 1528 1141 1602 septem
1174 1518 1456 1600 panibus
1492 1538 1740 1600 paucos

544 1607 939 1692 pisciculos²
986 1606 1183 1689 jussit
1242 1607 1535 1689 apponi:
1581 1608 1739 1689 quia

545 1707 923 1762 sanctorum
964 1693 1277 1778 exempla
1324 1715 1473 1760 cum
1520 1695 1738 1777 predi-

542 1788 800 1850 catione
820 1784 998 1848 verbi
1020 1785 1104 1848 ad
1127 1783 1521 1847 imitandum
1542 1782 1735 1847 nobis

540 1874 839 1958 quotidie
883 1873 1325 1956 predicatores
1378 1869 1732 1953 preferunt.

542 1963 749 2028 Recte
782 1963 957 2026 enim
991 1963 1058 2024 in
1084 1958 1199 2023 illa
1222 1959 1571 2022 resectione
1603 1981 1733 2042 que

538 2073 627 2116 ex
681 2053 974 2134 quinque
1028 2049 1310 2132 panibus
1363 2047 1539 2111 facta
1586 2058 1731 2113 est:

537 2141 717 2204 duo⁸
763 2141 977 2222 pisces
1029 2137 1229 2200 fuisse
1282 2145 1734 2200 memorantur

536 2239 607 2294 et
636 2229 741 2293 hic
773 2231 1058 2293 incertus
1096 2245 1407 2288 numerus
1438 2225 1732 2288 ostendi-

533 2327 678 2382 tur:
711 2319 866 2400 quia
888 2315 975 2379 ad
998 2313 1559 2396 comparationem
1586 2313 1732 2377 illo-

534 2426 680 2470 rum
742 2406 855 2488 qui
920 2423 1009 2468 ex
1071 2402 1320 2485 populo
1375 2400 1728 2483 judeorum

534 2494 841 2561 credituri
886 2500 1075 2557 erant
1120 2489 1378 2554 infinita
1430 2490 1730 2555 multitu-

533 2584 623 2647 do
676 2604 764 2647 ex
808 2580 1039 2665 gentili
1092 2579 1341 2662 populo
1393 2580 1478 2643 ad
1527 2578 1726 2643 fidem

532 2672 729 2736 venit.
820 2670 905 2733 In
945 2688 1194 2749 evange.
1228 2674 1331 2730 αὴ.
1412 2667 1730 2731 Misereor

533 2780 731 2841 super
788 2757 1093 2821 turbam:
1161 2755 1317 2837 quia
1378 2775 1529 2819 ecce
1585 2755 1725 2836 jam

532 2848 755 2911 triduo
799 2846 1128 2909 sustinent
1161 2864 1267 2907 me
1312 2863 1434 2906 nec
1475 2843 1726 2909 habent

532 2936 712 3018 quod
746 2934 1193 2998 manducent:
1230 2940 1297 2993 et
1326 2933 1381 2994 si
1413 2932 1726 2996 dimisero

533 3045 649 3087 eos
682 3022 949 3106 jejunos
994 3020 1299 3084 deficient
1332 3020 1396 3083 in
1428 3021 1537 3083 via
1566 3020 1724 3084 alle-

533 3112 683 3177 luia.
759 3119 859 3192 pff.
908 3108 1323 3173 Benedictus.
1477 3108 1723 3174 Oratio.

688 3220 803 3265 eus
826 3198 1143 3262 virtutum
1167 3196 1356 3278 cujus
1380 3206 1481 3261 est
1505 3206 1722 3261 totum

686 3286 867 3371 quod
942 3295 1043 3351 est
1105 3286 1433 3367 optimum
1510 3286 1724 3349 insere

532 3376 908 3461 pectoribus
968 3373 1207 3437 nostris
1270 3392 1563 3436 amorem
1624 3375 1721 3438 tui

531 3466 860 3530 nominis:
908 3472 975 3527 et
1007 3470 1229 3546 presta
1278 3461 1344 3525 in
1388 3463 1579 3525 nobis
1625 3484 1724 3525 re-

528 3553 790 3637 ligionis
809 3560 1274 3635 augmentum:
1309 3558 1383 3613 ut
1407 3571 1537 3632 que
1567 3561 1724 3615 sunt

526 3644 702 3707 bona
734 3642 1026 3705 nutrias:
1073 3660 1151 3703 ac
1189 3639 1455 3721 pietatis
1500 3640 1722 3703 studio

528 3752 657 3815 que
704 3740 857 3795 sunt
888 3727 1137 3794 nutrita
1168 3728 1520 3791 custodias,
1600 3728 1726 3791 Per

522 3822 885 3884 dominum.
947 3817 1073 3881 Ad
1110 3826 1397 3898 vesperas
1441 3816 1509 3878 in
1539 3836 1720 3881 evan.

521 3918 626 3973 art.
710 3908 1007 3988 Precepit
1061 3905 1253 3967 turbe
1304 3904 1722 3969 discumbere

522 4017 722 4079 super
773 4004 1016 4059 terram
1066 4003 1135 4058 et
1182 3992 1511 4075 accipiens
1571 4013 1720 4075 sep-

520 4094 659 4149 tem
709 4102 913 4165 panes
966 4081 1213 4165 gratias
1263 4099 1468 4163 agens
1520 4079 1716 4163 fregit

523 4183 589 4236 et
634 4172 821 4235 dedit
870 4169 1207 4252 discipulis
1258 4170 1429 4234 suis:
1476 4178 1545 4233 et
1598 4190 1715 4251 ap-
1799 4180 1899 4253 pf.
1953 4172 2366 4237 Benedictus,

520 4268 883 4344 posuerunt
956 4258 1151 4323 turbe
1227 4256 1511 4322 alleluia.
1609 4268 1709 4341 ps‘:

521 4346 926 4433 Magnificat.

948 4484 961 4513 ¹
1000 4496 1092 4547 pro
1120 4484 1135 4508 ⁸
1153 4478 1232 4529 et’
1255 4479 1405 4531 etiam
1431 4500 1442 4531 :
1478 4480 1639 4531 N.w.

943 4551 964 4580 ²
995 4546 1300 4611 discipulos:
1336 4548 1405 4597 N.

2354 442 2509 500 628

1849 553 1914 626 ΙΙ
1945 548 2292 613 Dominica
2319 548 2461 631 vit-'72
2512 546 2645 612 Sec.
2667 547 3045 632 mattheum.

1842 639 1988 768 ln
2038 637 2152 701 illo
2201 647 2544 722 tempore:
2604 638 2800 702 Dixit
2843 637 3044 718 Jesus

1942 725 2278 808 discipulis
2338 727 2489 790 suiS.
2585 726 2941 790 Attendite
3000 748 3044 790 a

1843 811 2024 877 falsis
2069 813 2410 897 prophetis
2455 812 2567 896 qui
2617 815 2890 878 veniunt
2947 816 3038 878 ad

1841 923 1961 965 vos
2022 903 2086 964 in
2137 903 2550 966 vestimentis
2609 905 2876 966 ovium:
2937 904 3042 966 in-

1841 991 2160 1054 trinsecus
2219 1001 2442 1054 autem
2503 1001 2659 1054 sunt
2720 990 2858 1073 lupi
2933 1013 3042 1054 ra-

1841 1098 2054 1161 paces.
2144 1079 2212 1142 A
2244 1079 2561 1143 fructibus
2605 1099 2834 1142 eorum
2881 1099 3041 1162 cog-

1841 1167 2127 1232 noscetis
2157 1188 2290 1230 e03.
2370 1167 2460 1230 Et
2491 1167 2760 1248 reliqua.

1845 1255 2098 1319 Omelia
2133 1253 2440 1338 Ortjgenis
2466 1255 2755 1320 doctoris.
2816 1254 3040 1319 Lectio

1839 1345 2029 1474 H
2024 1345 2244 1408 cretici
2275 1364 2432 1426 ergo
2457 1344 2688 1407 fratres
2712 1344 2863 1408 cha·
2891 1344 3037 1427 [vij.

2026 1433 2263 1496 tissimi
2325 1433 2511 1514 quasi
2562 1433 2784 1496 ovium
2834 1434 3037 1496 vesti-

1838 1521 2080 1584 mentis
2125 1541 2196 1583 se
2242 1522 2524 1584 induunt
2555 1520 2714 1583 dum
2753 1520 3036 1584 catholi-

1835 1628 2060 1672 corum
2136 1619 2400 1691 patrum
2475 1609 2836 1672 sententias
2913 1631 3036 1674 sue

1835 1695 2132 1760 doctrine
2179 1698 2609 1761 interserunt:
2657 1706 2728 1760 ut
2771 1696 3033 1761 facilius

1833 1784 2228 1867 simplicium
2276 1785 2550 1848 fratrum
2597 1786 2798 1849 corda
2849 1787 3033 1850 deci—

1831 1894 1984 1956 pere
2018 1874 2290 1956 possint.
2346 1873 2581 1939 Sciunt
2603 1875 2824 1938 enim:
2869 1875 3032 1956 quia

1831 1963 1884 2023 si
1927 1982 2187 2044 semper
2231 1962 2408 2025 mala
2451 1963 2787 2025 dicerent:
2833 1963 3031 2026 citius

1829 2050 2076 2132 cogniti
2111 2061 2507 2115 caverentur.
2601 2049 2692 2114 Et
2723 2051 2874 2114 ideo
2905 2051 3034 2114 bo-

1829 2158 1917 2200 na
1963 2138 2152 2201 malis
2197 2139 2606 2202 immiscent:
2649 2148 2724 2202 ut
2753 2139 2916 2202 dum
2949 2139 3032 2202 li-

1827 2225 2061 2289 benter
2083 2227 2147 2290 id
2182 2228 2359 2310 quod
2386 2247 2612 2290 verum
2638 2235 2739 2290 est
2758 2227 3032 2291 auditur

1827 2334 1958 2377 non
1984 2314 2174 2379 facile
2204 2314 2271 2379 id
2304 2315 2483 2398 quod
2507 2314 2745 2379 salsum
2766 2325 2868 2378 est
2887 2316 3032 2390 dis,

1825 2413 2144 2468 cernatur.
2628 2403 2848 2466 Lectio
2877 2405 3028 2487 viij.

1844 2490 2130 2625 Tales
2195 2513 2353 2575 ergo
2425 2490 2597 2575 lupis
2673 2492 3027 2575 rapacibus

1991 2590 2462 2663 comparantur
2489 2602 2502 2644 :
2561 2582 2720 2663 quia
2751 2602 2918 2663 quos
2950 2584 3022 2647 in

1825 2669 2084 2733 occulto
2137 2670 2441 2752 decipere
2500 2690 2633 2733 non
2695 2679 3022 2752 possunt:

1823 2757 2082 2840 publice
2117 2758 2564 2841 insequuntur.
2657 2757 2856 2821 Tales
2899 2759 3024 2841 igi·

1822 2855 1932 2908 tur
1955 2846 2148 2926 jubet
2194 2845 2500 2909 dominus
2545 2866 2815 2911 cavere:
2861 2848 3024 2929 quia

1823 2934 1992 2997 sicut
2025 2935 2348 2998 bonorum
2395 2936 2800 2997 consortium
2845 2935 3020 2998 mul-

1823 3030 1965 3085 tum
2011 3022 2320 3105 adjuvat:
2387 3024 2478 3087 sic
2534 3022 2858 3087 malorum
2913 3044 3022 3087 so-

1821 3110 2024 3174 cietas
2059 3110 2340 3175 multum
2374 3120 2584 3175 nocet.
2682 3111 2899 3174 Lectio
2929 3111 3020 3176 ix.

1819 3200 1974 3331 A
2007 3198 2326 3263 fructibus
2351 3220 2577 3263 eorum
2603 3200 3019 3281 cognoscetis

1987 3308 2116 3351 eos,
2198 3287 2353 3351 Noli
2406 3308 2565 3371 ergo
2613 3288 2680 3350 in
2726 3288 3022 3352 heretico

1819 3394 2090 3457 querere
2137 3375 2293 3439 solia
2323 3378 2668 3440 verborum
2703 3376 3018 3458 pulchra:

1819 3464 1936 3527 sed
1976 3463 2128 3527 fidei
2177 3466 2549 3545 puritatem.
2643 3464 2735 3528 Et
2765 3465 2897 3528 noli
2947 3466 3014 3529 in

1819 3552 2174 3617 christiano
2214 3552 2635 3616 solummodo
2670 3553 3019 3617 attendere

1819 3639 2066 3704 famam
2092 3639 2265 3705 bone
2296 3642 2662 3723 opinionis:
2695 3642 2812 3705 sed
2844 3642 3017 3705 fruc-

1819 3738 1961 3792 tum
2009 3730 2308 3812 inquire⁴
2349 3729 2638 3813 perfecte
2685 3732 3019 3812 operatio-

1819 3818 1934 3881 nis,
2025 3817 2110 3880 In
2139 3838 2387 3900 evange.
2419 3827 2525 3882 ar‘i.
2587 3818 2942 3882 Attendite
2973 3840 3020 3883 a

1817 3902 1998 3969 salsis
2050 3907 2386 3989 prophetis
2435 3908 2548 3990 qui
2597 3907 2871 3970 veniunt
2925 3908 3010 3970 ad

1817 4015 1936 4057 vos
2013 3996 2080 4058 in
2139 3996 2550 4059 vestimentis
2626 3997 2892 4059 ovium:
2971 4017 3016 4060 a

1817 4082 2133 4146 fructibus
2164 4104 2390 4148 eorum
2421 4084 2835 4167 cognoscetis
2876 4104 3014 4149 e05.

2761 4172 3011 4237 Oratio.

1813 4262 2085 4392 Deus
2131 4260 2318 4341 cujus
2362 4260 2777 4343 providentia
2807 4262 2873 4323 in
2907 4265 3014 4324 sui

1970 4349 2401 4431 dispositione
2438 4369 2571 4413 non
2604 4349 2893 4413 fallitur:
2940 4360 3013 4413 te

2140 4484 2161 4513 ⁸
2193 4484 2354 4533 duos:
2387 4484 2458 4535 N.

2138 4552 2157 4582 ⁴
2191 4550 2469 4614 inquirere:
2504 4551 2573 4601 N.
