3375 5100
894 318 1111 375 POST
1154 317 1362 374 OCTA
1378 319 1532 373 VAS
1575 317 2254 376 PENYHECOSTES.

865 426 999 481 561

346 533 519 599 fidei.
596 543 697 616 pff.
789 535 1037 598 Beatus
1128 535 1241 598 vir.
1330 542 1437 598 etc.
1498 549 1540 619 γ

351 623 612 687 Memor
641 623 751 688 fui.
1253 621 1470 686 Lectio
1479 623 1542 704 j.

348 713 609 844 Fuit
636 712 738 775 vir
783 731 973 774 unus·
1003 711 1087 775 de
1137 710 1545 774 ramathaso-

511 800 693 882 phim
712 799 728 838 ¹
753 801 841 864 de
864 809 1090 863 monte
1112 799 1432 881 ephraym
1450 807 1546 862 :et

351 908 592 952 nomen
647 889 789 971 ejus
839 886 1117 952 helcana
1163 887 1335 950 filius
1374 887 1546 970 jero-

350 977 594 1040 boam:
640 976 757 1040 filii
790 977 977 1040 elue²
1030 997 1044 1040 :
1090 975 1207 1039 filii
1240 974 1398 1039 thau
1432 975 1545 1038 filii

350 1065 524 1148 suph
544 1064 941 1149 ephrateus,⁸
1006 1065 1096 1128 Et
1118 1064 1351 1128 habuit
1380 1064 1547 1126 duas

351 1174 608 1218 uxores.
700 1153 967 1218 Nomen
1027 1153 1139 1216 uni
1200 1173 1415 1216 anna:
1479 1160 1548 1215 et

350 1261 594 1306 nomen
654 1242 942 1306 secunde
988 1241 1287 1305 fenenna.
1380 1241 1547 1302 Fue-

348 1340 633 1413 runtque
684 1331 963 1394 fenenne
1008 1330 1165 1393 filii:
1209 1349 1383 1393 anne
1433 1349 1548 1391 au-

350 1426 487 1482 tem
519 1440 651 1483 non
684 1429 869 1483 erant
902 1418 1101 1482 liberi.
1176 1418 1293 1481 Re.
1360 1417 1548 1482 Deus

349 1509 648 1571 omnium
682 1507 1037 1571 exauditor
1067 1516 1168 1570 est
1198 1507 1338 1588 ipse
1370 1505 1549 1569 misit

351 1596 663 1678 angelum
688 1615 879 1658 suum
904 1603 973 1658 et
996 1595 1147 1658 tulit
1167 1615 1274 1658 me
1293 1595 1376 1657 de
1406 1593 1548 1656 ovi-

352 1684 477 1748 bus
538 1685 744 1767 patris
798 1683 944 1747 mei.
1036 1684 1127 1747 Et
1188 1683 1386 1747 unxit
1440 1702 1547 1744 me

351 1773 663 1836 unctione
685 1770 1127 1836 misericordie
1145 1791 1276 1835 sue.
1326 1788 1375 1857 γ
1406 1771 1546 1833 Do-

350 1860 571 1924 minus
605 1861 718 1942 qui
749 1861 987 1943 eripuit
1019 1880 1125 1923 me
1156 1861 1241 1924 de
1272 1879 1384 1922 ore
1415 1857 1547 1922 leo-

350 1948 453 2011 nis
485 1958 552 2012 et
583 1947 669 2012 de
720 1969 917 2012 manu
971 1948 1181 2012 bestie
1230 1947 1546 2011 liberavit.

352 2056 479 2100 me.
571 2036 679 2100 Et.
1234 2035 1445 2117 Lectio
1476 2035 1547 2117 y'.

582 2124 980 2188 ascendebat
1010 2124 1109 2188 vir
1138 2124 1247 2187 ille
1278 2125 1363 2188 de
1394 2123 1546 2188 civi-

502 2221 643 2276 tate
673 2233 830 2278 sua:
877 2215 1143 2277 statutis
1185 2213 1420 2277 <liebus
1471 2221 1546 2276 ut

350 2300 660 2365 adoraret
707 2311 775 2365 et
826 2301 1217 2366 sacrificaret
1273 2299 1546 2363 domino

352 2391 765 2454 exercituum
820 2389 887 2453 in
934 2389 1096 2472 sylo,
1192 2389 1399 2453 Erant
1431 2409 1544 2452 au·

350 2487 489 2541 tem
552 2477 639 2541 ibi
702 2477 837 2541 duo
866 2477 982 2541 filii
1036 2477 1230 2561 hely:
1276 2477 1414 2540 ofni
1477 2485 1546 2541 et

348 2566 553 2631 finees
581 2568 957 2631 sacerdotes
986 2566 1255 2631 domini.
1344 2566 1547 2631 Venit

348 2675 507 2737 ergo
538 2655 679 2719 dies
731 2665 800 2719 et
854 2654 1220 2719 immolavit
1251 2653 1541 2719 helcana.

351 2744 690 2826 Deditque
750 2744 1031 2807 fenenne
1085 2744 1277 2808 uxori
1330 2764 1446 2807 sue
1477 2752 1545 2806 et

348 2832 603 2895 cunctis
633 2831 781 2895 filiis
811 2832 953 2914 ejus
984 2840 1053 2895 et
1083 2831 1343 2895 filiabus
1396 2851 1544 2914 par-

349 2928 466 2983 tes,
558 2920 759 2984 Anne
792 2931 1014 2984 autern
1048 2920 1233 2983 dedit
1282 2928 1541 3001 partem

350 3027 550 3071 unam
594 3010 797 3072 tristis
827 3010 983 3090 quia
1014 3028 1257 3072 annam
1311 3008 1542 3090 dilige·

346 3096 481 3161 bat.
531 3097 859 3160 Dominus
890 3105 1113 3160 autem
1138 3096 1548 3160 concluserat

347 3184 614 3248 vulvam
665 3185 823 3266 ejus.
888 3185 1001 3248 Re.
1054 3184 1381 3248 Dominus
1429 3186 1541 3267 qui

348 3274 587 3355 eripuit
637 3294 744 3337 me
804 3274 887 3337 de
942 3294 1054 3337 ore
1105 3274 1311 3341 leonis
1359 3282 1427 3336 et
1458 3274 1543 3337 de

349 3380 549 3424 manu
604 3362 811 3425 bestie
842 3361 1141 3425 liberavit
1173 3380 1293 3426 me.
1389 3362 1543 3444 Ipse

348 3469 457 3512 me
502 3449 733 3532 eripiet
777 3450 861 3513 de
895 3450 1198 3514 manibus
1246 3450 1543 3514 inimico-

348 3558 494 3601 rum
542 3558 855 3602 meorum.
903 3555 950 3623 γ
997 3539 1183 3602 Misit
1228 3538 1390 3602 deus
1422 3538 1541 3601 mi-

345 3626 768 3690 sericordiam
801 3647 1007 3708 suam¹
1056 3637 1125 3690 et
1196 3627 1541 3691 veritatem

347 3734 537 3777 suam
570 3715 860 3778 animam
894 3736 1111 3779 meam
1168 3716 1405 3798 eripuit
1458 3716 1544 3778 de

348 3801 569 3866 medio
614 3803 979 3867 catulorum
1040 3802 1324 3868 leonum.
1372 3804 1545 3887 Ipse.

346 3894 500 4022 A
516 3890 809 3972 ffligebat
840 3911 1105 3975 quoque
1166 3890 1413 3978 [Lectio
1442 3892 1541 3975 iij.

513 3999 661 4042 eam
695 3980 915 4043 emula
939 3980 1079 4062 ejus
1099 3990 1165 4044 et
1188 3980 1541 4044 vehemen-

346 4074 447 4129 ter
474 4068 806 4150 angebat‘:
839 4070 903 4131 in
928 4078 1189 4132 tantum
1210 4079 1283 4132 ut
1302 4088 1543 4150 expro-

345 4154 564 4219 braret
574 4157 753 4239 quod
768 4156 1197 4222 conclusisset
1215 4159 1379 4221 deus
1398 4155 1541 4219 vul-

344 4264 496 4307 vam
522 4245 679 4327 ejuS.
714 4245 959 4328 Sicque
979 4244 1263 4309 faciebat
1282 4245 1541 4327 persin-

346 4332 537 4413 gulos
551 4353 759 4396 annos
784 4354 935 4397 cum
958 4334 1273 4399 redeunte
1284 4344 1545 4416 tempo-

582 4466 595 4495 ¹
630 4466 1014 4531 ramata-sophim
1040 4486 1051 4517 ι
1087 4466 1151 4516 N.

578 4532 600 4563 ²
632 4532 729 4581 eliu
753 4551 765 4582 ε
804 4532 868 4583 Ν.

2164 429 2318 482 562

1645 553 1716 597 re
1736 535 2166 598 ascenderent
2185 535 2251 597 in
2281 533 2609 616 templum
2629 535 2842 598 domi-

1646 623 1754 686 ni:
1801 632 1869 686 et
1898 624 1990 686 sic
2009 622 2411 707 provocabat
2441 643 2606 687 eam.
2641 624 2844 687 Porro

1647 710 1761 773 illa
1793 710 1994 774 flebat
2013 721 2080 775 et
2111 731 2243 774 non
2276 711 2580 793 capiebat
2601 712 2840 775 cibum.

1647 799 1764 862 Re.
1815 799 1964 881 Ego
1976 809 2043 863 et
2062 799 2181 862 tuli
2196 800 2279 863 de
2299 801 2500 863 domo
2525 802 2729 882 patris
2745 801 2844 863 tui

1648 886 1810 950 dicit
1829 888 2136 952 dominus
2162 897 2228 951 et
2260 888 2447 969 posui
2479 897 2548 951 te
2578 908 2846 970 pascere

1649 995 1920 1058 gregem
1954 976 2182 1058 populi
2217 977 2344 1039 mei
2393 986 2461 1039 et
2500 975 2591 1038 sui
2624 985 2845 1040 tecum

1651 1064 1718 1126 in
1751 1064 2057 1128 omnibus
2081 1064 2454 1147 ubicunque
2474 1065 2846 1129 ambulasti.

1653 1153 1710 1215 F
1711 1153 1955 1216 irmans
1985 1172 2260 1235 regnum
2292 1163 2499 1216 tuum.
2569 1154 2648 1216 In
2680 1163 2848 1217 eter-

1654 1261 1830 1304 num.
1922 1258 1964 1328 y
2062 1243 2347 1325 Fecique
2416 1241 2535 1304 tibi
2601 1261 2846 1305 nomen

1650 1329 1901 1411 grande
1927 1329 2124 1411 juxta
2156 1349 2399 1393 nomen
2455 1350 2848 1412 magnorum

1651 1418 1764 1500 qui
1797 1427 1950 1482 sunt
1981 1419 2046 1481 in
2080 1418 2266 1481 terris
2319 1427 2388 1481 et
2439 1438 2661 1498 regem
2693 1418 2849 1482 dedi

1650 1506 1771 1568 tibi
1833 1505 1918 1569 ab
1978 1506 2286 1570 omnibus
2349 1506 2629 1571 inimicis
2698 1508 2845 1571 tuiS.

1653 1594 1969 1658 FirmanS.
2063 1594 2306 1659 Gloria.
2386 1596 2464 1658 In
2527 1605 2845 1660 eternum.

1649 1681 1734 1745 In
1767 1683 1836 1764 ij.
1867 1691 2170 1746 nocturno
2198 1692 2302 1747 aii.
2396 1684 2668 1747 Nature.
2743 1693 2848 1767 pi.

1652 1770 2004 1835 Conserva.
2048 1781 2156 1835 etc.
2290 1772 2517 1835 Media
2548 1783 2758 1836 nocte.

1648 1859 1933 1990 Dixit
1960 1880 2117 1922 vero
2154 1879 2326 1922 anne
2349 1858 2490 1922 hel·
2523 1859 2684 1942 [Lec.
2720 1860 2846 1943 iiij.

1804 1967 1971 2010 cana
2029 1947 2129 2010 vir
2181 1967 2353 2011 suus,
2463 1947 2668 2011 Anna
2732 1969 2850 2012 cur

1650 2033 1768 2099 fles
1822 2044 1890 2099 et
1964 2056 2166 2118 quare
2229 2055 2362 2098 non
2439 2037 2731 2100 comedis
2779 2046 2849 2100 et

1649 2124 2082 2206 quamobrem
2114 2123 2424 2206 affligitur
2468 2145 2580 2187 cor
2610 2127 2849 2188 tuum?

1650 2213 1972 2294 Nunquid
2026 2233 2160 2275 non
2215 2233 2341 2294 ego
2420 2211 2653 2276 melior
2696 2233 2842 2275 sum

1647 2300 1769 2363 tibi
1795 2321 1995 2382 quam
2028 2301 2254 2364 decem
2288 2299 2449 2363 filii?
2542 2301 2848 2365 Surrexit

1647 2399 1873 2453 autem
1919 2409 2092 2453 anna
2137 2399 2492 2472 postquam
2539 2391 2846 2452 comede-

1648 2486 1751 2540 rat
1810 2477 1875 2540 in
1929 2476 2077 2561 sylo
2125 2486 2192 2540 et
2244 2477 2534 2540 biberat:
2581 2488 2647 2542 et
2689 2477 2846 2561 hely

1646 2566 1992 2630 sacerdote
2042 2567 2314 2630 sedente
2366 2588 2561 2649 super
2611 2566 2843 2630 sellam

1646 2664 1804 2718 ante
1828 2664 2052 2738 postes
2085 2654 2318 2736 templi
2341 2654 2366 2691 ⁴
2387 2655 2640 2718 domini
2691 2676 2841 2719 curn

1646 2753 1821 2807 esset
1850 2764 2024 2806 anna
2055 2764 2283 2807 amaro
2319 2744 2543 2807 animo
2570 2765 2585 2808 t
2632 2746 2847 2809 oravit

1645 2831 1994 2894 dominum
2017 2831 2179 2896 flens
2213 2831 2482 2913 largiter
2512 2842 2580 2895 et
2610 2842 2842 2896 votum

1646 2921 1828 2983 vovit
1869 2920 2111 2983 dicens,
2250 2920 2540 2984 Domine
2592 2923 2844 2984 exerci-

1645 3016 1835 3071 tuum
1868 3010 1922 3070 si
1975 3009 2328 3090 respiciens
2375 3008 2614 3072 videris
2645 3010 2844 3073 affiic-

1646 3097 1897 3160 tionem
1931 3096 2176 3159 famule
2209 3106 2320 3159 tue
2358 3106 2422 3159 et
2462 3099 2844 3162 recordatus

1648 3186 1778 3247 mei
1832 3184 2031 3249 fueris
2093 3204 2212 3248 nec
2297 3184 2544 3248 oblitus
2603 3186 2842 3251 ancille

1646 3283 1760 3336 tue
1787 3294 1802 3336 ε
1849 3274 2238 3355 dederisque
2258 3293 2442 3335 serve
2465 3282 2578 3335 tue
2601 3294 2840 3337 sexum

1642 3362 1896 3424 virilem
1927 3382 1941 3423 ε
1989 3360 2165 3424 dabo
2195 3381 2348 3423 eum
2397 3361 2670 3424 domino
2701 3383 2842 3425 om-

1645 3452 1840 3513 nibus
1886 3448 2121 3512 diebus
2167 3449 2301 3512 vite
2327 3448 2508 3531 ejus:
2541 3460 2605 3512 et
2637 3470 2841 3514 nova-

1646 3538 1795 3602 cula
1841 3558 1974 3600 non
2022 3538 2334 3600 ascendet
2384 3558 2582 3619 super
2639 3548 2841 3621 caput

1645 3627 1802 3709 ejus,
1923 3626 2038 3689 Re.
2137 3625 2467 3689 Prevaluit
2512 3624 2711 3689 david
2774 3627 2841 3689 in

1645 3714 2024 3797 philisteum
2058 3713 2122 3776 in
2167 3712 2372 3776 funda
2403 3722 2470 3778 et
2522 3712 2742 3795 lapide
2774 3715 2841 3777 in

1647 3803 1914 3866 nomine
1950 3802 2219 3869 domini.
2311 3801 2681 3883 Agminum
2730 3802 2839 3865 dei

1647 3891 1853 3955 israel.
1918 3907 1965 3975 γ
2045 3890 2143 3955 Ut
2190 3888 2354 3953 sciat
2407 3891 2621 3952 omnis
2666 3901 2840 3955 terra

1646 3980 1803 4063 quia
1833 3988 1934 4043 est
1985 3978 2148 4041 deus
2191 3980 2256 4043 in
2295 3978 2484 4041 israel
2534 3979 2688 4061 quia
2721 4000 2841 4045 nec

1646 4068 1713 4131 in
1746 4067 1938 4131 hasta
1969 4087 2089 4130 nec
2120 4068 2186 4129 in
2217 4066 2441 4148 gladio
2475 4066 2688 4131 salvat
2723 4069 2840 4132 do-

1646 4158 1880 4220 minus,
1969 4155 2357 4237 Agminum.
2538 4156 2754 4221 Lectio
2783 4179 2843 4224 v.

1644 4248 2028 4377 Factum
2079 4253 2178 4306 est
2233 4254 2456 4307 autem
2506 4264 2657 4308 cum
2730 4245 2846 4311 illa

1806 4332 2272 4415 multiplicaret
2334 4352 2560 4414 preces
2621 4354 2843 4397 coram

1801 4468 1820 4495 ³
1853 4465 2096 4516 efrateus:
2129 4466 2196 4515 N.

1807 4537 1824 4563 ⁴
1859 4547 1950 4596 pro
1979 4540 1992 4559 ‘
2012 4532 2215 4601 templiu'
2242 4532 2448 4582 domus:
2484 4533 2645 4585 W.N.

2443 4626 2584 4676 00
