3375 5100
1096 378 1276 434 CIRC
1282 378 1561 434 UNCISI
1562 378 1758 433 ONIS
1801 378 2132 435 DOMINI.

876 490 992 543 141

360 593 597 678 plevit:
648 595 815 659 sicut
836 595 1153 677 scripturn
1184 602 1286 657 est
1314 593 1400 657 de
1430 613 1551 657 eo:

367 684 515 767 Que
539 684 713 768 cepit
743 684 936 765 Jesus
961 683 1175 747 facere
1205 692 1273 745 et
1297 682 1550 745 docere.

366 774 481 837 Re.
534 772 595 836 Ο
643 792 883 853 regem.
976 769 1025 845 Ϋ
1090 769 1427 834 Mirabile¹
1479 778 1557 833 ut

362 870 561 941 supra
593 860 662 924 in
689 860 1011 923 dominica
1042 858 1243 939 infra.
1326 859 1469 922 Lec.
1492 878 1551 923 v.

364 952 543 1081 Et
590 958 662 1013 ut
707 948 962 1031 impleti
1000 957 1157 1011 sunt
1187 946 1329 1009 dies
1360 956 1553 1010 octo:

512 1036 750 1101 ductus
781 1046 881 1101 est
900 1046 974 1099 ut
1004 1035 1555 1100 circuncideretur
1640 1036 2013 1117 presbyteri.

365 1145 528 1207 puer
585 1126 817 1207 Jesus:
877 1134 946 1188 et
997 1124 1429 1188 adduceretur
1484 1124 1551 1185 in

364 1214 689 1296 templum
743 1222 811 1278 et
859 1213 1307 1296 purificaretur
1358 1220 1426 1275 et
1480 1221 1554 1274 ut

364 1302 702 1366 offerretur
775 1322 896 1385 pro
972 1300 1087 1365 illo
1156 1299 1551 1364 sacrificium

362 1392 726 1455 secundum
758 1390 937 1473 quod
985 1390 1303 1471 scriptum
1350 1397 1454 1451 est
1484 1388 1549 1450 in

364 1479 513 1562 lege
572 1480 868 1543 domini:
918 1478 1068 1542 Lex
1113 1478 1365 1541 domini
1412 1486 1555 1539 erat

370 1568 533 1631 ritus
556 1567 1014 1631 sacrificiorum
1041 1575 1142 1629 :et
1178 1566 1457 1629 sabbata
1488 1574 1556 1627 et

372 1656 661 1720 decimas
734 1654 1183 1719 sacerdotibus
1257 1655 1415 1717 dare
1490 1661 1558 1716 et

375 1745 907 1809 circuncisionem
940 1743 1169 1807 facere.
1216 1743 1307 1806 Et
1332 1742 1559 1804 omnia

374 1852 766 1915 quecunque
810 1840 1206 1915 acceperunt
1248 1830 1431 1913 judei
1469 1850 1559 1893 ex

376 1922 521 2005 lege
580 1922 834 2003 moysi:
889 1922 1113 1985 omnia
1173 1918 1563 2001 imperfecta

376 2020 592 2075 erant:
622 2018 690 2073 et
715 2008 1287 2073 consummantes²
1306 2027 1563 2071 servare

378 2118 509 2163 non
558 2108 881 2181 poterant.
969 2098 1085 2161 Re.
1127 2096 1229 2161 Te
1274 2096 1563 2159 laudant.

378 2184 430 2260 Ϋ
486 2187 713 2268 Ipsum
767 2206 965 2269 quem
1006 2194 1204 2250 totus.
1264 2205 1454 2267 quere
1494 2184 1564 2246 in

374 2274 694 2339 dominica
726 2274 929 2354 infra.
1238 2272 1449 2336 Lectio
1480 2272 1564 2355 vj.

390 2364 582 2529 Qui
642 2373 865 2427 autern
926 2363 1157 2426 fratres
1229 2362 1295 2423 in
1374 2380 1567 2424 carne

513 2462 667 2515 sunt
695 2451 821 2516 hoc
867 2460 969 2515 est
1014 2453 1080 2514 in
1124 2459 1398 2533 peccato
1430 2450 1568 2511 sive

380 2542 444 2604 in
471 2542 674 2605 veteri
708 2550 1109 2605 testamento
1140 2540 1276 2602 sive
1298 2541 1361 2602 in
1395 2558 1568 2601 novo

378 2631 507 2692 deo
560 2630 817 2712 placere
866 2648 997 2692 non
1048 2639 1341 2712 possunt.
1435 2627 1565 2710 Qui

380 2729 605 2782 autem
656 2720 721 2780 in
782 2719 1015 2800 spiritu
1070 2729 1301 2780 sancto
1354 2715 1419 2778 id
1468 2725 1567 2778 est

382 2807 447 2869 in
475 2809 719 2870 sanctis
740 2815 806 2869 et
827 2807 951 2889 piis
972 2806 1281 2888 operibus
1298 2803 1448 2886 qui⁸
1468 2812 1568 2866 est

384 2894 685 2960 Christus
730 2906 798 2958 et
839 2894 1082 2977 quem⁴
1126 2893 1569 2976 prediximus:

382 2983 449 3046 hi
483 2982 599 3046 filii
622 2983 729 3046 dei
749 2992 903 3046 sunt
930 3005 945 3046 :
978 2982 1253 3046 heredes
1284 2981 1388 3044 dei
1414 3001 1429 3043 ε
1461 2999 1571 3043 co-

381 3071 658 3136 heredes
679 3082 901 3135 autem
925 3069 1167 3136 Christi
1181 3089 1379 3151 quem
1401 3088 1529 3150 que
1544 3068 1570 3104 ⁵

382 3160 793 3242 prediximus
852 3161 993 3224 sine
1054 3159 1285 3241 spiritu
1346 3157 1569 3239 perfici

382 3269 515 3311 non
594 3257 885 3330 possunt.
1012 3247 1126 3311 Re.
1211 3246 1421 3309 Beata
1502 3265 1573 3308 es

382 3338 605 3400 maria.
698 3353 744 3423 γ
806 3336 1013 3399 Beata
1064 3357 1135 3398 es
1195 3335 1396 3416 virgo,
1487 3333 1570 3396 In

378 3425 471 3506 iij
520 3434 823 3488 nocturno
879 3433 985 3488 αῆ.
1090 3424 1317 3487 Homo
1378 3432 1571 3486 natus

382 3522 484 3576 est
540 3513 606 3576 in
652 3533 732 3577 ea
777 3523 845 3576 et
892 3515 1031 3596 ipse
1076 3511 1377 3576 fundavit
1422 3531 1571 3574 eam

384 3601 743 3664 altissimus
765 3609 865 3683 pf.
916 3601 1398 3664 Fundamenta.
1465 3607 1570 3662 ar‘z'.

386 3689 811 3754 Exultabunt
823 3691 1046 3753 omnia
1067 3689 1242 3770 ligna
1262 3689 1571 3751 silvarum

384 3787 541 3842 ante
616 3778 851 3841 faciem
928 3779 1177 3841 domini
1257 3777 1571 3859 quoniam

382 3868 581 3930 venit.
656 3875 757 3948 psr'.
793 3867 1077 3931 Cantate
1120 3866 1238 3949 (j).
1328 3874 1435 3928 aii.
1492 3865 1573 3928 In

381 3955 702 4036 principio
761 3965 829 4018 et
891 3964 1044 4018 ante
1114 3953 1337 4018 secula
1410 3955 1575 4018 deus

384 4053 527 4106 erat
584 4042 857 4107 verbum
888 4042 935 4106 :⁶
996 4045 1135 4126 ipse
1211 4051 1405 4106 natus
1472 4051 1573 4105 est

382 4131 581 4195 hodie
630 4131 920 4196 salvator
973 4132 1221 4196 mundi.
1297 4139 1397 4212 pf.
1434 4131 1573 4193 Do-

385 4222 601 4283 minus
632 4221 930 4303 regnavit
970 4220 1242 4283 exultet.
1337 4219 1387 4294 Ϋ
1424 4219 1575 4300 Ipse

384 4310 729 4373 invocavit.
950 4307 1315 4372 Secundum
1346 4309 1573 4370 lucam.

454 4447 467 4475 ¹
504 4446 779 4495 mirabilis:
816 4446 879 4495 G.

452 4515 467 4542 ⁴
504 4527 601 4575 que
624 4527 732 4560 me:
772 4511 853 4559 W.

452 4581 469 4607 ‘¹
502 4578 777 4640 gravidam:
815 4577 945 4628 E.G.
1194 4581 1213 4607 ⁸
1246 4577 1425 4628 beata:
1462 4580 1521 4627 G.
1534 4579 1613 4627 W.

1190 4447 1210 4475 ²
1230 4454 1611 4495 consumantes:
1648 4445 1729 4494 W.

1194 4515 1213 4542 ⁸
1247 4527 1337 4576 pro
1366 4518 1379 4540 ⁸
1395 4528 1543 4574 quem
1568 4527 1663 4576 que
1681 4513 1693 4534 ’
1720 4529 1817 4577 que
1839 4519 1892 4561 ut
1917 4529 1929 4562 ε
1966 4512 2030 4562 G.

2311 488 2450 543 142

1654 596 1799 727 ln
1820 594 1932 657 illo
1949 603 2280 677 tempore:
2308 594 2670 677 Postquam
2689 615 2844 659 con-

1756 684 2068 746 summati
2129 692 2282 746 sunt
2344 684 2486 747 dies
2545 693 2699 748 octo
2767 694 2842 748 ut

1655 772 2206 836 circumcideretur
2255 792 2462 853 puer:
2527 783 2838 836 vocatum

1654 868 1756 923 est
1803 879 2045 922 nomen
2085 860 2228 941 ejus
2271 861 2480 942 JesuS.
2573 861 2664 924 Et
2694 860 2840 924 reli-

1654 968 1806 1030 qua.
1918 948 2171 1012 Omelia
2243 948 2626 1013 venerabilis
2699 949 2846 1012 bede

2487 1037 2697 1101 Lectio
2728 1038 2840 1120 vij.

1652 1126 2038 1259 Sanctam
2076 1126 2655 1209 venerandamque
2699 1147 2846 1208 pre-

1777 1214 1982 1276 sentis
2013 1213 2162 1277 festi
2197 1216 2584 1277 memoriam
2617 1216 2844 1297 paucis

1654 1302 1926 1382 quidem
1957 1302 2173 1365 verbis
2218 1302 2622 1384 evangelista
2667 1324 2846 1367 com-

1654 1389 2036 1471 prehendit:
2057 1391 2173 1453 sed
2200 1411 2332 1453 non
2351 1411 2564 1473 pauca
2584 1392 2846 1455 celestis

1657 1479 1954 1560 mysterii
2038 1482 2282 1543 virtute
2362 1478 2667 1561 gravida⁷
2747 1501 2847 1544 re-

1656 1567 1865 1649 liquit.
1961 1566 2260 1633 Christus
2313 1569 2511 1650 igitur
2559 1570 2848 1651 suscepit

1656 1656 2192 1719 circuncisionem
2225 1657 2370 1738 lege
2412 1658 2748 1721 decretam
2782 1659 2848 1720 in

1664 1764 1899 1808 earnes
1949 1746 2063 1826 qui
2095 1745 2348 1827 absque
2378 1747 2560 1808 omni
2593 1767 2858 1827 prorsus

1664 1831 1816 1895 labe
1877 1832 2262 1915 pollutionis
2334 1834 2400 1896 in
2463 1855 2658 1897 carne
2719 1832 2860 1897 fue-

1665 1931 1805 1984 rat:
1852 1932 1920 1986 et
1959 1922 2206 1985 undam
2255 1922 2675 2003 baptismatis
2720 1943 2854 2005 qua

1664 2010 1950 2091 populus
2039 2031 2080 2073 a
2160 2020 2582 2091 peccatorum
2665 2012 2858 2074 sorde

1668 2097 1870 2161 lavari
1903 2097 2153 2162 voluit:
2199 2100 2340 2179 ipse
2396 2118 2528 2161 non
2577 2100 2857 2162 necessi-

1668 2187 1825 2249 tatis
1878 2187 1992 2248 sed
2049 2186 2342 2267 exempli
2392 2206 2590 2249 causa
2639 2186 2856 2251 subiit.

1668 2276 1786 2339 Re.
1813 2274 2020 2337 Beata
2046 2275 2152 2337 dei
2185 2276 2490 2356 genitrix.
2566 2272 2616 2347 Ϋ
2651 2274 2858 2338 Beata

1668 2384 1798 2445 que
1831 2363 2182 2426 credidisti.
2469 2362 2686 2425 Lectio
2716 2362 2858 2445 viz-'72

1667 2453 1917 2587 Scire
1979 2453 2224 2514 etenim
2278 2451 2635 2514 debemus:
2703 2454 2860 2533 quia

1789 2541 1964 2603 idem
1977 2539 2311 2604 salutifere
2325 2540 2678 2604 curationis
2693 2562 2862 2604 aux-

1670 2629 1854 2692 ilium
1887 2629 2270 2692 circuncisio
2322 2630 2389 2692 in
2436 2629 2584 2711 lege
2631 2639 2861 2693 contra

1668 2718 2004 2799 originalis
2058 2717 2310 2800 peccati
2351 2718 2588 2781 vulnus
2619 2719 2862 2800 agebat

1670 2807 1850 2888 quod
1885 2826 2057 2869 nunc
2107 2807 2476 2889 baptismus
2523 2827 2718 2890 agere
2765 2827 2862 2870 re-

1669 2895 1886 2958 velate
1919 2895 2130 2977 gratie
2160 2903 2460 2978 tempore
2481 2896 2860 2959 consuevit:

1670 2992 1960 3065 excepto
2016 2984 2197 3065 quod
2247 2985 2428 3066 regni
2463 2984 2722 3048 celestis
2761 2984 2864 3066 ja-

1672 3092 1874 3135 nuam
1922 3073 2206 3135 necdum
2253 3074 2492 3135 intrare
2523 3082 2863 3154 poterant:

1672 3161 1883 3223 donec
1937 3161 2289 3224 adveniens
2338 3160 2864 3225 benedictionem

1673 3249 1861 3312 daret
1902 3250 2014 3331 qui
2064 3248 2278 3331 legem
2326 3243 2513 3314 dedit
2559 3258 2632 3312 ut
2660 3250 2865 3312 videri

1674 3346 1898 3419 posset
1959 3339 2123 3401 deus
2192 3338 2464 3401 deorum
2529 3339 2595 3400 in
2655 3358 2864 3418 syon:

1674 3426 1792 3488 sed
1826 3434 2086 3488 tantum
2133 3426 2198 3488 in
2247 3427 2391 3489 sinu
2439 3425 2683 3489 abrahe
2714 3434 2866 3508 post

1676 3525 1958 3577 mortem
2005 3514 2310 3577 beatam‘*
2357 3515 2580 3596 requie
2633 3533 2865 3576 conso-

1677 3602 1838 3666 lati:
1907 3623 2188 3684 superne
2249 3602 2430 3684 pacis
2497 3603 2864 3684 ingressum

1672 3711 1794 3774 spe
1869 3690 2037 3753 felici
2114 3690 2578 3772 expectabant.
2745 3688 2860 3754 Re.

1678 3780 1928 3845 Sancta
1951 3789 2018 3842 et
2040 3777 2481 3841 immaculata.
2532 3775 2582 3849 Ϋ
2607 3777 2670 3842 O
2694 3798 2863 3841 vere.

1813 3869 1876 3930 ui
1924 3867 2100 3929 enirn
2148 3886 2320 3929 nunc
2366 3887 2485 3948 per
2517 3865 2750 3949 [Lectio
2781 3866 2866 3930 ix.

1686 3868 2223 4036 Qevangelium
2301 3975 2492 4018 suum
2566 3955 2870 4018 terribili-

1676 4054 1777 4107 ter
1842 4063 1919 4107 ac
1980 4043 2329 4106 salubriter
2387 4043 2674 4108 clamat:
2743 4043 2867 4107 nisi

1676 4132 1823 4214 quis
1872 4141 2136 4195 renatus
2184 4131 2379 4195 fuerit
2433 4153 2520 4195 ex
2577 4153 2751 4215 aqua
2800 4143 2868 4195 et

1675 4219 1983 4302 spiritu⁹t
2081 4241 2214 4282 non
2320 4231 2542 4303 potest
2603 4222 2870 4285 introire

1678 4311 1746 4372 in
1806 4329 2084 4392 regnum
2144 4310 2270 4373 dei.
2396 4309 2550 4392 Ipse
2611 4311 2868 4374 dudum

2196 4447 2220 4543 ἶ
2251 4445 2696 4561 92?’²a{21‘3·.l'2⁸s·0.

2193 4582 2214 4608 ’
2255 4583 2454 4628 ‘sancto
2473 4578 2485 4599 ’
2507 4578 2628 4626 add:
2669 4577 2798 4626 EG.
