3375 5100
1581 331 1687 388 IN
1730 329 2003 387 FEsTo

1095 443 1218 498 115

558 553 788 614 datam
839 549 1106 632 plebem
1167 547 1426 612 inbellis
1485 547 1761 612 infantie

562 641 690 703 deo
749 637 981 702 offerre
1041 638 1354 702 meruisti.
1475 637 1585 701 Re.
1636 636 1759 698 Isti

562 737 716 792 sunt
749 728 960 790 sancti
1007 727 1122 808 qui
1169 725 1342 808 passi
1375 735 1530 788 sunt
1560 745 1757 808 prop-

563 827 664 880 ter
738 825 806 878 te
882 816 1150 878 domine
1187 836 1201 879 :
1289 815 1554 878 vindica
1627 833 1759 876 eos,

565 905 744 988 Quia
775 904 1068 967 clamant
1100 904 1184 966 ad
1217 911 1284 966 te
1315 902 1626 986 quotidie.
1712 919 1761 988 γ

565 993 852 1056 Vindica
871 992 1140 1054 domine
1161 991 1552 1073 sanguinem
1573 1010 1761 1055 sanc·

567 1091 790 1144 torum
851 1089 1118 1144 tuorum
1169 1081 1284 1163 qui
1337 1079 1582 1142 effusus
1641 1087 1759 1142 est.

571 1169 764 1252 Quia.
1468 1167 1680 1230 Lectio
1702 1187 1763 1232 v.

569 1257 880 1389 Digne
897 1253 1156 1320 tamen¹
1179 1255 1468 1319 natalem
1503 1255 1761 1319 illorum

727 1345 1044 1408 colimus:
1090 1364 1258 1426 quos
1298 1344 1556 1408 beatius
1595 1353 1765 1407 eter-

574 1455 659 1497 ne
723 1435 860 1497 vite
907 1433 1182 1495 munus²
1256 1433 1504 1496 edidit:
1559 1452 1761 1516 quam

575 1543 742 1605 quos
775 1530 1224 1584 maternorum
1255 1522 1578 1584 viscerum
1610 1541 1764 1603 par-

575 1621 682 1674 tus
759 1610 1009 1673 effudit.
1122 1609 1368 1672 Infelix
1443 1619 1765 1691 tyrannus

575 1700 856 1762 herodes
887 1697 1166 1780 putabat
1189 1719 1262 1761 se
1282 1698 1534 1761 domini
1553 1697 1765 1761 salva-

576 1788 738 1850 toris
768 1787 1056 1851 adventu
1088 1786 1292 1868 regali
1332 1787 1498 1850 solio
1542 1788 1764 1850 detru-

577 1875 912 1939 dendum:
959 1876 1076 1937 sed
1107 1875 1383 1939 nonita.
1472 1875 1630 1938 Non
1677 1875 1759 1938 ad

574 1965 702 2026 hoc
732 1973 1001 2027 venerat
1039 1963 1340 2028 Christus
1371 1973 1445 2026 ut
1475 1963 1763 2027 alienam

574 2053 852 2134 gloriam
896 2053 1271 2117 invaderet:
1317 2052 1434 2116 sed
1467 2061 1540 2116 ut
1572 2071 1763 2115 suam

572 2144 870 2206 donaret.
961 2139 1118 2204 Non
1171 2142 1442 2223 inquam
1497 2141 1582 2204 ad
1636 2140 1765 2205 hoc

532 2265 540 2274 ·
571 2239 844 2294 venerat
893 2239 968 2292 ut
1012 2231 1520 2293 constitueretur
1568 2248 1766 2311 super

572 2329 832 2400 sceptra
857 2317 1284 2400 magnificus:
1322 2319 1438 2381 sed
1465 2327 1538 2382 ut
1561 2319 1765 2381 cruci-

573 2407 884 2489 figeretur
914 2407 1157 2469 illusus,
1233 2407 1346 2470 Re.
1381 2407 1765 2470 Cantabant

574 2495 786 2560 sancti
876 2496 1208 2559 canticum
1283 2515 1530 2559 novum
1606 2505 1763 2559 ante

575 2586 802 2647 sedem
851 2584 958 2646 dei
1005 2594 1072 2647 et
1117 2584 1287 2664 agni.
1381 2584 1472 2647 Et
1503 2604 1766 2648 resona-

577 2673 694 2735 bat
753 2682 927 2735 terra
975 2671 1040 2734 in
1091 2692 1285 2735 voces
1347 2672 1625 2737 illorum.
1718 2692 1765 2759 γ

581 2760 724 2825 Sub
749 2760 988 2822 throno
1011 2760 1118 2823 dei
1137 2780 1370 2823 omnes
1400 2762 1609 2823 sancti
1633 2762 1765 2824 cla·-

580 2856 807 2911 mant:
852 2848 1114 2912 vindica
1171 2849 1561 2929 sanguinem
1615 2870 1765 2914 nos-

579 2946 756 2999 trum
789 2935 949 2999 deus
982 2946 1219 2999 noster.
1279 2937 1386 3001 Et.
1447 2938 1656 3001 Lectio
1678 2940 1762 3020 vj.

577 3026 760 3157 N
765 3034 1031 3088 ascente
1079 3045 1239 3107 ergo
1286 3026 1558 3089 domino
1605 3048 1765 3091 con-

764 3114 1065 3176 turbatur
1093 3114 1410 3177 herodes:
1451 3123 1520 3178 et
1549 3116 1767 3178 omnis

578 3200 1228 3282 hierosolyma³cum
1263 3202 1390 3266 illo.
1427 3204 1530 3266 Ite
1552 3205 1767 3286 inquit

578 3290 913 3372 ⁴requirite
931 3290 1016 3353 de
1039 3311 1244 3373 puero
1269 3312 1282 3354 :
1329 3300 1396 3355 et
1413 3313 1565 3355 cum
1587 3294 1765 3356 inve-

582 3380 811 3441 neritis
857 3380 1238 3443 renunciate
1298 3380 1501 3443 mihi:
1577 3392 1650 3444 ut
1702 3391 1768 3445 et

577 3488 706 3549 ego
729 3468 999 3531 veniens
1020 3468 1292 3531 adorem
1313 3488 1482 3533 eum.
1549 3468 1767 3533 Simu-

576 3557 758 3620 labat
820 3556 1100 3619 herodes
1147 3557 1422 3620 adorare
1483 3578 1554 3621 se
1599 3559 1769 3621 velle

575 3664 773 3728 quem
833 3645 1202 3709 conabatur
1253 3646 1588 3710 occidere:
1651 3648 1767 3711 sed

578 3754 711 3797 non
737 3736 929 3798 timet
959 3736 1234 3798 veritas:
1282 3734 1588 3798 falsitatis
1615 3736 1769 3800 insi-

572 3823 734 3887 dias,
800 3822 1135 3889 Christum
1169 3824 1342 3885 enim
1378 3844 1510 3886 non
1545 3834 1768 3907 potest

575 3912 864 3973 invenire
897 3912 1211 3994 perfidia:
1257 3913 1412 3995 quia
1443 3914 1607 3976 deus
1632 3934 1765 3977 non

576 4007 678 4061 est
753 4001 1125 4079 querendus
1200 4002 1588 4065 crudelitate
1647 4004 1764 4067 sed

577 4086 974 4151 credulitate.
1051 4089 1166 4151 Re.
1219 4088 1338 4152 Isti
1372 4100 1525 4153 sunt
1555 4093 1766 4155 sancti

573 4176 689 4256 qui
766 4195 899 4238 non
991 4176 1498 4257 inquinaverunt
1570 4182 1768 4243 vesti-

574 4272 804 4327 menta
875 4286 1011 4328 sua.
1102 4264 1570 4331 Ambulabunt
1630 4290 1769 4333 me-

573 4372 726 4417 cum
781 4352 848 4415 in
903 4352 1072 4417 albis
1134 4354 1290 4435 quia
1350 4355 1532 4437 digni
1595 4368 1768 4422 sunt.

808 4488 821 4519 ¹
858 4504 949 4553 pro
978 4488 1204 4537 ‘tamen’
1239 4503 1397 4553 ergo:
1432 4490 1494 4541 G.

804 4555 825 4586 ¹
857 4556 1092 4605 mundus:
1127 4555 1190 4605 G.

2368 439 2498 495 116

1854 546 1990 608 Iste
2018 565 2241 609 versus
2270 545 2339 610 in
2366 545 2475 610 die
2518 555 2789 610 tantum.
2880 559 2929 632 γ
2974 545 3037 612 O

1856 635 2051 698 beata
2082 635 2499 717 parvulorum
2526 634 2803 698 infantia
2826 655 2869 698 o
2890 655 3043 700 vere

1854 724 1997 786 sine
2034 723 2182 787 labe
2226 724 2606 787 innocentia
2650 724 2717 787 in
2763 743 2899 806 qua
2940 723 3039 787 di·

1854 813 2013 875 vina
2046 813 2141 877 sic
2186 812 2417 876 claruit
2449 813 2711 876 bonitas
2756 822 2831 876 ut
2875 831 3043 896 quos

1856 920 2083 964 recens
2106 901 2403 965 ediderat
2422 901 2733 965 nativitas
2756 901 3043 964 mundus

1854 990 1969 1053 diu
2001 1009 2133 1053 non
2166 999 2457 1053 teneret:
2503 989 2621 1052 sed
2644 1008 2813 1072 quos
2834 987 3043 1052 hostis

1858 1077 2103 1142 Christi
2175 1098 2376 1141 causa
2448 1079 2831 1141 extinxerat
2896 1077 3041 1141 illos

1856 1167 2013 1230 celis
2066 1166 2367 1232 Christus
2414 1165 2896 1249 triumphantes
2948 1167 3041 1228 in·

1858 1256 2045 1318 vexit
2075 1264 2143 1318 et
2174 1274 2419 1338 agnum
2457 1274 2853 1338 quocunque
2898 1255 3044 1318 ierit

1860 1353 2223 1426 sequuntur
2279 1343 2629 1408 dicentem.
2716 1342 3043 1406 Ambula-

1860 1432 2041 1496 bunt.
2146 1432 2371 1497 Gloria
2419 1433 2547 1495 deo
2587 1433 2757 1514 patri
2806 1431 3045 1494 altissi—

1862 1541 1973 1584 mo
2002 1521 2275 1604 ejusque
2320 1521 2663 1602 unigenito
2692 1529 2761 1584 et
2790 1520 3043 1602 spiritui

1860 1619 2107 1674 sancto.
2227 1608 2711 1673 Ambulabunt.
2845 1608 3049 1671 Alius

1859 1719 2085 1762 versus
2158 1698 2229 1760 in
2300 1708 2524 1762 octava
2590 1697 2699 1760 die
2772 1706 3045 1760 tantum.

1861 1804 1908 1874 y
1972 1786 2087 1869 Hij
2152 1797 2307 1851 sunt
2366 1788 2479 1868 qui
2540 1805 2691 1848 cum
2758 1786 3045 1849 mulieri-

1859 1876 1985 1940 bus
2037 1895 2169 1939 non
2226 1885 2382 1940 sunt
2456 1874 2861 1956 coinquinati
2922 1875 3047 1936 vir-

1860 1966 2047 2046 gines
2082 1965 2261 2028 enim
2296 1974 2467 2029 sunt.
2559 1961 3044 2026 Ambulabunt.

1858 2055 1945 2117 In
1991 2053 2080 2135 iij
2116 2064 2417 2117 nocturno
2458 2061 2563 2116 aii.
2656 2052 2907 2115 Dicunt
2952 2050 3047 2113 in-

1860 2142 2076 2206 fantes
2126 2143 2398 2206 domino
2452 2139 2681 2205 laudes
2738 2139 3049 2202 trucidati

1860 2231 1947 2294 ab
1977 2230 2223 2294 herode
2252 2229 2447 2293 occisi
2481 2229 2823 2312 predicant
2866 2227 3050 2310 quod

1857 2319 1989 2383 vivi
2022 2339 2153 2382 non
2188 2328 2508 2402 poterant.
2584 2326 2683 2400 pi
2776 2316 3051 2379 Domini

1862 2417 1961 2472 est
2020 2418 2207 2472 terra.
2296 2417 2401 2470 at'i.
2452 2407 2671 2469 Licuit
2730 2405 3053 2484 sanguine

1862 2497 2041 2580 loqui
2090 2497 2330 2579 quibus
2379 2495 2605 2578 lingua
2648 2514 2777 2558 non
2830 2493 3050 2558 licuit:

1863 2588 2141 2651 miscent
2189 2606 2339 2651 cum
2392 2585 2667 2650 domino
2716 2582 3055 2666 colloquia

1862 2676 2103 2758 quibus
2179 2676 2473 2738 humana
2564 2681 2808 2754 negata
2894 2680 3052 2735 sunt

1862 2765 2079 2828 verba.
2154 2773 2257 2845 pf.
2330 2763 2516 2827 Beati
2549 2780 2849 2843 quorum.
2916 2760 3051 2822 Ar't.

1866 2853 2175 2918 Clamant
2204 2852 2497 2915 clamant
2515 2850 2809 2913 clamant
2840 2849 3053 2911 domi-

1864 2962 2025 3005 num
2080 2942 2460 3003 innocentes
2514 2947 2779 3003 resonat
2838 2937 3057 3000 luctus

1865 3030 2090 3094 multis
2123 3030 2441 3093 matribus
2472 3028 2535 3091 in
2570 3026 2851 3091 excelsis
2890 3046 3054 3107 gau-

1864 3120 1981 3183 det
2016 3118 2299 3182 -ecclesia
2347 3138 2543 3200 super
2588 3123 2909 3195 martyres
2956 3113 3054 3175 in-

1866 3217 2193 3271 nocentes,
2256 3216 2355 3290 pff.
2405 3207 2589 3270 Deus
2617 3211 2956 3266 venerunt.
3005 3218 3057 3287 y

1863 3297 2204 3378 Justorum
2307 3296 2543 3359 anime.
2684 3290 3055 3356 Secundum

1864 3385 2223 3449 Matheum.

1865 3478 2015 3607 ln
2065 3474 2177 3537 illo
2206 3483 2545 3555 tempore:
2597 3468 2905 3550 Angelus
2934 3466 3057 3530 do-

1974 3564 2134 3626 mini
2182 3563 2491 3645 apparuit
2533 3561 2599 3622 in
2640 3558 2893 3622 somnis
2934 3555 3040 3637 jo-

1866 3652 2032 3733 seph
2090 3652 2332 3716 dicenS.
2428 3651 2639 3730 Surge
2700 3656 2770 3709 et
2828 3644 3059 3727 accipe

1867 3760 2144 3822 puerum
2228 3750 2296 3803 et
2378 3748 2661 3802 matrem
2754 3734 2899 3814 ejus
2988 3743 3061 3796 et

1867 3830 2023 3911 suge
2087 3829 2153 3890 in
2220 3838 2581 3911 egyptum:
2650 3833 2717 3887 et
2767 3831 2913 3885 esto
2966 3821 3061 3883 ibi

1868 3938 2077 3999 usque
2157 3918 2316 3981 dum
2394 3918 2611 3979 dicam
2688 3913 2826 3976 tibi.
2964 3910 3063 3973 Et

1868 4008 2134 4089 reliqua.

1963 4095 2214 4160 Omelia
2260 4094 2641 4157 venerabili&
2678 4092 2851 4155 Bcde
2876 4109 3065 4181 pres-

1871 4184 2087 4267 byteri.
2692 4182 2911 4251 Lectio
2943 4188 3067 4271 vij.

2094 4283 2307 4335 morte
2354 4272 2651 4353 preciosa
2693 4286 3069 4359 martyrum

2029 4361 2274 4427 Christi
2366 4364 2793 4425 innocentum
2876 4386 3077 4431 sacra

2101 4500 2120 4527 ¹
2151 4496 2501 4545 hierosolima:
2537 4498 2617 4547 W.

2104 4566 2121 4595 ⁴
2161 4564 2265 4613 ‘et’
2292 4565 2429 4612 add:
2463 4564 2546 4613 w.
