<?xml version="1.0" encoding="UTF-8"?>
<!DOCTYPE html PUBLIC "-//W3C//DTD XHTML 1.0 Transitional//EN"
    "http://www.w3.org/TR/xhtml1/DTD/xhtml1-transitional.dtd">
<html xmlns="http://www.w3.org/1999/xhtml" xml:lang="en" lang="en">
 <head>
  <title>
</title>
<meta http-equiv="Content-Type" content="text/html;charset=utf-8" />
  <meta name='ocr-system' content='tesseract 3.04.00' />
  <meta name='ocr-capabilities' content='ocr_page ocr_carea ocr_par ocr_line ocrx_word'/>
</head>
<body>
  <div class='ocr_page' id='page_1' title='image "./publicationssur05unkngoog_0155.png"; bbox 0 0 3375 5100; ppageno 0'>
   <div class='ocr_carea' id='block_1_1' title="bbox 1532 333 1950 390">
    <p class='ocr_par' dir='ltr' id='par_1_1' title="bbox 1532 333 1950 390">
     <span class='ocr_line' id='line_1_1' title="bbox 1532 333 1950 390; baseline -0.005 0"><span class='ocrx_word' id='word_1_1' title='bbox 1532 333 1950 390; x_wconf 85' lang='lat' dir='ltr'><em>DOMINICA</em></span> 
     </span>
    </p>
   </div>
   <div class='ocr_carea' id='block_1_2' title="bbox 1018 444 1173 498">
    <p class='ocr_par' dir='ltr' id='par_1_2' title="bbox 1018 444 1173 498">
     <span class='ocr_line' id='line_1_2' title="bbox 1018 444 1173 498; baseline -0.006 0"><span class='ocrx_word' id='word_1_2' title='bbox 1018 444 1173 498; x_wconf 75' lang='lat'>255</span> 
     </span>
    </p>
   </div>
   <div class='ocr_carea' id='block_1_3' title="bbox 478 549 1700 4058">
    <p class='ocr_par' dir='ltr' id='par_1_3' title="bbox 478 549 1700 4058">
     <span class='ocr_line' id='line_1_3' title="bbox 489 549 1698 631; baseline 0 -18"><span class='ocrx_word' id='word_1_3' title='bbox 489 558 773 614; x_wconf 88' lang='lat' dir='ltr'>terram:</span> <span class='ocrx_word' id='word_1_4' title='bbox 876 558 946 613; x_wconf 91' lang='lat' dir='ltr'>et</span> <span class='ocrx_word' id='word_1_5' title='bbox 1026 549 1467 631; x_wconf 88' lang='lat' dir='ltr'>multiplicate</span> <span class='ocrx_word' id='word_1_6' title='bbox 1542 556 1698 613; x_wconf 89' lang='lat' dir='ltr'>sunt</span> 
     </span>
     <span class='ocr_line' id='line_1_4' title="bbox 489 637 1692 721; baseline -0.002 -20"><span class='ocrx_word' id='word_1_7' title='bbox 489 658 662 721; x_wconf 91' lang='lat' dir='ltr'>aque</span> <span class='ocrx_word' id='word_1_8' title='bbox 708 646 775 701; x_wconf 89' lang='lat' dir='ltr'>et</span> <span class='ocrx_word' id='word_1_9' title='bbox 812 638 1274 703; x_wconf 86' lang='lat' dir='ltr'>elevaverunt¹</span> <span class='ocrx_word' id='word_1_10' title='bbox 1310 637 1575 701; x_wconf 89' lang='lat' dir='ltr'>archam</span> <span class='ocrx_word' id='word_1_11' title='bbox 1624 638 1692 699; x_wconf 92' lang='lat' dir='ltr'>in</span> 
     </span>
     <span class='ocr_line' id='line_1_5' title="bbox 490 726 1694 807; baseline 0 -18"><span class='ocrx_word' id='word_1_12' title='bbox 490 727 777 789; x_wconf 90' lang='lat' dir='ltr'>sublime</span> <span class='ocrx_word' id='word_1_13' title='bbox 799 747 839 789; x_wconf 93' lang='lat' dir='ltr'>a</span> <span class='ocrx_word' id='word_1_14' title='bbox 859 736 1051 791; x_wconf 89' lang='lat' dir='ltr'>terra.</span> <span class='ocrx_word' id='word_1_15' title='bbox 1109 726 1694 807; x_wconf 89' lang='lat' dir='ltr'>Vehementerque</span> 
     </span>
     <span class='ocr_line' id='line_1_6' title="bbox 492 814 1695 896; baseline -0.001 -18"><span class='ocrx_word' id='word_1_16' title='bbox 492 816 1017 879; x_wconf 86' lang='lat' dir='ltr'>inundaverunt:</span> <span class='ocrx_word' id='word_1_17' title='bbox 1064 824 1133 878; x_wconf 91' lang='lat' dir='ltr'>et</span> <span class='ocrx_word' id='word_1_18' title='bbox 1151 816 1379 877; x_wconf 90' lang='lat' dir='ltr'>omnia</span> <span class='ocrx_word' id='word_1_19' title='bbox 1404 814 1695 896; x_wconf 87' lang='lat' dir='ltr'>repleve-</span> 
     </span>
     <span class='ocr_line' id='line_1_7' title="bbox 493 902 1696 985; baseline 0 -20"><span class='ocrx_word' id='word_1_20' title='bbox 493 912 645 965; x_wconf 89' lang='lat' dir='ltr'>runt</span> <span class='ocrx_word' id='word_1_21' title='bbox 700 903 766 965; x_wconf 92' lang='lat' dir='ltr'>in</span> <span class='ocrx_word' id='word_1_22' title='bbox 822 902 1166 985; x_wconf 87' lang='lat' dir='ltr'>superficie</span> <span class='ocrx_word' id='word_1_23' title='bbox 1208 911 1397 966; x_wconf 86' lang='lat' dir='ltr'>terre.</span> <span class='ocrx_word' id='word_1_24' title='bbox 1493 902 1696 965; x_wconf 90' lang='lat' dir='ltr'>Porro</span> 
     </span>
     <span class='ocr_line' id='line_1_8' title="bbox 492 990 1696 1073; baseline -0.002 -18"><span class='ocrx_word' id='word_1_25' title='bbox 492 991 694 1055; x_wconf 90' lang='lat' dir='ltr'>archa</span> <span class='ocrx_word' id='word_1_26' title='bbox 738 990 1073 1055; x_wconf 87' lang='lat' dir='ltr'>ferebatur</span> <span class='ocrx_word' id='word_1_27' title='bbox 1103 1012 1303 1073; x_wconf 87' lang='lat' dir='ltr'>super</span> <span class='ocrx_word' id='word_1_28' title='bbox 1331 1010 1578 1073; x_wconf 89' lang='lat' dir='ltr'>aquas:</span> <span class='ocrx_word' id='word_1_29' title='bbox 1626 1000 1696 1053; x_wconf 92' lang='lat' dir='ltr'>et</span> 
     </span>
     <span class='ocr_line' id='line_1_9' title="bbox 494 1079 1697 1161; baseline -0.002 -18"><span class='ocrx_word' id='word_1_30' title='bbox 494 1100 667 1161; x_wconf 86' lang='lat' dir='ltr'>aque</span> <span class='ocrx_word' id='word_1_31' title='bbox 729 1079 1195 1161; x_wconf 86' lang='lat' dir='ltr'>prevaluerunt</span> <span class='ocrx_word' id='word_1_32' title='bbox 1249 1080 1445 1142; x_wconf 91' lang='lat' dir='ltr'>nimis</span> <span class='ocrx_word' id='word_1_33' title='bbox 1499 1098 1697 1160; x_wconf 88' lang='lat' dir='ltr'>super</span> 
     </span>
     <span class='ocr_line' id='line_1_10' title="bbox 493 1166 1694 1249; baseline -0.002 -18"><span class='ocrx_word' id='word_1_34' title='bbox 493 1178 756 1231; x_wconf 89' lang='lat' dir='ltr'>terram.</span> <span class='ocrx_word' id='word_1_35' title='bbox 848 1169 933 1231; x_wconf 88' lang='lat' dir='ltr'>In</span> <span class='ocrx_word' id='word_1_36' title='bbox 980 1167 1305 1249; x_wconf 81' lang='lat' dir='ltr'>evangelio</span> <span class='ocrx_word' id='word_1_37' title='bbox 1362 1176 1467 1229; x_wconf 79' lang='grc' dir='ltr'>αῆ.</span> <span class='ocrx_word' id='word_1_38' title='bbox 1561 1166 1694 1249; x_wconf 85' lang='lat' dir='ltr'>Qui</span> 
     </span>
     <span class='ocr_line' id='line_1_11' title="bbox 495 1256 1700 1337; baseline 0.001 -20"><span class='ocrx_word' id='word_1_39' title='bbox 495 1256 772 1319; x_wconf 90' lang='lat' dir='ltr'>verbum</span> <span class='ocrx_word' id='word_1_40' title='bbox 805 1256 931 1319; x_wconf 89' lang='lat' dir='ltr'>dei.</span> <span class='ocrx_word' id='word_1_41' title='bbox 1007 1264 1107 1337; x_wconf 60' lang='lat' dir='ltr'>pff.</span> <span class='ocrx_word' id='word_1_42' title='bbox 1158 1256 1574 1319; x_wconf 77' lang='lat' dir='ltr'><strong>Benedictus,</strong></span> <span class='ocrx_word' id='word_1_43' title='bbox 1622 1265 1700 1318; x_wconf 86' lang='lat' dir='ltr'>ut</span> 
     </span>
     <span class='ocr_line' id='line_1_12' title="bbox 493 1344 1699 1426; baseline -0.001 -20"><span class='ocrx_word' id='word_1_44' title='bbox 493 1355 695 1426; x_wconf 83' lang='lat' dir='ltr'>supra</span> <span class='ocrx_word' id='word_1_45' title='bbox 720 1344 911 1424; x_wconf 84' lang='lat' dir='ltr'>feria</span> <span class='ocrx_word' id='word_1_46' title='bbox 955 1344 1168 1408; x_wconf 82' lang='lat' dir='ltr'>tertia.</span> <span class='ocrx_word' id='word_1_47' title='bbox 1260 1344 1385 1407; x_wconf 80' lang='lat' dir='ltr'>Ad</span> <span class='ocrx_word' id='word_1_48' title='bbox 1407 1354 1699 1425; x_wconf 82' lang='lat' dir='ltr'>vesperas</span> 
     </span>
     <span class='ocr_line' id='line_1_13' title="bbox 494 1431 1700 1515; baseline 0 -20"><span class='ocrx_word' id='word_1_49' title='bbox 494 1440 601 1495; x_wconf 73' lang='lat' dir='ltr'>aii.</span> <span class='ocrx_word' id='word_1_50' title='bbox 694 1431 893 1515; x_wconf 83' lang='lat' dir='ltr'>Quod</span> <span class='ocrx_word' id='word_1_51' title='bbox 958 1442 1181 1495; x_wconf 89' lang='lat' dir='ltr'>autem</span> <span class='ocrx_word' id='word_1_52' title='bbox 1263 1432 1516 1495; x_wconf 91' lang='lat' dir='ltr'>cecidit.</span> <span class='ocrx_word' id='word_1_53' title='bbox 1622 1442 1700 1495; x_wconf 87' lang='lat' dir='ltr'>ut</span> 
     </span>
     <span class='ocr_line' id='line_1_14' title="bbox 494 1520 1695 1602; baseline 0 -19"><span class='ocrx_word' id='word_1_54' title='bbox 494 1531 711 1602; x_wconf 84' lang='lat' dir='ltr'>supra.</span> <span class='ocrx_word' id='word_1_55' title='bbox 808 1520 1093 1584; x_wconf 78' lang='lat' dir='ltr'>sabbato</span> <span class='ocrx_word' id='word_1_56' title='bbox 1150 1520 1402 1583; x_wconf 83' lang='lat' dir='ltr'>dicetur</span> <span class='ocrx_word' id='word_1_57' title='bbox 1448 1520 1529 1583; x_wconf 84' lang='lat' dir='ltr'>de</span> <span class='ocrx_word' id='word_1_58' title='bbox 1585 1520 1695 1583; x_wconf 87' lang='lat' dir='ltr'>do-</span> 
     </span>
     <span class='ocr_line' id='line_1_15' title="bbox 496 1608 1697 1672; baseline 0.001 -2"><span class='ocrx_word' id='word_1_59' title='bbox 496 1608 681 1671; x_wconf 84' lang='lat' dir='ltr'>mina</span> <span class='ocrx_word' id='word_1_60' title='bbox 709 1608 775 1671; x_wconf 85' lang='lat' dir='ltr'>si</span> <span class='ocrx_word' id='word_1_61' title='bbox 802 1610 1137 1672; x_wconf 82' lang='lat' dir='ltr'>vacaverit</span> <span class='ocrx_word' id='word_1_62' title='bbox 1154 1632 1178 1671; x_wconf 92' lang='grc'>.·</span> <span class='ocrx_word' id='word_1_63' title='bbox 1208 1629 1353 1671; x_wconf 87' lang='lat' dir='ltr'>cum</span> <span class='ocrx_word' id='word_1_64' title='bbox 1386 1608 1697 1671; x_wconf 81' lang='lat' dir='ltr'>memoria</span> 
     </span>
     <span class='ocr_line' id='line_1_16' title="bbox 495 1696 1694 1779; baseline 0.001 -19"><span class='ocrx_word' id='word_1_65' title='bbox 495 1697 577 1760; x_wconf 87' lang='lat' dir='ltr'>de</span> <span class='ocrx_word' id='word_1_66' title='bbox 600 1696 1013 1779; x_wconf 77' lang='lat' dir='ltr'>sexagesima.</span> <span class='ocrx_word' id='word_1_67' title='bbox 1104 1698 1239 1761; x_wconf 76' lang='grc' dir='ltr'>Αῆ.</span> <span class='ocrx_word' id='word_1_68' title='bbox 1306 1696 1381 1762; x_wconf 89' lang='lat' dir='ltr'>Si</span> <span class='ocrx_word' id='word_1_69' title='bbox 1412 1696 1694 1761; x_wconf 87' lang='lat' dir='ltr'>culmen.</span> 
     </span>
     <span class='ocr_line' id='line_1_17' title="bbox 496 1785 1694 1867; baseline 0.001 -20"><span class='ocrx_word' id='word_1_70' title='bbox 496 1794 573 1847; x_wconf 87' lang='lat' dir='ltr'>ut</span> <span class='ocrx_word' id='word_1_71' title='bbox 620 1796 824 1867; x_wconf 84' lang='lat' dir='ltr'>supra</span> <span class='ocrx_word' id='word_1_72' title='bbox 868 1785 1057 1866; x_wconf 83' lang='lat' dir='ltr'>seria</span> <span class='ocrx_word' id='word_1_73' title='bbox 1118 1795 1357 1867; x_wconf 83' lang='lat' dir='ltr'>quarta</span> <span class='ocrx_word' id='word_1_74' title='bbox 1416 1785 1514 1848; x_wconf 86' lang='lat' dir='ltr'>ad</span> <span class='ocrx_word' id='word_1_75' title='bbox 1558 1806 1694 1849; x_wconf 85' lang='lat' dir='ltr'>ves-</span> 
     </span>
     <span class='ocr_line' id='line_1_18' title="bbox 485 1884 695 1955; baseline 0.01 -20"><span class='ocrx_word' id='word_1_76' title='bbox 485 1884 695 1955; x_wconf 76' lang='lat' dir='ltr'>peras.</span> 
     </span>
     <span class='ocr_line' id='line_1_19' title="bbox 500 1961 1694 2044; baseline 0.001 -20"><span class='ocrx_word' id='word_1_77' title='bbox 500 1966 565 2039; x_wconf 58' lang='lat' dir='ltr'>ds</span> <span class='ocrx_word' id='word_1_78' title='bbox 610 1961 961 2025; x_wconf 83' lang='lat' dir='ltr'>Domim&#39;ca</span> <span class='ocrx_word' id='word_1_79' title='bbox 1010 1962 1081 2025; x_wconf 79' lang='lat' dir='ltr'>in</span> <span class='ocrx_word' id='word_1_80' title='bbox 1140 1961 1694 2044; x_wconf 81' lang='lat' dir='ltr'>quinquagesima.</span> 
     </span>
     <span class='ocr_line' id='line_1_20' title="bbox 502 2050 1694 2132; baseline 0 -19"><span class='ocrx_word' id='word_1_81' title='bbox 502 2050 789 2113; x_wconf 76' lang='lat' dir='ltr'>Sabbata</span> <span class='ocrx_word' id='word_1_82' title='bbox 834 2050 930 2113; x_wconf 85' lang='lat' dir='ltr'>ad</span> <span class='ocrx_word' id='word_1_83' title='bbox 968 2062 1260 2132; x_wconf 75' lang='lat' dir='ltr'>vesperas</span> <span class='ocrx_word' id='word_1_84' title='bbox 1298 2059 1402 2114; x_wconf 76' lang='grc' dir='ltr'>ανῖ.</span> <span class='ocrx_word' id='word_1_85' title='bbox 1483 2052 1694 2114; x_wconf 87' lang='lat' dir='ltr'>Bene-</span> 
     </span>
     <span class='ocr_line' id='line_1_21' title="bbox 494 2138 1694 2220; baseline 0.001 -19"><span class='ocrx_word' id='word_1_86' title='bbox 494 2140 730 2203; x_wconf 80' lang='lat' dir='ltr'>dictus,</span> <span class='ocrx_word' id='word_1_87' title='bbox 784 2148 885 2219; x_wconf 58' lang='lat' dir='ltr'>pff.</span> <span class='ocrx_word' id='word_1_88' title='bbox 952 2140 1201 2220; x_wconf 91' lang='lat' dir='ltr'>Ipsum.</span> <span class='ocrx_word' id='word_1_89' title='bbox 1286 2138 1434 2220; x_wconf 83' lang='lat' dir='ltr'>Cap.</span> <span class='ocrx_word' id='word_1_90' title='bbox 1483 2140 1694 2202; x_wconf 87' lang='lat' dir='ltr'>Bene-</span> 
     </span>
     <span class='ocr_line' id='line_1_22' title="bbox 494 2227 1694 2310; baseline 0.001 -21"><span class='ocrx_word' id='word_1_91' title='bbox 494 2228 712 2290; x_wconf 86' lang='lat' dir='ltr'><strong>dictus</strong></span> <span class='ocrx_word' id='word_1_92' title='bbox 815 2227 981 2291; x_wconf 88' lang='lat' dir='ltr'>deus</span> <span class='ocrx_word' id='word_1_93' title='bbox 1084 2237 1154 2290; x_wconf 93' lang='lat' dir='ltr'>et</span> <span class='ocrx_word' id='word_1_94' title='bbox 1251 2236 1456 2310; x_wconf 90' lang='lat' dir='ltr'>pater.</span> <span class='ocrx_word' id='word_1_95' title='bbox 1577 2228 1694 2291; x_wconf 79' lang='lat' dir='ltr'>Re.</span> 
     </span>
     <span class='ocr_line' id='line_1_23' title="bbox 497 2315 1692 2397; baseline 0.001 -19"><span class='ocrx_word' id='word_1_96' title='bbox 497 2315 901 2379; x_wconf 89' lang='lat' dir='ltr'>Revertenti.</span> <span class='ocrx_word' id='word_1_97' title='bbox 1044 2316 1367 2397; x_wconf 81' lang='lat' dir='ltr'><em>Hymnus,</em></span> <span class='ocrx_word' id='word_1_98' title='bbox 1508 2316 1692 2379; x_wconf 90' lang='lat' dir='ltr'>Deus</span> 
     </span>
     <span class='ocr_line' id='line_1_24' title="bbox 491 2403 1692 2488; baseline 0 -21"><span class='ocrx_word' id='word_1_99' title='bbox 491 2413 765 2468; x_wconf 90' lang='lat' dir='ltr'>creator.</span> <span class='ocrx_word' id='word_1_100' title='bbox 814 2421 861 2488; x_wconf 69' lang='grc' dir='ltr'>γ</span> <span class='ocrx_word' id='word_1_101' title='bbox 891 2404 1305 2486; x_wconf 85' lang='lat' dir='ltr'>Vespertina.</span> <span class='ocrx_word' id='word_1_102' title='bbox 1352 2403 1435 2467; x_wconf 89' lang='lat' dir='ltr'>In</span> <span class='ocrx_word' id='word_1_103' title='bbox 1465 2424 1692 2487; x_wconf 81' lang='lat' dir='ltr'><em>evang.</em></span> 
     </span>
     <span class='ocr_line' id='line_1_25' title="bbox 491 2492 1690 2557; baseline 0.001 -1"><span class='ocrx_word' id='word_1_104' title='bbox 491 2501 597 2556; x_wconf 75' lang='grc' dir='ltr'>αῆ.</span> <span class='ocrx_word' id='word_1_105' title='bbox 710 2492 893 2556; x_wconf 87' lang='lat' dir='ltr'>Dum</span> <span class='ocrx_word' id='word_1_106' title='bbox 956 2502 1164 2556; x_wconf 90' lang='lat' dir='ltr'>staret</span> <span class='ocrx_word' id='word_1_107' title='bbox 1224 2492 1543 2556; x_wconf 87' lang='lat' dir='ltr'>abraham</span> <span class='ocrx_word' id='word_1_108' title='bbox 1604 2493 1690 2557; x_wconf 91' lang='lat' dir='ltr'>ad</span> 
     </span>
     <span class='ocr_line' id='line_1_26' title="bbox 496 2580 1694 2645; baseline 0.001 -1"><span class='ocrx_word' id='word_1_109' title='bbox 496 2581 785 2644; x_wconf 90' lang='lat' dir='ltr'>radicem</span> <span class='ocrx_word' id='word_1_110' title='bbox 872 2580 1171 2644; x_wconf 85' lang='lat' dir='ltr'>mambre</span> <span class='ocrx_word' id='word_1_111' title='bbox 1202 2582 1227 2619; x_wconf 81' lang='lat'>²</span> <span class='ocrx_word' id='word_1_112' title='bbox 1303 2581 1469 2645; x_wconf 89' lang='lat' dir='ltr'>vidit</span> <span class='ocrx_word' id='word_1_113' title='bbox 1559 2591 1694 2645; x_wconf 90' lang='lat' dir='ltr'>tres</span> 
     </span>
     <span class='ocr_line' id='line_1_27' title="bbox 496 2669 1691 2752; baseline 0.001 -20"><span class='ocrx_word' id='word_1_114' title='bbox 496 2688 737 2752; x_wconf 89' lang='lat' dir='ltr'>pueros</span> <span class='ocrx_word' id='word_1_115' title='bbox 800 2669 1277 2733; x_wconf 87' lang='lat' dir='ltr'>descendentes</span> <span class='ocrx_word' id='word_1_116' title='bbox 1339 2689 1456 2750; x_wconf 86' lang='lat' dir='ltr'>per</span> <span class='ocrx_word' id='word_1_117' title='bbox 1513 2671 1691 2734; x_wconf 90' lang='lat' dir='ltr'>viam</span> 
     </span>
     <span class='ocr_line' id='line_1_28' title="bbox 495 2756 1692 2840; baseline 0.003 -21"><span class='ocrx_word' id='word_1_118' title='bbox 495 2767 629 2820; x_wconf 89' lang='lat' dir='ltr'>tres</span> <span class='ocrx_word' id='word_1_119' title='bbox 676 2756 842 2821; x_wconf 87' lang='lat' dir='ltr'>vidit</span> <span class='ocrx_word' id='word_1_120' title='bbox 888 2765 957 2820; x_wconf 91' lang='lat' dir='ltr'>et</span> <span class='ocrx_word' id='word_1_121' title='bbox 988 2777 1192 2821; x_wconf 91' lang='lat' dir='ltr'>unum</span> <span class='ocrx_word' id='word_1_122' title='bbox 1230 2757 1546 2820; x_wconf 89' lang='lat' dir='ltr'>adoravit.</span> <span class='ocrx_word' id='word_1_123' title='bbox 1591 2767 1692 2840; x_wconf 64' lang='lat' dir='ltr'>psi</span> 
     </span>
     <span class='ocr_line' id='line_1_29' title="bbox 499 2843 1692 2926; baseline 0.003 -18"><span class='ocrx_word' id='word_1_124' title='bbox 499 2843 905 2926; x_wconf 87' lang='lat' dir='ltr'>Magnificat.</span> <span class='ocrx_word' id='word_1_125' title='bbox 1448 2845 1692 2912; x_wconf 85' lang='lat' dir='ltr'>Orati0.</span> 
     </span>
     <span class='ocr_line' id='line_1_30' title="bbox 496 2936 1694 3064; baseline 0.003 -70"><span class='ocrx_word' id='word_1_126' title='bbox 496 2937 827 3064; x_wconf 72' lang='lat' dir='ltr'>Preces</span> <span class='ocrx_word' id='word_1_127' title='bbox 874 2941 1131 2997; x_wconf 88' lang='lat' dir='ltr'>nostras</span> <span class='ocrx_word' id='word_1_128' title='bbox 1178 2954 1537 3015; x_wconf 87' lang='lat' dir='ltr'>quesumus</span> <span class='ocrx_word' id='word_1_129' title='bbox 1572 2936 1694 2999; x_wconf 91' lang='lat' dir='ltr'>do-</span> 
     </span>
     <span class='ocr_line' id='line_1_31' title="bbox 650 3020 1692 3088; baseline 0.004 -4"><span class='ocrx_word' id='word_1_130' title='bbox 650 3020 826 3084; x_wconf 86' lang='lat' dir='ltr'>mine</span> <span class='ocrx_word' id='word_1_131' title='bbox 940 3021 1299 3085; x_wconf 87' lang='lat' dir='ltr'>clementer</span> <span class='ocrx_word' id='word_1_132' title='bbox 1392 3024 1636 3086; x_wconf 85' lang='lat' dir='ltr'>exaudi</span> <span class='ocrx_word' id='word_1_133' title='bbox 1676 3045 1692 3088; x_wconf 76' lang='grc' dir='ltr'>ε</span> 
     </span>
     <span class='ocr_line' id='line_1_32' title="bbox 495 3111 1694 3192; baseline 0.003 -20"><span class='ocrx_word' id='word_1_134' title='bbox 495 3118 700 3191; x_wconf 89' lang='lat' dir='ltr'>atque</span> <span class='ocrx_word' id='word_1_135' title='bbox 790 3129 831 3172; x_wconf 85' lang='lat' dir='ltr'>a</span> <span class='ocrx_word' id='word_1_136' title='bbox 918 3119 1339 3192; x_wconf 89' lang='lat' dir='ltr'>peccatorum</span> <span class='ocrx_word' id='word_1_137' title='bbox 1418 3111 1694 3175; x_wconf 89' lang='lat' dir='ltr'>vinculis</span> 
     </span>
     <span class='ocr_line' id='line_1_33' title="bbox 494 3198 1692 3264; baseline 0.003 -5"><span class='ocrx_word' id='word_1_138' title='bbox 494 3198 877 3262; x_wconf 87' lang='lat' dir='ltr'>absolutos:</span> <span class='ocrx_word' id='word_1_139' title='bbox 923 3198 1011 3261; x_wconf 88' lang='lat' dir='ltr'>ab</span> <span class='ocrx_word' id='word_1_140' title='bbox 1056 3200 1238 3262; x_wconf 92' lang='lat' dir='ltr'>omni</span> <span class='ocrx_word' id='word_1_141' title='bbox 1294 3220 1414 3262; x_wconf 92' lang='lat' dir='ltr'>nos</span> <span class='ocrx_word' id='word_1_142' title='bbox 1460 3201 1692 3264; x_wconf 90' lang='lat' dir='ltr'>adver·</span> 
     </span>
     <span class='ocr_line' id='line_1_34' title="bbox 496 3287 1688 3353; baseline 0.003 -5"><span class='ocrx_word' id='word_1_143' title='bbox 496 3287 693 3348; x_wconf 90' lang='lat' dir='ltr'>sitate</span> <span class='ocrx_word' id='word_1_144' title='bbox 754 3288 1030 3351; x_wconf 91' lang='lat' dir='ltr'>custodi.</span> <span class='ocrx_word' id='word_1_145' title='bbox 1145 3287 1267 3351; x_wconf 89' lang='lat' dir='ltr'>Per</span> <span class='ocrx_word' id='word_1_146' title='bbox 1324 3288 1688 3353; x_wconf 90' lang='lat' dir='ltr'>dominum.</span> 
     </span>
     <span class='ocr_line' id='line_1_35' title="bbox 494 3375 1692 3440; baseline 0.002 -2"><span class='ocrx_word' id='word_1_147' title='bbox 494 3375 621 3438; x_wconf 87' lang='lat' dir='ltr'>Ad</span> <span class='ocrx_word' id='word_1_148' title='bbox 644 3384 845 3440; x_wconf 86' lang='lat' dir='ltr'>matu.</span> <span class='ocrx_word' id='word_1_149' title='bbox 884 3376 1112 3440; x_wconf 75' lang='lat' dir='ltr'>invita.</span> <span class='ocrx_word' id='word_1_150' title='bbox 1209 3376 1288 3439; x_wconf 94' lang='lat' dir='ltr'>In</span> <span class='ocrx_word' id='word_1_151' title='bbox 1338 3397 1536 3440; x_wconf 88' lang='lat' dir='ltr'>manu</span> <span class='ocrx_word' id='word_1_152' title='bbox 1576 3387 1692 3440; x_wconf 90' lang='lat' dir='ltr'>tua</span> 
     </span>
     <span class='ocr_line' id='line_1_36' title="bbox 494 3463 1690 3547; baseline 0.003 -22"><span class='ocrx_word' id='word_1_153' title='bbox 494 3463 779 3527; x_wconf 90' lang='lat' dir='ltr'>domine.</span> <span class='ocrx_word' id='word_1_154' title='bbox 877 3463 1131 3528; x_wconf 90' lang='lat' dir='ltr'>Omnes</span> <span class='ocrx_word' id='word_1_155' title='bbox 1164 3463 1327 3528; x_wconf 90' lang='lat' dir='ltr'>fines</span> <span class='ocrx_word' id='word_1_156' title='bbox 1357 3474 1544 3528; x_wconf 90' lang='lat' dir='ltr'>terre.</span> <span class='ocrx_word' id='word_1_157' title='bbox 1584 3474 1690 3547; x_wconf 59' lang='lat' dir='ltr'>pff.</span> 
     </span>
     <span class='ocr_line' id='line_1_37' title="bbox 494 3551 1692 3634; baseline 0.002 -20"><span class='ocrx_word' id='word_1_158' title='bbox 494 3551 755 3616; x_wconf 89' lang='lat' dir='ltr'>Venite.</span> <span class='ocrx_word' id='word_1_159' title='bbox 853 3553 1176 3634; x_wconf 87' lang='lat' dir='ltr'>Hymnus.</span> <span class='ocrx_word' id='word_1_160' title='bbox 1272 3553 1493 3616; x_wconf 88' lang='lat' dir='ltr'>Primo</span> <span class='ocrx_word' id='word_1_161' title='bbox 1553 3555 1692 3616; x_wconf 90' lang='lat' dir='ltr'>die-</span> 
     </span>
     <span class='ocr_line' id='line_1_38' title="bbox 494 3642 1687 3724; baseline 0.005 -23"><span class='ocrx_word' id='word_1_162' title='bbox 494 3660 657 3704; x_wconf 90' lang='lat' dir='ltr'>rum.</span> <span class='ocrx_word' id='word_1_163' title='bbox 749 3642 834 3705; x_wconf 88' lang='lat' dir='ltr'>In</span> <span class='ocrx_word' id='word_1_164' title='bbox 875 3642 937 3724; x_wconf 88' lang='lat' dir='ltr'>j.</span> <span class='ocrx_word' id='word_1_165' title='bbox 1001 3651 1155 3705; x_wconf 87' lang='lat' dir='ltr'>noct.</span> <span class='ocrx_word' id='word_1_166' title='bbox 1215 3651 1319 3705; x_wconf 79' lang='grc' dir='ltr'>αῆ.</span> <span class='ocrx_word' id='word_1_167' title='bbox 1416 3642 1687 3707; x_wconf 89' lang='lat' dir='ltr'>Servite.</span> 
     </span>
     <span class='ocr_line' id='line_1_39' title="bbox 478 3729 1606 3817; baseline 0.004 -27"><span class='ocrx_word' id='word_1_168' title='bbox 478 3737 578 3810; x_wconf 63' lang='lat' dir='ltr'>pf.</span> <span class='ocrx_word' id='word_1_169' title='bbox 632 3729 877 3792; x_wconf 87' lang='lat' dir='ltr'>Beatus</span> <span class='ocrx_word' id='word_1_170' title='bbox 907 3731 1020 3794; x_wconf 90' lang='lat' dir='ltr'>vir.</span> <span class='ocrx_word' id='word_1_171' title='bbox 1117 3747 1159 3817; x_wconf 49' lang='lat' dir='ltr'>‘y</span> <span class='ocrx_word' id='word_1_172' title='bbox 1208 3731 1469 3793; x_wconf 87' lang='lat' dir='ltr'>Memor</span> <span class='ocrx_word' id='word_1_173' title='bbox 1500 3731 1606 3794; x_wconf 85' lang='lat' dir='ltr'>fui.</span> 
     </span>
     <span class='ocr_line' id='line_1_40' title="bbox 493 3817 1690 3946; baseline 0.003 -67"><span class='ocrx_word' id='word_1_174' title='bbox 493 3817 709 3946; x_wconf 85' lang='lat' dir='ltr'>He</span> <span class='ocrx_word' id='word_1_175' title='bbox 728 3826 883 3880; x_wconf 87' lang='lat' dir='ltr'>sunt</span> <span class='ocrx_word' id='word_1_176' title='bbox 900 3820 1361 3900; x_wconf 87' lang='lat' dir='ltr'>generationes</span> <span class='ocrx_word' id='word_1_177' title='bbox 1385 3818 1625 3901; x_wconf 77' lang='lat' dir='ltr'>[Lectio</span> <span class='ocrx_word' id='word_1_178' title='bbox 1627 3819 1690 3900; x_wconf 90' lang='lat' dir='ltr'>j.</span> 
     </span>
     <span class='ocr_line' id='line_1_41' title="bbox 672 3905 1690 3989; baseline 0.002 -22"><span class='ocrx_word' id='word_1_179' title='bbox 672 3905 877 3968; x_wconf 91' lang='lat' dir='ltr'>thare.</span> <span class='ocrx_word' id='word_1_180' title='bbox 943 3906 1165 3971; x_wconf 89' lang='lat' dir='ltr'>Thare</span> <span class='ocrx_word' id='word_1_181' title='bbox 1196 3909 1427 3989; x_wconf 87' lang='lat' dir='ltr'>genuit</span> <span class='ocrx_word' id='word_1_182' title='bbox 1458 3907 1690 3970; x_wconf 87' lang='lat' dir='ltr'>abram</span> 
     </span>
     <span class='ocr_line' id='line_1_42' title="bbox 494 3993 1691 4058; baseline 0.005 -6"><span class='ocrx_word' id='word_1_183' title='bbox 494 4000 563 4053; x_wconf 89' lang='lat' dir='ltr'>et</span> <span class='ocrx_word' id='word_1_184' title='bbox 588 3993 837 4055; x_wconf 87' lang='lat' dir='ltr'>nachor</span> <span class='ocrx_word' id='word_1_185' title='bbox 866 4002 933 4056; x_wconf 92' lang='lat' dir='ltr'>et</span> <span class='ocrx_word' id='word_1_186' title='bbox 964 3996 1169 4058; x_wconf 67' lang='lat' dir='ltr'>aran.a</span> <span class='ocrx_word' id='word_1_187' title='bbox 1251 3995 1451 4058; x_wconf 90' lang='lat' dir='ltr'>Porro</span> <span class='ocrx_word' id='word_1_188' title='bbox 1487 4016 1645 4058; x_wconf 84' lang='lat' dir='ltr'>aran</span> <span class='ocrx_word' id='word_1_189' title='bbox 1665 3996 1691 4034; x_wconf 78' lang='lat'><strong>³</strong></span> 
     </span>
    </p>
   </div>
   <div class='ocr_carea' id='block_1_4' title="bbox 491 4080 1692 4253">
    <p class='ocr_par' dir='ltr' id='par_1_4' title="bbox 491 4080 1692 4253">
     <span class='ocr_line' id='line_1_43' title="bbox 491 4080 1692 4165; baseline 0.007 -26"><span class='ocrx_word' id='word_1_190' title='bbox 491 4081 725 4160; x_wconf 89' lang='lat' dir='ltr'>genuit</span> <span class='ocrx_word' id='word_1_191' title='bbox 794 4080 950 4144; x_wconf 90' lang='lat' dir='ltr'>loth.</span> <span class='ocrx_word' id='word_1_192' title='bbox 1076 4084 1514 4165; x_wconf 89' lang='lat' dir='ltr'>Mortuusque</span> <span class='ocrx_word' id='word_1_193' title='bbox 1590 4095 1692 4148; x_wconf 87' lang='lat' dir='ltr'>est</span> 
     </span>
     <span class='ocr_line' id='line_1_44' title="bbox 492 4168 1690 4253; baseline 0.007 -25"><span class='ocrx_word' id='word_1_194' title='bbox 492 4168 878 4232; x_wconf 75' lang='lat' dir='ltr'>aran³ante</span> <span class='ocrx_word' id='word_1_195' title='bbox 928 4168 1116 4234; x_wconf 89' lang='lat' dir='ltr'>thare</span> <span class='ocrx_word' id='word_1_196' title='bbox 1163 4181 1421 4253; x_wconf 89' lang='lat' dir='ltr'>patrem</span> <span class='ocrx_word' id='word_1_197' title='bbox 1454 4192 1690 4238; x_wconf 90' lang='lat' dir='ltr'>suum:</span> 
     </span>
    </p>
   </div>
   <div class='ocr_carea' id='block_1_5' title="bbox 722 4352 1477 4602">
    <p class='ocr_par' dir='ltr' id='par_1_5' title="bbox 727 4352 1265 4406">
     <span class='ocr_line' id='line_1_45' title="bbox 727 4352 1265 4406; baseline 0.009 -7"><span class='ocrx_word' id='word_1_198' title='bbox 727 4353 739 4382; x_wconf 91' lang='lat'><strong>¹</strong></span> <span class='ocrx_word' id='word_1_199' title='bbox 775 4352 1091 4404; x_wconf 83' lang='lat' dir='ltr'>levaverunt:</span> <span class='ocrx_word' id='word_1_200' title='bbox 1130 4354 1190 4405; x_wconf 86' lang='lat' dir='ltr'>E.</span> <span class='ocrx_word' id='word_1_201' title='bbox 1202 4355 1265 4406; x_wconf 87' lang='lat' dir='ltr'>G.</span> 
     </span>
    </p>

    <p class='ocr_par' dir='ltr' id='par_1_6' title="bbox 728 4419 1135 4470">
     <span class='ocr_line' id='line_1_46' title="bbox 728 4419 1135 4470; baseline 0.012 -5"><span class='ocrx_word' id='word_1_202' title='bbox 728 4420 747 4448; x_wconf 84' lang='lat'>²</span> <span class='ocrx_word' id='word_1_203' title='bbox 779 4419 1002 4469; x_wconf 87' lang='lat' dir='ltr'>membre</span> <span class='ocrx_word' id='word_1_204' title='bbox 1026 4439 1039 4469; x_wconf 77' lang='lat' dir='ltr'>z</span> <span class='ocrx_word' id='word_1_205' title='bbox 1075 4421 1135 4470; x_wconf 82' lang='lat' dir='ltr'>E.</span> 
     </span>
    </p>

    <p class='ocr_par' dir='ltr' id='par_1_7' title="bbox 722 4485 1477 4602">
     <span class='ocr_line' id='line_1_47' title="bbox 724 4485 1477 4550; baseline 0.005 -19"><span class='ocrx_word' id='word_1_206' title='bbox 724 4486 743 4514; x_wconf 78' lang='lat'><strong>³</strong></span> <span class='ocrx_word' id='word_1_207' title='bbox 782 4487 977 4532; x_wconf 81' lang='lat' dir='ltr'>‘aram&#39;</span> <span class='ocrx_word' id='word_1_208' title='bbox 1001 4485 1215 4550; x_wconf 83' lang='lat' dir='ltr'>passim:</span> <span class='ocrx_word' id='word_1_209' title='bbox 1252 4486 1477 4538; x_wconf 84' lang='lat' dir='ltr'>E.G.W.</span> 
     </span>
     <span class='ocr_line' id='line_1_48' title="bbox 722 4551 1131 4602; baseline 0.01 -3"><span class='ocrx_word' id='word_1_210' title='bbox 722 4555 741 4581; x_wconf 86' lang='lat'><strong>⁴</strong></span> <span class='ocrx_word' id='word_1_211' title='bbox 776 4551 997 4601; x_wconf 86' lang='lat' dir='ltr'>membre</span> <span class='ocrx_word' id='word_1_212' title='bbox 1024 4569 1034 4602; x_wconf 90' lang='lat'>:</span> <span class='ocrx_word' id='word_1_213' title='bbox 1072 4553 1131 4602; x_wconf 74' lang='lat' dir='ltr'>E-</span> 
     </span>
    </p>
   </div>
   <div class='ocr_carea' id='block_1_6' title="bbox 2311 438 2466 495">
    <p class='ocr_par' dir='ltr' id='par_1_8' title="bbox 2311 438 2466 495">
     <span class='ocr_line' id='line_1_49' title="bbox 2311 438 2466 495; baseline 0.013 -2"><span class='ocrx_word' id='word_1_214' title='bbox 2311 438 2466 495; x_wconf 75' lang='lat'>256</span> 
     </span>
    </p>
   </div>
   <div class='ocr_carea' id='block_1_7' title="bbox 1792 547 3002 4256">
    <p class='ocr_par' dir='ltr' id='par_1_9' title="bbox 1797 547 3002 1474">
     <span class='ocr_line' id='line_1_50' title="bbox 1800 547 3002 611; baseline 0.001 -1"><span class='ocrx_word' id='word_1_215' title='bbox 1800 548 1866 610; x_wconf 82' lang='lat' dir='ltr'>in</span> <span class='ocrx_word' id='word_1_216' title='bbox 1899 556 2074 611; x_wconf 89' lang='lat' dir='ltr'>terra</span> <span class='ocrx_word' id='word_1_217' title='bbox 2107 547 2472 611; x_wconf 84' lang='lat' dir='ltr'>nativitatis</span> <span class='ocrx_word' id='word_1_218' title='bbox 2502 567 2635 611; x_wconf 90' lang='lat' dir='ltr'>sue.</span> <span class='ocrx_word' id='word_1_219' title='bbox 2705 547 2818 611; x_wconf 76' lang='lat' dir='ltr'>Re.</span> <span class='ocrx_word' id='word_1_220' title='bbox 2869 548 3002 611; x_wconf 85' lang='lat' dir='ltr'>Lo·</span> 
     </span>
     <span class='ocr_line' id='line_1_51' title="bbox 1797 636 3001 700; baseline 0 -1"><span class='ocrx_word' id='word_1_221' title='bbox 1797 645 1992 699; x_wconf 90' lang='lat' dir='ltr'>cutus</span> <span class='ocrx_word' id='word_1_222' title='bbox 2040 644 2142 699; x_wconf 92' lang='lat' dir='ltr'>est</span> <span class='ocrx_word' id='word_1_223' title='bbox 2189 636 2500 699; x_wconf 89' lang='lat' dir='ltr'>dominus</span> <span class='ocrx_word' id='word_1_224' title='bbox 2547 636 2630 699; x_wconf 91' lang='lat' dir='ltr'>ad</span> <span class='ocrx_word' id='word_1_225' title='bbox 2681 636 3001 700; x_wconf 85' lang='lat' dir='ltr'>abraham</span> 
     </span>
     <span class='ocr_line' id='line_1_52' title="bbox 1797 724 3001 805; baseline 0 -18"><span class='ocrx_word' id='word_1_226' title='bbox 1797 725 2072 787; x_wconf 85' lang='lat' dir='ltr'>dicens:</span> <span class='ocrx_word' id='word_1_227' title='bbox 2118 724 2432 805; x_wconf 86' lang='lat' dir='ltr'>egredere</span> <span class='ocrx_word' id='word_1_228' title='bbox 2478 724 2564 787; x_wconf 91' lang='lat' dir='ltr'>de</span> <span class='ocrx_word' id='word_1_229' title='bbox 2609 733 2784 787; x_wconf 88' lang='lat' dir='ltr'>terra</span> <span class='ocrx_word' id='word_1_230' title='bbox 2814 734 2882 788; x_wconf 93' lang='lat' dir='ltr'>et</span> <span class='ocrx_word' id='word_1_231' title='bbox 2914 726 3001 787; x_wconf 91' lang='lat' dir='ltr'>de</span> 
     </span>
     <span class='ocr_line' id='line_1_53' title="bbox 1800 813 3000 895; baseline 0 -20"><span class='ocrx_word' id='word_1_232' title='bbox 1800 813 2195 895; x_wconf 88' lang='lat' dir='ltr'>cognatione</span> <span class='ocrx_word' id='word_1_233' title='bbox 2241 820 2398 877; x_wconf 88' lang='lat' dir='ltr'>tua:</span> <span class='ocrx_word' id='word_1_234' title='bbox 2447 822 2516 875; x_wconf 91' lang='lat' dir='ltr'>et</span> <span class='ocrx_word' id='word_1_235' title='bbox 2560 813 2710 875; x_wconf 90' lang='lat' dir='ltr'>veni</span> <span class='ocrx_word' id='word_1_236' title='bbox 2757 814 2824 876; x_wconf 89' lang='lat' dir='ltr'>in</span> <span class='ocrx_word' id='word_1_237' title='bbox 2870 822 3000 876; x_wconf 91' lang='lat' dir='ltr'>ter-</span> 
     </span>
     <span class='ocr_line' id='line_1_54' title="bbox 1801 901 2999 982; baseline 0 -19"><span class='ocrx_word' id='word_1_238' title='bbox 1801 921 1940 963; x_wconf 92' lang='lat' dir='ltr'>ram</span> <span class='ocrx_word' id='word_1_239' title='bbox 1973 920 2174 982; x_wconf 89' lang='lat' dir='ltr'>quam</span> <span class='ocrx_word' id='word_1_240' title='bbox 2210 910 2665 964; x_wconf 88' lang='lat' dir='ltr'>monstravero</span> <span class='ocrx_word' id='word_1_241' title='bbox 2697 901 2834 964; x_wconf 91' lang='lat' dir='ltr'>tibi.</span> <span class='ocrx_word' id='word_1_242' title='bbox 2905 901 2999 964; x_wconf 92' lang='lat' dir='ltr'>Et</span> 
     </span>
     <span class='ocr_line' id='line_1_55' title="bbox 1800 989 2994 1071; baseline 0 -20"><span class='ocrx_word' id='word_1_243' title='bbox 1800 989 2038 1051; x_wconf 85' lang='lat' dir='ltr'>faciam</span> <span class='ocrx_word' id='word_1_244' title='bbox 2102 998 2169 1052; x_wconf 90' lang='lat' dir='ltr'>te</span> <span class='ocrx_word' id='word_1_245' title='bbox 2230 1009 2518 1052; x_wconf 89' lang='lat' dir='ltr'>crescere</span> <span class='ocrx_word' id='word_1_246' title='bbox 2595 990 2662 1052; x_wconf 89' lang='lat' dir='ltr'>in</span> <span class='ocrx_word' id='word_1_247' title='bbox 2723 999 2994 1071; x_wconf 89' lang='lat' dir='ltr'>gentem</span> 
     </span>
     <span class='ocr_line' id='line_1_56' title="bbox 1801 1077 2995 1162; baseline 0.002 -23"><span class='ocrx_word' id='word_1_248' title='bbox 1801 1097 2132 1158; x_wconf 89' lang='lat' dir='ltr'>magnam.</span> <span class='ocrx_word' id='word_1_249' title='bbox 2225 1094 2272 1162; x_wconf 68' lang='grc' dir='ltr'><strong><em>γ</em></strong></span> <span class='ocrx_word' id='word_1_250' title='bbox 2339 1077 2749 1141; x_wconf 90' lang='lat' dir='ltr'>Benedicens</span> <span class='ocrx_word' id='word_1_251' title='bbox 2796 1078 2995 1141; x_wconf 91' lang='lat' dir='ltr'>bene-</span> 
     </span>
     <span class='ocr_line' id='line_1_57' title="bbox 1797 1165 2994 1250; baseline 0.002 -22"><span class='ocrx_word' id='word_1_252' title='bbox 1797 1166 2018 1230; x_wconf 86' lang='lat' dir='ltr'>dicam</span> <span class='ocrx_word' id='word_1_253' title='bbox 2065 1165 2186 1229; x_wconf 91' lang='lat' dir='ltr'>tibi</span> <span class='ocrx_word' id='word_1_254' title='bbox 2242 1176 2310 1230; x_wconf 91' lang='lat' dir='ltr'>et</span> <span class='ocrx_word' id='word_1_255' title='bbox 2388 1165 2846 1250; x_wconf 89' lang='lat' dir='ltr'>multiplicabo</span> <span class='ocrx_word' id='word_1_256' title='bbox 2909 1176 2994 1231; x_wconf 92' lang='lat' dir='ltr'>te.</span> 
     </span>
     <span class='ocr_line' id='line_1_58' title="bbox 1801 1254 2993 1338; baseline 0.001 -21"><span class='ocrx_word' id='word_1_257' title='bbox 1801 1254 1907 1317; x_wconf 90' lang='lat' dir='ltr'>Et.</span> <span class='ocrx_word' id='word_1_258' title='bbox 2679 1254 2894 1318; x_wconf 84' lang='lat' dir='ltr'>Lectio</span> <span class='ocrx_word' id='word_1_259' title='bbox 2925 1255 2993 1338; x_wconf 63' lang='lat' dir='ltr'>ij.</span> 
     </span>
     <span class='ocr_line' id='line_1_59' title="bbox 1797 1342 2994 1474; baseline 0.002 -69"><span class='ocrx_word' id='word_1_260' title='bbox 1797 1344 2244 1474; x_wconf 83' lang='lat' dir='ltr'>Duxerunt</span> <span class='ocrx_word' id='word_1_261' title='bbox 2325 1350 2548 1406; x_wconf 89' lang='lat' dir='ltr'>autem</span> <span class='ocrx_word' id='word_1_262' title='bbox 2623 1342 2852 1406; x_wconf 88' lang='lat' dir='ltr'>abram</span> <span class='ocrx_word' id='word_1_263' title='bbox 2925 1354 2994 1407; x_wconf 90' lang='lat' dir='ltr'>et</span> 
     </span>
    </p>

    <p class='ocr_par' dir='ltr' id='par_1_10' title="bbox 1793 1431 2996 2574">
     <span class='ocr_line' id='line_1_60' title="bbox 1953 1431 2996 1495; baseline 0.001 -2"><span class='ocrx_word' id='word_1_264' title='bbox 1953 1431 2202 1494; x_wconf 89' lang='lat' dir='ltr'>nachor</span> <span class='ocrx_word' id='word_1_265' title='bbox 2232 1450 2492 1495; x_wconf 82' lang='lat' dir='ltr'>uxores,</span> <span class='ocrx_word' id='word_1_266' title='bbox 2558 1431 2823 1494; x_wconf 90' lang='lat' dir='ltr'>Nomen</span> <span class='ocrx_word' id='word_1_267' title='bbox 2867 1453 2996 1495; x_wconf 91' lang='lat' dir='ltr'>ux-</span> 
     </span>
     <span class='ocr_line' id='line_1_61' title="bbox 1797 1519 2992 1583; baseline 0.001 -2"><span class='ocrx_word' id='word_1_268' title='bbox 1797 1520 1929 1581; x_wconf 89' lang='lat' dir='ltr'>oris</span> <span class='ocrx_word' id='word_1_269' title='bbox 2012 1519 2242 1582; x_wconf 90' lang='lat' dir='ltr'>abram</span> <span class='ocrx_word' id='word_1_270' title='bbox 2313 1519 2524 1583; x_wconf 88' lang='lat' dir='ltr'>sarai:</span> <span class='ocrx_word' id='word_1_271' title='bbox 2600 1528 2669 1582; x_wconf 90' lang='lat' dir='ltr'>et</span> <span class='ocrx_word' id='word_1_272' title='bbox 2749 1539 2992 1582; x_wconf 89' lang='lat' dir='ltr'>nomen</span> 
     </span>
     <span class='ocr_line' id='line_1_62' title="bbox 1799 1606 2994 1672; baseline 0.001 -3"><span class='ocrx_word' id='word_1_273' title='bbox 1799 1607 2026 1670; x_wconf 87' lang='lat' dir='ltr'>uxoris</span> <span class='ocrx_word' id='word_1_274' title='bbox 2117 1606 2366 1670; x_wconf 91' lang='lat' dir='ltr'>nachor</span> <span class='ocrx_word' id='word_1_275' title='bbox 2455 1606 2766 1672; x_wconf 87' lang='lat' dir='ltr'>melcha:</span> <span class='ocrx_word' id='word_1_276' title='bbox 2859 1608 2994 1670; x_wconf 89' lang='lat' dir='ltr'>filia</span> 
     </span>
     <span class='ocr_line' id='line_1_63' title="bbox 1799 1694 2994 1779; baseline 0.002 -22"><span class='ocrx_word' id='word_1_277' title='bbox 1799 1715 1957 1759; x_wconf 87' lang='lat' dir='ltr'>aran</span> <span class='ocrx_word' id='word_1_278' title='bbox 1983 1696 2008 1734; x_wconf 79' lang='lat'>⁸</span> <span class='ocrx_word' id='word_1_279' title='bbox 2061 1697 2266 1778; x_wconf 87' lang='lat' dir='ltr'>patris</span> <span class='ocrx_word' id='word_1_280' title='bbox 2344 1694 2596 1758; x_wconf 89' lang='lat' dir='ltr'>melche</span> <span class='ocrx_word' id='word_1_281' title='bbox 2657 1705 2727 1759; x_wconf 89' lang='lat' dir='ltr'>et</span> <span class='ocrx_word' id='word_1_282' title='bbox 2787 1698 2994 1779; x_wconf 86' lang='lat' dir='ltr'>patris</span> 
     </span>
     <span class='ocr_line' id='line_1_64' title="bbox 1793 1782 2994 1865; baseline 0.002 -19"><span class='ocrx_word' id='word_1_283' title='bbox 1793 1782 1984 1865; x_wconf 89' lang='lat' dir='ltr'>jesse.</span> <span class='ocrx_word' id='word_1_284' title='bbox 2063 1784 2226 1848; x_wconf 89' lang='lat' dir='ltr'>Erat</span> <span class='ocrx_word' id='word_1_285' title='bbox 2257 1794 2481 1848; x_wconf 87' lang='lat' dir='ltr'>autem</span> <span class='ocrx_word' id='word_1_286' title='bbox 2513 1785 2680 1847; x_wconf 89' lang='lat' dir='ltr'>sarai</span> <span class='ocrx_word' id='word_1_287' title='bbox 2714 1785 2994 1849; x_wconf 85' lang='lat' dir='ltr'>sterilis:</span> 
     </span>
     <span class='ocr_line' id='line_1_65' title="bbox 1797 1871 2994 1955; baseline 0.001 -21"><span class='ocrx_word' id='word_1_288' title='bbox 1797 1891 1918 1935; x_wconf 89' lang='lat' dir='ltr'>nec</span> <span class='ocrx_word' id='word_1_289' title='bbox 1949 1871 2243 1936; x_wconf 88' lang='lat' dir='ltr'>habebat</span> <span class='ocrx_word' id='word_1_290' title='bbox 2273 1872 2530 1935; x_wconf 69' lang='lat' dir='ltr'>liberos</span> <span class='ocrx_word' id='word_1_291' title='bbox 2588 1873 2704 1935; x_wconf 85' lang='lat' dir='ltr'>Re.</span> <span class='ocrx_word' id='word_1_292' title='bbox 2757 1873 2994 1955; x_wconf 89' lang='lat' dir='ltr'>Appa-</span> 
     </span>
     <span class='ocr_line' id='line_1_66' title="bbox 1800 1959 2992 2025; baseline 0.001 -2"><span class='ocrx_word' id='word_1_293' title='bbox 1800 1970 2068 2024; x_wconf 89' lang='lat' dir='ltr'>ruerunt</span> <span class='ocrx_word' id='word_1_294' title='bbox 2116 1971 2250 2024; x_wconf 89' lang='lat' dir='ltr'>tres</span> <span class='ocrx_word' id='word_1_295' title='bbox 2295 1961 2412 2024; x_wconf 87' lang='lat' dir='ltr'>viri</span> <span class='ocrx_word' id='word_1_296' title='bbox 2467 1959 2714 2024; x_wconf 85' lang='lat' dir='ltr'>abrahe</span> <span class='ocrx_word' id='word_1_297' title='bbox 2757 1964 2844 2025; x_wconf 89' lang='lat' dir='ltr'>ad</span> <span class='ocrx_word' id='word_1_298' title='bbox 2895 1962 2992 2024; x_wconf 91' lang='lat' dir='ltr'>ili-</span> 
     </span>
     <span class='ocr_line' id='line_1_67' title="bbox 1797 2048 2991 2115; baseline 0.002 -2"><span class='ocrx_word' id='word_1_299' title='bbox 1797 2068 1942 2113; x_wconf 90' lang='lat' dir='ltr'>cem</span> <span class='ocrx_word' id='word_1_300' title='bbox 1975 2048 2314 2113; x_wconf 88' lang='lat' dir='ltr'>mambre⁴</span> <span class='ocrx_word' id='word_1_301' title='bbox 2341 2070 2356 2113; x_wconf 92' lang='lat'><strong>:</strong></span> <span class='ocrx_word' id='word_1_302' title='bbox 2401 2058 2470 2112; x_wconf 91' lang='lat' dir='ltr'>et</span> <span class='ocrx_word' id='word_1_303' title='bbox 2501 2050 2678 2113; x_wconf 87' lang='lat' dir='ltr'>dixit</span> <span class='ocrx_word' id='word_1_304' title='bbox 2707 2050 2794 2112; x_wconf 91' lang='lat' dir='ltr'>ad</span> <span class='ocrx_word' id='word_1_305' title='bbox 2839 2070 2991 2115; x_wconf 86' lang='lat' dir='ltr'>eos:</span> 
     </span>
     <span class='ocr_line' id='line_1_68' title="bbox 1795 2138 2994 2219; baseline 0 -17"><span class='ocrx_word' id='word_1_306' title='bbox 1795 2138 2066 2202; x_wconf 89' lang='lat' dir='ltr'>domine</span> <span class='ocrx_word' id='word_1_307' title='bbox 2090 2139 2144 2200; x_wconf 91' lang='lat' dir='ltr'>si</span> <span class='ocrx_word' id='word_1_308' title='bbox 2178 2138 2395 2201; x_wconf 89' lang='lat' dir='ltr'>inveni</span> <span class='ocrx_word' id='word_1_309' title='bbox 2428 2139 2712 2219; x_wconf 86' lang='lat' dir='ltr'>gratiam</span> <span class='ocrx_word' id='word_1_310' title='bbox 2739 2140 2804 2201; x_wconf 86' lang='lat' dir='ltr'>in</span> <span class='ocrx_word' id='word_1_311' title='bbox 2837 2158 2994 2202; x_wconf 90' lang='lat' dir='ltr'>ocu·</span> 
     </span>
     <span class='ocr_line' id='line_1_69' title="bbox 1797 2224 2990 2308; baseline 0.002 -21"><span class='ocrx_word' id='word_1_312' title='bbox 1797 2224 1875 2288; x_wconf 89' lang='lat' dir='ltr'>lis</span> <span class='ocrx_word' id='word_1_313' title='bbox 1906 2228 2158 2290; x_wconf 70' lang='lat' dir='ltr'>vestris</span> <span class='ocrx_word' id='word_1_314' title='bbox 2233 2226 2542 2290; x_wconf 86' lang='lat' dir='ltr'>Transite</span> <span class='ocrx_word' id='word_1_315' title='bbox 2589 2236 2658 2290; x_wconf 89' lang='lat' dir='ltr'>et</span> <span class='ocrx_word' id='word_1_316' title='bbox 2705 2228 2990 2308; x_wconf 88' lang='lat' dir='ltr'>requies-</span> 
     </span>
     <span class='ocr_line' id='line_1_70' title="bbox 1797 2313 2988 2401; baseline 0.002 -25"><span class='ocrx_word' id='word_1_317' title='bbox 1797 2314 1926 2377; x_wconf 90' lang='lat' dir='ltr'>cite</span> <span class='ocrx_word' id='word_1_318' title='bbox 1989 2314 2054 2377; x_wconf 93' lang='lat' dir='ltr'>in</span> <span class='ocrx_word' id='word_1_319' title='bbox 2117 2313 2262 2377; x_wconf 95' lang='lat' dir='ltr'>loco</span> <span class='ocrx_word' id='word_1_320' title='bbox 2327 2315 2472 2379; x_wconf 91' lang='lat' dir='ltr'>ist0.</span> <span class='ocrx_word' id='word_1_321' title='bbox 2563 2331 2614 2401; x_wconf 70' lang='lat' dir='ltr'>y</span> <span class='ocrx_word' id='word_1_322' title='bbox 2685 2314 2988 2379; x_wconf 85' lang='lat' dir='ltr'>Afferam</span> 
     </span>
     <span class='ocr_line' id='line_1_71' title="bbox 1796 2402 2989 2485; baseline -0.001 -19"><span class='ocrx_word' id='word_1_323' title='bbox 1796 2402 2126 2484; x_wconf 87' lang='lat' dir='ltr'>paxillum</span> <span class='ocrx_word' id='word_1_324' title='bbox 2152 2404 2176 2440; x_wconf 77' lang='lat'>⁵</span> <span class='ocrx_word' id='word_1_325' title='bbox 2207 2422 2379 2485; x_wconf 90' lang='lat' dir='ltr'>aque</span> <span class='ocrx_word' id='word_1_326' title='bbox 2425 2411 2500 2466; x_wconf 92' lang='lat' dir='ltr'>ut</span> <span class='ocrx_word' id='word_1_327' title='bbox 2531 2402 2834 2467; x_wconf 86' lang='lat' dir='ltr'>laventur</span> <span class='ocrx_word' id='word_1_328' title='bbox 2874 2424 2989 2485; x_wconf 91' lang='lat' dir='ltr'>pe-</span> 
     </span>
     <span class='ocr_line' id='line_1_72' title="bbox 1796 2491 2988 2574; baseline 0.001 -19"><span class='ocrx_word' id='word_1_329' title='bbox 1796 2491 1914 2555; x_wconf 91' lang='lat' dir='ltr'>des</span> <span class='ocrx_word' id='word_1_330' title='bbox 1946 2491 2161 2556; x_wconf 89' lang='lat' dir='ltr'>vestri.</span> <span class='ocrx_word' id='word_1_331' title='bbox 2233 2492 2557 2556; x_wconf 88' lang='lat' dir='ltr'>Transite.</span> <span class='ocrx_word' id='word_1_332' title='bbox 2649 2491 2868 2555; x_wconf 83' lang='lat' dir='ltr'>Lectio</span> <span class='ocrx_word' id='word_1_333' title='bbox 2893 2493 2988 2574; x_wconf 60' lang='lat' dir='ltr'>z‘g’j.</span> 
     </span>
    </p>

    <p class='ocr_par' dir='ltr' id='par_1_11' title="bbox 1962 2580 2988 2663">
     <span class='ocr_line' id='line_1_73' title="bbox 1962 2580 2988 2663; baseline 0.001 -20"><span class='ocrx_word' id='word_1_334' title='bbox 1962 2581 2085 2644; x_wconf 90' lang='lat' dir='ltr'>ulit</span> <span class='ocrx_word' id='word_1_335' title='bbox 2167 2580 2392 2663; x_wconf 88' lang='lat' dir='ltr'>itaque</span> <span class='ocrx_word' id='word_1_336' title='bbox 2481 2580 2668 2644; x_wconf 88' lang='lat' dir='ltr'>thare</span> <span class='ocrx_word' id='word_1_337' title='bbox 2759 2582 2988 2644; x_wconf 90' lang='lat' dir='ltr'>abram</span> 
     </span>
    </p>

    <p class='ocr_par' dir='ltr' id='par_1_12' title="bbox 1792 2667 2991 4256">
     <span class='ocr_line' id='line_1_74' title="bbox 1962 2667 2988 2733; baseline 0.001 -2"><span class='ocrx_word' id='word_1_338' title='bbox 1962 2668 2166 2731; x_wconf 86' lang='lat' dir='ltr'>filium</span> <span class='ocrx_word' id='word_1_339' title='bbox 2205 2689 2439 2733; x_wconf 88' lang='lat' dir='ltr'>suurn:</span> <span class='ocrx_word' id='word_1_340' title='bbox 2485 2679 2552 2732; x_wconf 90' lang='lat' dir='ltr'>et</span> <span class='ocrx_word' id='word_1_341' title='bbox 2595 2668 2736 2733; x_wconf 90' lang='lat' dir='ltr'>loth</span> <span class='ocrx_word' id='word_1_342' title='bbox 2779 2667 2988 2732; x_wconf 90' lang='lat' dir='ltr'>filium</span> 
     </span>
     <span class='ocr_line' id='line_1_75' title="bbox 1795 2756 2987 2821; baseline 0.001 -1"><span class='ocrx_word' id='word_1_343' title='bbox 1795 2757 2004 2820; x_wconf 79' lang='lat' dir='ltr'>aran⁸</span> <span class='ocrx_word' id='word_1_344' title='bbox 2049 2756 2164 2820; x_wconf 89' lang='lat' dir='ltr'>filii</span> <span class='ocrx_word' id='word_1_345' title='bbox 2214 2759 2352 2821; x_wconf 91' lang='lat' dir='ltr'>sui:</span> <span class='ocrx_word' id='word_1_346' title='bbox 2415 2767 2484 2821; x_wconf 91' lang='lat' dir='ltr'>et</span> <span class='ocrx_word' id='word_1_347' title='bbox 2531 2758 2700 2820; x_wconf 89' lang='lat' dir='ltr'>sarai</span> <span class='ocrx_word' id='word_1_348' title='bbox 2750 2779 2987 2821; x_wconf 89' lang='lat' dir='ltr'>nurum</span> 
     </span>
     <span class='ocr_line' id='line_1_76' title="bbox 1793 2845 2990 2910; baseline 0.003 -3"><span class='ocrx_word' id='word_1_349' title='bbox 1793 2865 1982 2908; x_wconf 87' lang='lat' dir='ltr'>suam</span> <span class='ocrx_word' id='word_1_350' title='bbox 2017 2866 2294 2908; x_wconf 88' lang='lat' dir='ltr'>uxorem</span> <span class='ocrx_word' id='word_1_351' title='bbox 2336 2846 2563 2909; x_wconf 90' lang='lat' dir='ltr'>abram</span> <span class='ocrx_word' id='word_1_352' title='bbox 2607 2845 2723 2909; x_wconf 88' lang='lat' dir='ltr'>filii</span> <span class='ocrx_word' id='word_1_353' title='bbox 2773 2847 2874 2908; x_wconf 91' lang='lat' dir='ltr'>sui</span> <span class='ocrx_word' id='word_1_354' title='bbox 2921 2855 2990 2910; x_wconf 87' lang='lat' dir='ltr'>et</span> 
     </span>
     <span class='ocr_line' id='line_1_77' title="bbox 1794 2933 2991 2998; baseline 0.002 -2"><span class='ocrx_word' id='word_1_355' title='bbox 1794 2934 2031 2996; x_wconf 87' lang='lat' dir='ltr'>eduxit</span> <span class='ocrx_word' id='word_1_356' title='bbox 2061 2953 2176 2997; x_wconf 91' lang='lat' dir='ltr'>eos</span> <span class='ocrx_word' id='word_1_357' title='bbox 2221 2934 2307 2996; x_wconf 92' lang='lat' dir='ltr'>de</span> <span class='ocrx_word' id='word_1_358' title='bbox 2351 2955 2428 2997; x_wconf 90' lang='lat' dir='ltr'>ur</span> <span class='ocrx_word' id='word_1_359' title='bbox 2457 2933 2882 2998; x_wconf 87' lang='lat' dir='ltr'>chaldeorum</span> <span class='ocrx_word' id='word_1_360' title='bbox 2917 2943 2991 2998; x_wconf 88' lang='lat' dir='ltr'>ut</span> 
     </span>
     <span class='ocr_line' id='line_1_78' title="bbox 1793 3021 2984 3088; baseline 0.002 -4"><span class='ocrx_word' id='word_1_361' title='bbox 1793 3021 2006 3085; x_wconf 76' lang='lat' dir='ltr'>irent⁶</span> <span class='ocrx_word' id='word_1_362' title='bbox 2039 3023 2106 3084; x_wconf 93' lang='lat' dir='ltr'>in</span> <span class='ocrx_word' id='word_1_363' title='bbox 2152 3031 2394 3086; x_wconf 86' lang='lat' dir='ltr'>terram</span> <span class='ocrx_word' id='word_1_364' title='bbox 2441 3023 2760 3088; x_wconf 88' lang='lat' dir='ltr'>chanaan.</span> <span class='ocrx_word' id='word_1_365' title='bbox 2850 3023 2984 3087; x_wconf 94' lang='lat' dir='ltr'>Ve-</span> 
     </span>
     <span class='ocr_line' id='line_1_79' title="bbox 1795 3113 2988 3193; baseline 0.003 -20"><span class='ocrx_word' id='word_1_366' title='bbox 1795 3120 2166 3193; x_wconf 85' lang='lat' dir='ltr'>neruntque</span> <span class='ocrx_word' id='word_1_367' title='bbox 2233 3131 2442 3192; x_wconf 91' lang='lat' dir='ltr'>usque</span> <span class='ocrx_word' id='word_1_368' title='bbox 2500 3113 2586 3174; x_wconf 89' lang='lat' dir='ltr'>ad</span> <span class='ocrx_word' id='word_1_369' title='bbox 2639 3131 2849 3176; x_wconf 88' lang='lat' dir='ltr'>aran:</span> <span class='ocrx_word' id='word_1_370' title='bbox 2920 3121 2988 3176; x_wconf 91' lang='lat' dir='ltr'>et</span> 
     </span>
     <span class='ocr_line' id='line_1_80' title="bbox 1794 3199 2989 3263; baseline 0.002 -2"><span class='ocrx_word' id='word_1_371' title='bbox 1794 3199 2259 3263; x_wconf 89' lang='lat' dir='ltr'>habitaverunt</span> <span class='ocrx_word' id='word_1_372' title='bbox 2308 3199 2412 3263; x_wconf 93' lang='lat' dir='ltr'>ibi.</span> <span class='ocrx_word' id='word_1_373' title='bbox 2507 3200 2598 3263; x_wconf 88' lang='lat' dir='ltr'>Et</span> <span class='ocrx_word' id='word_1_374' title='bbox 2631 3199 2786 3263; x_wconf 89' lang='lat' dir='ltr'>sacti</span> <span class='ocrx_word' id='word_1_375' title='bbox 2833 3209 2989 3263; x_wconf 90' lang='lat' dir='ltr'>sunt</span> 
     </span>
     <span class='ocr_line' id='line_1_81' title="bbox 1794 3287 2990 3371; baseline 0.001 -21"><span class='ocrx_word' id='word_1_376' title='bbox 1794 3287 1937 3350; x_wconf 90' lang='lat' dir='ltr'>dies</span> <span class='ocrx_word' id='word_1_377' title='bbox 1983 3287 2171 3351; x_wconf 90' lang='lat' dir='ltr'>thare</span> <span class='ocrx_word' id='word_1_378' title='bbox 2217 3288 2650 3351; x_wconf 90' lang='lat' dir='ltr'>ducentorum</span> <span class='ocrx_word' id='word_1_379' title='bbox 2696 3289 2990 3371; x_wconf 91' lang='lat' dir='ltr'>quinque</span> 
     </span>
     <span class='ocr_line' id='line_1_82' title="bbox 1794 3378 2986 3440; baseline -0.001 0"><span class='ocrx_word' id='word_1_380' title='bbox 1794 3395 2171 3440; x_wconf 87' lang='lat' dir='ltr'>annorum:</span> <span class='ocrx_word' id='word_1_381' title='bbox 2247 3385 2317 3440; x_wconf 91' lang='lat' dir='ltr'>et</span> <span class='ocrx_word' id='word_1_382' title='bbox 2385 3386 2682 3440; x_wconf 89' lang='lat' dir='ltr'>mortuus</span> <span class='ocrx_word' id='word_1_383' title='bbox 2757 3387 2858 3440; x_wconf 82' lang='lat' dir='ltr'>est</span> <span class='ocrx_word' id='word_1_384' title='bbox 2921 3378 2986 3440; x_wconf 91' lang='lat' dir='ltr'>in</span> 
     </span>
     <span class='ocr_line' id='line_1_83' title="bbox 1794 3464 2987 3529; baseline 0.003 -3"><span class='ocrx_word' id='word_1_385' title='bbox 1794 3484 1975 3526; x_wconf 89' lang='lat' dir='ltr'>aran.</span> <span class='ocrx_word' id='word_1_386' title='bbox 2096 3464 2213 3528; x_wconf 81' lang='lat' dir='ltr'>Re.</span> <span class='ocrx_word' id='word_1_387' title='bbox 2337 3465 2722 3528; x_wconf 85' lang='lat' dir='ltr'>Revertenti</span> <span class='ocrx_word' id='word_1_388' title='bbox 2797 3465 2987 3529; x_wconf 87' lang='lat' dir='ltr'>abra-</span> 
     </span>
     <span class='ocr_line' id='line_1_84' title="bbox 1792 3549 2988 3635; baseline 0.002 -20"><span class='ocrx_word' id='word_1_389' title='bbox 1792 3549 1997 3617; x_wconf 83' lang='lat' dir='ltr'>ham⁷</span> <span class='ocrx_word' id='word_1_390' title='bbox 2043 3573 2086 3615; x_wconf 91' lang='lat' dir='ltr'>a</span> <span class='ocrx_word' id='word_1_391' title='bbox 2136 3554 2302 3616; x_wconf 89' lang='lat' dir='ltr'>cede</span> <span class='ocrx_word' id='word_1_392' title='bbox 2350 3563 2666 3635; x_wconf 85' lang='lat' dir='ltr'>quattuor</span> <span class='ocrx_word' id='word_1_393' title='bbox 2716 3573 2988 3635; x_wconf 87' lang='lat' dir='ltr'>regum:</span> 
     </span>
     <span class='ocr_line' id='line_1_85' title="bbox 1797 3640 2990 3705; baseline 0.002 -2"><span class='ocrx_word' id='word_1_394' title='bbox 1797 3642 2077 3704; x_wconf 90' lang='lat' dir='ltr'>occurrit</span> <span class='ocrx_word' id='word_1_395' title='bbox 2109 3641 2168 3704; x_wconf 90' lang='lat' dir='ltr'>ei</span> <span class='ocrx_word' id='word_1_396' title='bbox 2219 3661 2340 3704; x_wconf 88' lang='lat' dir='ltr'>rex</span> <span class='ocrx_word' id='word_1_397' title='bbox 2388 3640 2594 3705; x_wconf 86' lang='lat' dir='ltr'>salem</span> <span class='ocrx_word' id='word_1_398' title='bbox 2645 3642 2990 3705; x_wconf 83' lang='lat' dir='ltr'>melchise-</span> 
     </span>
     <span class='ocr_line' id='line_1_86' title="bbox 1793 3729 2985 3812; baseline 0.002 -20"><span class='ocrx_word' id='word_1_399' title='bbox 1793 3730 1961 3794; x_wconf 90' lang='lat' dir='ltr'>dech</span> <span class='ocrx_word' id='word_1_400' title='bbox 2009 3729 2290 3793; x_wconf 83' lang='lat' dir='ltr'>offerens</span> <span class='ocrx_word' id='word_1_401' title='bbox 2339 3750 2580 3812; x_wconf 88' lang='lat' dir='ltr'>panem</span> <span class='ocrx_word' id='word_1_402' title='bbox 2628 3739 2696 3792; x_wconf 89' lang='lat' dir='ltr'>et</span> <span class='ocrx_word' id='word_1_403' title='bbox 2740 3731 2985 3794; x_wconf 89' lang='lat' dir='ltr'>vinum.</span> 
     </span>
     <span class='ocr_line' id='line_1_87' title="bbox 1800 3817 2989 3882; baseline 0.002 -2"><span class='ocrx_word' id='word_1_404' title='bbox 1800 3818 1962 3881; x_wconf 87' lang='lat' dir='ltr'>Erat</span> <span class='ocrx_word' id='word_1_405' title='bbox 2020 3817 2200 3881; x_wconf 89' lang='lat' dir='ltr'>enim</span> <span class='ocrx_word' id='word_1_406' title='bbox 2277 3818 2384 3880; x_wconf 91' lang='lat' dir='ltr'>dei</span> <span class='ocrx_word' id='word_1_407' title='bbox 2463 3819 2784 3882; x_wconf 86' lang='lat' dir='ltr'>sacerdos.</span> <span class='ocrx_word' id='word_1_408' title='bbox 2897 3819 2989 3882; x_wconf 90' lang='lat' dir='ltr'>Et</span> 
     </span>
     <span class='ocr_line' id='line_1_88' title="bbox 1794 3905 2990 3994; baseline 0.002 -26"><span class='ocrx_word' id='word_1_409' title='bbox 1794 3905 2140 3970; x_wconf 91' lang='lat' dir='ltr'>benedixit</span> <span class='ocrx_word' id='word_1_410' title='bbox 2233 3906 2344 3970; x_wconf 91' lang='lat' dir='ltr'>illi.</span> <span class='ocrx_word' id='word_1_411' title='bbox 2467 3923 2514 3994; x_wconf 72' lang='lat' dir='ltr'>y</span> <span class='ocrx_word' id='word_1_412' title='bbox 2591 3907 2990 3970; x_wconf 89' lang='lat' dir='ltr'>Benedictus</span> 
     </span>
     <span class='ocr_line' id='line_1_89' title="bbox 1794 3994 2986 4077; baseline 0.001 -20"><span class='ocrx_word' id='word_1_413' title='bbox 1794 3994 2114 4058; x_wconf 89' lang='lat' dir='ltr'>abraham</span> <span class='ocrx_word' id='word_1_414' title='bbox 2214 3995 2344 4058; x_wconf 92' lang='lat' dir='ltr'>deo</span> <span class='ocrx_word' id='word_1_415' title='bbox 2451 3994 2776 4058; x_wconf 76' lang='lat' dir='ltr'>altiSSImo</span> <span class='ocrx_word' id='word_1_416' title='bbox 2875 3997 2986 4077; x_wconf 92' lang='lat' dir='ltr'>qui</span> 
     </span>
     <span class='ocr_line' id='line_1_90' title="bbox 1795 4082 2986 4147; baseline 0 -1"><span class='ocrx_word' id='word_1_417' title='bbox 1795 4085 2041 4146; x_wconf 90' lang='lat' dir='ltr'>creavit</span> <span class='ocrx_word' id='word_1_418' title='bbox 2085 4082 2302 4146; x_wconf 89' lang='lat' dir='ltr'>celum</span> <span class='ocrx_word' id='word_1_419' title='bbox 2349 4091 2417 4146; x_wconf 91' lang='lat' dir='ltr'>et</span> <span class='ocrx_word' id='word_1_420' title='bbox 2463 4092 2722 4146; x_wconf 89' lang='lat' dir='ltr'>terram.</span> <span class='ocrx_word' id='word_1_421' title='bbox 2805 4083 2986 4147; x_wconf 87' lang='lat' dir='ltr'>Erat.</span> 
     </span>
     <span class='ocr_line' id='line_1_91' title="bbox 1797 4171 2988 4256; baseline -0.001 -20"><span class='ocrx_word' id='word_1_422' title='bbox 1797 4171 2040 4236; x_wconf 88' lang='lat' dir='ltr'>Gloria.</span> <span class='ocrx_word' id='word_1_423' title='bbox 2137 4171 2317 4235; x_wconf 88' lang='lat' dir='ltr'>Erat.</span> <span class='ocrx_word' id='word_1_424' title='bbox 2410 4171 2494 4234; x_wconf 84' lang='lat' dir='ltr'>In</span> <span class='ocrx_word' id='word_1_425' title='bbox 2549 4172 2616 4256; x_wconf 76' lang='lat' dir='ltr'>zj.</span> <span class='ocrx_word' id='word_1_426' title='bbox 2669 4182 2988 4236; x_wconf 80' lang='lat' dir='ltr'>nocturne.</span> 
     </span>
    </p>
   </div>
   <div class='ocr_carea' id='block_1_8' title="bbox 1889 4353 2796 4536">
    <p class='ocr_par' dir='ltr' id='par_1_13' title="bbox 1889 4353 2796 4536">
     <span class='ocr_line' id='line_1_92' title="bbox 1889 4353 2796 4432; baseline 0.001 -28"><span class='ocrx_word' id='word_1_427' title='bbox 1889 4359 1910 4387; x_wconf 80' lang='lat'>⁸</span> <span class='ocrx_word' id='word_1_428' title='bbox 1943 4353 2214 4432; x_wconf 81' lang='lat' dir='ltr'>paxilium:</span> <span class='ocrx_word' id='word_1_429' title='bbox 2251 4354 2310 4403; x_wconf 90' lang='lat' dir='ltr'>E.</span> <span class='ocrx_word' id='word_1_430' title='bbox 2387 4355 2697 4432; x_wconf 81' lang='lat' dir='ltr'>pauxillum:</span> <span class='ocrx_word' id='word_1_431' title='bbox 2733 4356 2796 4406; x_wconf 91' lang='lat' dir='ltr'>G.</span> 
     </span>
     <span class='ocr_line' id='line_1_93' title="bbox 1889 4420 2792 4536; baseline 0.006 -69"><span class='ocrx_word' id='word_1_432' title='bbox 1889 4423 1911 4516; x_wconf 54' lang='grc' dir='ltr'><strong><em>ζ</em></strong></span> <span class='ocrx_word' id='word_1_433' title='bbox 1943 4420 2408 4536; x_wconf 45' lang='grc' dir='ltr'>ᾞξῖἓὲξῐζιῑὲὲἳν.</span> <span class='ocrx_word' id='word_1_434' title='bbox 2458 4429 2673 4472; x_wconf 73' lang='lat' dir='ltr'>intrent:</span> <span class='ocrx_word' id='word_1_435' title='bbox 2710 4423 2792 4472; x_wconf 89' lang='lat' dir='ltr'>W.</span> 
     </span>
    </p>
   </div>
   <div class='ocr_carea' id='block_1_9' title="bbox 3312 1330 3314 2027">
    <p class='ocr_par' dir='ltr' id='par_1_14' title="bbox 3312 1330 3314 2027">
     <span class='ocr_line' id='line_1_94' title="bbox 3312 1330 3314 2027; baseline 0 0"><span class='ocrx_word' id='word_1_436' title='bbox 3312 1330 3314 2027; x_wconf 95' lang='lat' dir='ltr'> </span> 
     </span>
    </p>
   </div>
   <div class='ocr_carea' id='block_1_10' title="bbox 3311 2699 3315 3262">
    <p class='ocr_par' dir='ltr' id='par_1_15' title="bbox 3311 2699 3315 3262">
     <span class='ocr_line' id='line_1_95' title="bbox 3311 2699 3315 3262; baseline 0 0"><span class='ocrx_word' id='word_1_437' title='bbox 3311 2699 3315 3262; x_wconf 95' lang='lat' dir='ltr'> </span> 
     </span>
    </p>
   </div>
  </div>
 </body>
</html>
