3375 5100
1583 352 1691 408 IN
1726 353 1997 408 FESTO

1107 463 1208 520 83

555 582 738 639 tacta
767 579 1173 655 permanent.
1259 568 1486 634 Hodie
1514 567 1747 650 genuit

559 662 954 727 salvatorem
978 659 1200 724 seculi.
1287 676 1340 746 γ
1387 659 1594 722 Beata
1619 676 1750 739 que

558 751 836 816 credidit
886 749 1202 833 quoniam
1253 747 1546 830 perfecta
1597 753 1752 808 sunt

556 840 782 905 omnia
813 858 943 920 que
973 838 1154 901 dicta
1183 845 1341 900 sunt
1379 837 1438 898 ei
1471 854 1511 897 a
1541 831 1753 897 domi-

555 949 664 993 no.
757 926 980 990 Hodie
1039 927 1286 1008 genuit.
1389 922 1757 986 Secundum

557 1018 790 1081 lucam.

558 1106 702 1239 In
749 1101 863 1166 illo
905 1111 1246 1184 tempore:
1308 1099 1612 1163 Pastores
1657 1098 1753 1161 lo-

651 1191 1024 1274 quebantur
1053 1188 1418 1253 adinvicem
1447 1209 1462 1252 :
1509 1187 1753 1251 Trans-

563 1300 796 1345 eamus
842 1298 1051 1362 usque
1097 1276 1425 1340 bethleem
1473 1285 1540 1338 et
1571 1275 1755 1338 vide-

565 1389 758 1434 amus
797 1367 924 1430 hoc
960 1366 1234 1432 verbum
1278 1365 1458 1448 quod
1505 1363 1754 1427 sactum

565 1467 711 1522 est:
774 1456 951 1539 quod
997 1454 1154 1518 fecit
1194 1453 1502 1516 dominus
1541 1462 1610 1516 et
1649 1471 1755 1514 os-

563 1545 782 1611 tendit
813 1544 1021 1608 nobiS.
1113 1542 1207 1605 Et
1235 1540 1501 1624 reliqua.

661 1631 913 1697 Omclia
971 1629 1353 1694 venerabilis
1400 1629 1548 1692 bede
1573 1637 1760 1710 pres-

565 1723 786 1803 byteri.
1375 1717 1588 1781 Lectio
1617 1716 1759 1798 viij.

750 1817 865 1872 ato
937 1807 1005 1870 in
1079 1806 1410 1871 bethleem
1483 1806 1759 1868 domino

733 1897 1058 1961 salvatore
1087 1917 1102 1960 :
1147 1895 1316 1959 sicut
1345 1915 1530 1958 sacra
1560 1913 1757 1957 evan-

570 1985 725 2069 gelii
769 1994 1052 2050 testatur
1093 1984 1381 2047 historia.
1475 1983 1756 2066 Pastori-

569 2075 692 2139 bus
723 2075 836 2158 qui
877 2074 945 2136 in
991 2073 1256 2155 regione
1299 2071 1534 2136 eadem
1569 2079 1759 2134 erant

567 2161 952 2246 vigilantes¹
998 2160 1254 2243 vigilias
1299 2160 1515 2224 noctis
1561 2179 1759 2242 super

569 2272 838 2336 gregem
890 2271 1115 2314 suum:
1177 2248 1451 2332 angelus
1504 2248 1759 2311 domini

571 2361 817 2423 magna
846 2358 998 2403 cum
1043 2338 1187 2402 luce
1226 2337 1568 2420 apparuit:
1617 2336 1758 2399 Ex-

567 2439 921 2511 ortumque
951 2427 1202 2490 mundo
1221 2426 1431 2490 solem
1453 2425 1759 2508 justicie:

569 2537 702 2582 non
749 2515 964 2581 solum
1011 2515 1268 2580 celestis
1312 2533 1474 2579 voce
1513 2532 1759 2577 sermo-

569 2606 715 2670 nis:
776 2604 1207 2668 verumetiam
1255 2603 1553 2667 claritate
1596 2601 1759 2664 divi-

570 2714 657 2757 ne
739 2692 900 2756 lucis
983 2692 1282 2755 astruxit.
1397 2690 1529 2774 Qui
1589 2688 1761 2754 bene

570 2784 773 2845 etiam
867 2782 934 2843 in
1031 2778 1362 2843 bethleem
1454 2778 1759 2843 nascitur.

571 2869 914 2934 Bethleem
969 2869 1214 2951 quippe
1271 2867 1511 2930 domus
1569 2869 1759 2949 panis

571 2960 1050 3040 interpretatur.
1141 2956 1294 3039 Ipse
1323 2976 1612 3038 namque
1657 2964 1761 3021 est

571 3048 684 3130 qui
730 3048 862 3111 ait:
918 3046 1070 3127 Ego
1127 3065 1274 3109 sum
1335 3044 1526 3128 panis
1569 3044 1759 3109 vivus

572 3135 687 3218 qui
783 3134 868 3199 de
959 3133 1104 3197 celo
1177 3133 1504 3198 descendi.
1637 3134 1756 3198 Re.

575 3224 824 3290 Sancta
853 3229 920 3287 et
965 3221 1387 3286 immaculata
1417 3222 1757 3304 virginitas

570 3312 810 3395 quibus
841 3320 907 3375 te
949 3310 1254 3374 laudibus
1299 3310 1566 3373 efferam
1610 3331 1755 3373 nes-

571 3402 690 3465 cio,
767 3400 944 3483 Quia
974 3420 1172 3483 quem
1205 3399 1324 3462 celi
1358 3419 1591 3481 capere
1620 3418 1756 3462 non

567 3497 874 3572 poterant
927 3497 1045 3551 tuo
1102 3488 1353 3569 gremio
1406 3488 1757 3552 contulisti.

567 3580 796 3643 Prosa.
891 3576 954 3643 O
1015 3596 1166 3639 vere
1211 3575 1410 3639 beata
1456 3575 1759 3639 sublimis

569 3687 814 3749 sponsa
831 3664 1104 3729 domina
1121 3663 1504 3751 angelorum
1531 3664 1757 3727 simul-

569 3776 700 3838 que
745 3754 1040 3818 omnium
1089 3763 1496 3817 sanctorum:
1551 3773 1755 3835 quam

571 3862 882 3926 magnam
945 3842 1209 3905 laudem
1281 3843 1570 3925 dignitas
1641 3851 1758 3905 tua

570 3942 856 3996 meretur
929 3928 1138 3993 forma
1199 3931 1306 3994 dei
1380 3931 1600 4013 digna.
1692 3931 1755 3996 O

569 4040 771 4102 quam
802 4020 1002 4083 beata
1030 4039 1100 4081 es
1148 4019 1354 4082 maria
1393 4030 1754 4083 creatorem

568 4117 756 4172 tuum
796 4108 994 4189 digne
1035 4108 1431 4189 suscipiens:
1495 4108 1596 4171 et²
1638 4108 1753 4171 de-

566 4197 720 4260 disti
783 4197 848 4259 in
919 4206 1220 4277 tempore
1293 4194 1494 4258 ubera
1554 4218 1752 4278 quem

565 4286 858 4348 habebas
911 4292 1066 4351 ante
1126 4284 1346 4346 secula
1405 4306 1624 4365 regem
1687 4296 1753 4349 et

667 4436 680 4466 ¹
721 4442 736 4465 ‘
757 4444 806 4486 et
828 4436 1160 4507 custodientes
1185 4434 1217 4483 ⁹:
1251 4435 1372 4483 add:
1409 4437 1468 4484 G.

663 4506 685 4534 ²
715 4503 784 4552 ei:
821 4503 950 4553 E.G.

661 4572 682 4600 '
713 4569 919 4619 mathei:
955 4568 1109 4618 G.W.

2391 463 2491 519 84

1848 569 2257 634 conditorem
2338 579 2409 634 et
2488 569 2709 634 deum.
2842 567 3039 652 Quia.

1847 657 1992 722 Ista
2007 668 2207 740 prosa
2236 659 2484 721 dicetur
2509 659 2637 722 loco
2664 678 2887 721 versus
2918 659 3043 721 isto

1847 745 1953 808 die
1976 769 1999 810 .·
2030 757 2092 809 et
2132 747 2239 810 die
2262 747 2737 810 circuncisionis
2766 757 3041 810 tantum.

1850 834 2037 898 Aliis
2094 857 2243 898 vero
2311 835 2533 898 diebus
2604 834 2855 898 dicetur
2924 835 3046 898 iste

1852 943 2091 987 versus.
2182 923 2543 987 Benedicta
2586 933 2657 987 tu
2698 925 2764 987 in
2812 923 3041 987 mulie-

1852 1012 2031 1075 ribus
2067 1021 2137 1076 et
2180 1012 2565 1075 benedictus
2607 1011 2853 1076 fructus
2884 1033 3041 1076 ven·

1849 1101 1967 1163 tris
1995 1102 2109 1164 tui.
2200 1099 2391 1182 Quia.

1849 1189 2129 1251 Initium
2192 1189 2404 1251 sancti
2470 1188 2802 1271 evangelii.
2926 1187 3043 1254 Se-

1848 1277 2131 1340 cundum
2140 1277 2515 1359 johannem.

1850 1370 1995 1498 ln
2045 1365 2364 1449 principio
2416 1372 2559 1430 erat
2604 1365 2920 1429 verbum:
2973 1373 3045 1428 et

1941 1453 2213 1517 verbum
2258 1462 2401 1516 erat
2446 1453 2625 1536 apud
2671 1453 2909 1517 deum:
2974 1462 3043 1516 et

1854 1543 2019 1606 deus
2050 1551 2191 1606 erat
2219 1543 2509 1605 verbum.
2605 1543 2756 1606 Hoc
2793 1551 2937 1605 erat
2974 1543 3040 1604 in

1854 1631 2175 1713 principio
2192 1630 2369 1712 apud
2392 1631 2608 1694 deum.
2666 1631 2755 1693 Et
2774 1630 3041 1711 reliqua.

1861 1719 2111 1785 omelia
2171 1719 2551 1782 venerabilis
2609 1718 2754 1782 bede
2780 1718 3043 1800 presby-

1855 1807 1995 1872 teri.
2712 1807 2930 1870 Lectio
2958 1809 3047 1872 ix.

1992 1894 2100 1959 uia
2161 1894 2595 1978 temporalem
2663 1895 3047 1959 mediatoris

1993 1985 2099 2047 dei
2158 1995 2225 2048 et
2284 1984 2678 2048 hominum:
2757 1983 3047 2047 hominis

1854 2071 2012 2154 Jesu
2095 2072 2337 2138 Christi
2408 2073 2823 2136 nativitatem
2912 2094 3047 2155 que

1854 2161 2173 2224 hodierna
2218 2161 2325 2225 die
2374 2159 2549 2224 sacta
2594 2171 2733 2225 est:
2786 2171 3049 2225 sancto-

1856 2269 2001 2312 rum
2032 2250 2247 2312 verbis
2294 2249 2841 2331 evangelistarum
2875 2259 3047 2314 mat-

1856 2337 2031 2402 thei⁸
2073 2338 2380 2401 videlicet
2432 2349 2500 2402 et
2550 2337 2694 2401 luce
2736 2336 3048 2402 manifes-

1858 2427 2106 2490 tatam⁴
2145 2428 2572 2508 agnovimus:
2634 2426 2795 2490 libet
2840 2427 3043 2489 etiam

1857 2516 1943 2580 de
1984 2513 2167 2579 verbi
2220 2515 2286 2578 id
2338 2524 2440 2580 est
2492 2515 2855 2579 divinitatis
2900 2515 3047 2598 ejus

1858 2604 2209 2667 eternitate
2262 2605 2439 2667 beati
2482 2604 2793 2685 johannis
2846 2625 3047 2668 evan-

1856 2693 2089 2775 geliste
2120 2693 2297 2756 dicta
2321 2692 2606 2756 scutari.⁵
2691 2692 2833 2755 Alii
2851 2692 3047 2756 vero⁶

1859 2782 2261 2864 evangeliste
2316 2781 2650 2846 Christum
2722 2802 2811 2844 ex
2876 2790 3047 2845 tem-

1858 2890 2016 2953 pore
2060 2878 2290 2933 natum
2337 2870 2758 2934 describunt:
2805 2868 3051 2952 johan-

1859 2978 1975 3021 nes
2026 2958 2311 3022 eundem
2358 2958 2426 3020 in
2481 2958 2800 3042 principio
2844 2958 3049 3022 fuisse

1856 3055 2139 3111 testatur
2211 3047 2488 3111 dicens:
2568 3047 2647 3109 In
2722 3047 3048 3130 principio

1856 3146 1998 3199 erat
2027 3133 2316 3200 verbum.
2376 3134 2517 3199 Alii
2542 3136 2715 3198 inter
2742 3134 3048 3199 homines

1857 3243 2008 3287 eum
2060 3224 2280 3287 subito
2325 3224 2706 3306 apparuisse
2756 3243 3051 3289 comme-

1856 3322 2153 3377 morant:
2215 3312 2324 3376 ille
2367 3314 2583 3395 ipsum
2628 3312 2807 3396 apud
2844 3312 3045 3377 deum

1855 3421 2117 3484 semper
2167 3401 2365 3464 fuisse
2424 3400 2717 3465 declarat
2774 3401 3001 3465 dicens
3026 3424 3047 3466 τ

1859 3490 1950 3553 Et
2009 3489 2283 3554 verbum
2358 3499 2500 3553 erat
2572 3490 2751 3571 apud
2825 3490 3047 3555 deum.

1856 3578 1993 3642 Alii
2026 3598 2178 3642 eum
2222 3599 2449 3642 verum
2496 3578 2876 3642 hominem:
2937 3577 3051 3643 ille

1855 3687 2083 3731 verum
2132 3666 2478 3730 confirmat
2509 3687 2653 3730 esse
2698 3668 2898 3731 deum
2945 3667 3045 3731 di-

1857 3776 2027 3819 cens,
2138 3755 2228 3819 Et
2302 3756 2465 3819 deus
2538 3765 2680 3819 erat
2751 3756 3045 3821 verbum.

1857 3842 1995 3906 Alii
2071 3842 2406 3907 hominem
2490 3845 2667 3927 apud
2742 3843 3047 3908 homines

1857 3932 2308 4015 temporaliter
2367 3943 2865 3996 conversatum:
2934 3932 3049 3997 ille

1856 4022 2053 4084 deum
2106 4021 2283 4103 apud
2344 4022 2541 4084 deum
2602 4022 2669 4084 in
2722 4022 3049 4104 principio

1858 4119 2236 4173 manentem
2257 4110 2550 4173 ostendit
2573 4110 2798 4174 dicens
2826 4132 2840 4173 :
2892 4110 3047 4174 Hoc

1856 4209 1997 4262 erat
2058 4199 2124 4260 in
2196 4199 2517 4280 principio
2581 4200 2756 4281 apud
2824 4198 3043 4263 deum.

1856 4286 1993 4351 Alii
2052 4287 2383 4368 magnalia
2456 4308 2585 4369 que
2658 4289 2722 4351 in
2777 4286 3048 4352 homine

2071 4442 2088 4469 ⁴
2124 4438 2503 4488 manifestatem:
2538 4440 2619 4489 W.

2074 4508 2093 4534 ⁵
2126 4506 2348 4553 scrutati:
2388 4507 2441 4553 E.

2070 4574 2089 4599 ⁸
2122 4587 2211 4635 pro
2241 4574 2411 4619 ‘vero’
2439 4573 2592 4621 enim:
2618 4570 2681 4622 G.
