3375 5100
1272 361 1391 415 DE
1391 361 1491 416 DI
1489 361 1538 415 C
1531 362 1586 415 A
1603 361 1656 415 T
1649 360 1690 414 I
1690 361 1897 416 ONIS.

847 481 1006 536 669

317 587 629 671 pertulit:
681 587 816 650 cito
863 587 1242 669 indulgeat:
1299 597 1371 652 ut
1417 609 1515 651 se-

315 697 511 739 curus
560 679 628 738 in
675 677 972 739 oratione
1013 677 1345 741 dominica
1388 677 1517 740 deo

317 767 536 828 dicere
567 765 826 847 potuit.¹
877 765 1162 829 Dimitte
1189 764 1378 829 nobis
1402 766 1518 828 de-

318 855 458 917 bita
503 863 772 916 nostra:
819 855 986 917 sicut
1027 863 1096 918 et
1128 873 1248 917 nos
1294 854 1515 916 dimit-

319 943 522 1005 timus
553 941 961 1005 debitoribus
993 943 1250 1006 nostris,

322 1036 388 1108 (I
438 1029 634 1094 Sexto
662 1029 781 1094 die.
1233 1030 1444 1094 Lectio
1453 1031 1516 1114 j.

321 1121 470 1250 ln
523 1117 1052 1182 dedicationibus
1101 1139 1369 1202 quoque
1413 1140 1518 1183 ec-

425 1205 770 1270 clesiarum
803 1207 1012 1271 multa
1043 1208 1234 1290 signa
1277 1209 1518 1271 nostris

320 1295 729 1378 temporibus
751 1295 1054 1359 videmus
1075 1305 1354 1379 peracta.
1407 1296 1519 1360 Id-

321 1385 492 1447 circo
539 1404 658 1447 nos
702 1383 1153 1448 dedicationes
1199 1404 1516 1448 novarum

323 1473 742 1536 ecclesiarum
807 1471 1166 1537 solenniter
1222 1473 1518 1537 venerari

321 1569 628 1643 oportet:
697 1570 770 1624 ut
819 1563 987 1626 sicut
1034 1582 1311 1644 corpora
1359 1562 1518 1626 alio-

325 1669 467 1712 rum
515 1649 582 1711 in
628 1649 722 1712 eis
770 1651 986 1713 sanari
1034 1661 1101 1714 et
1139 1649 1520 1714 reformari²

324 1737 668 1802 videmus:
723 1737 816 1800 ita
867 1739 1086 1802 anime
1142 1748 1364 1802 nostre
1415 1759 1520 1801 sa-

325 1834 598 1890 nentur:
646 1833 714 1890 et
760 1827 1030 1891 interius
1077 1827 1522 1892 misericordia

325 1914 576 1977 domini
611 1925 1018 1980 renoventur.
1204 1915 1420 1979 Lectio
1450 1916 1519 1999 ij.

324 2005 422 2135 l
438 2002 868 2067 lluminantur
897 2025 1184 2086 namque
1216 2005 1280 2067 in
1313 2004 1522 2068 eccle-

436 2093 548 2155 siis
609 2093 738 2154 deo
797 2092 1118 2157 dedicatis
1179 2092 1524 2156 visibiliter

327 2181 506 2244 ceci:
559 2182 676 2244 sed
723 2183 924 2246 corda
972 2179 1267 2270 fidelium
1313 2182 1381 2244 in
1429 2181 1524 2244 eis

327 2268 738 2332 invisibiliter
767 2269 980 2352 gratia
1015 2271 1224 2333 sancti
1257 2270 1522 2352 spiritus

328 2357 766 2422 illustrantur.'
845 2359 1122 2442 Leprosi
1169 2379 1328 2441 ergo
1374 2359 1527 2421 visi·

327 2445 549 2509 biliter
579 2455 934 2511 sanantur:
965 2448 1083 2510 sed
1115 2447 1527 2510 invisibiliter

329 2535 441 2617 qui
472 2535 669 2599 variis
709 2533 1046 2599 heresibus
1091 2545 1247 2599 sunt
1277 2535 1525 2619 aspersi

327 2624 707 2706 spiritaliter
758 2626 822 2687 in
870 2624 1210 2689 ecclesiis⁸
1239 2624 1367 2687 deo
1413 2627 1525 2689 de-

327 2712 565 2775 dicatis
597 2711 683 2774 ad
715 2710 914 2777 fidem
947 2712 1339 2778 catholicam
1373 2734 1526 2777 con·

331 2808 692 2864 vertuntur.
1185 2802 1401 2865 Lectio
1432 2802 1526 2885 izj.

331 2890 628 3021 Muti
649 2910 914 2971 quoque
926 2888 1269 2954 visibiliter
1289 2892 1353 2953 in
1375 2910 1526 2955 con-

515 2978 782 3041 secratis
803 2978 962 3041 locis
987 2978 1376 3061 loquuntur:
1409 2978 1526 3041 sed

335 3065 744 3129 invisibiliter
765 3065 965 3130 fatuis
995 3075 1063 3130 et
1081 3067 1330 3131 utiliter
1347 3066 1527 3149 loqui

335 3154 779 3217 nescientibus
809 3154 1060 3219 domini
1109 3156 1323 3237 gratia
1355 3165 1530 3219 recte

335 3241 515 3325 loqui
541 3242 959 3308 ministratur.
1011 3244 1341 3307 Auditum
1367 3264 1530 3326 quo-

337 3350 468 3413 que
500 3332 565 3393 in
597 3331 909 3413 predictis
955 3330 1115 3395 locis
1159 3332 1406 3397 sanctis
1434 3332 1529 3394 vi-

333 3418 610 3483 sibiliter
654 3420 976 3502 recipiunt
1007 3420 1225 3484 surdi:
1268 3420 1386 3483 sed
1435 3420 1534 3482 in-

335 3506 681 3571 visibiliter
768 3528 956 3572 aures
1041 3508 1530 3591 precordiorum

337 3597 548 3659 sancti
596 3596 863 3679 spiritus
909 3596 1348 3661 illustratione
1378 3616 1534 3680 ape-

339 3686 606 3747 riuntur.

339 3778 405 3850 (I
450 3772 798 3836 Dominica
861 3773 1046 3855 infra
1097 3784 1368 3838 octavas.
1446 3774 1542 3837 ad

337 3871 628 3943 vesperas
683 3870 790 3925 aii.
861 3861 1155 3926 Domum
1216 3872 1420 3927 tuam.
1475 3872 1538 3925 et

334 3959 528 4013 cetere
570 3950 910 4031 antiphone
955 3972 1098 4013 cum
1133 3951 1417 4032 psalmis
1460 3951 1540 4013 de

323 4038 572 4119 primis
600 4038 887 4121 vesperis.
947 4038 1333 4121 Capitulum.
1389 4040 1537 4122 Ego

331 4125 678 4209 johanneS.
767 4127 1090 4208 Hymnus.
1193 4128 1536 4210 Angulare

340 4214 865 4279 fundamentum.
957 4231 1003 4302 γ
1053 4216 1242 4281 Beati
1275 4217 1388 4299 qui
1420 4215 1534 4279 ha-

337 4304 572 4366 bitant.
618 4304 742 4366 Ad
749 4304 1084 4385 psalmum
1127 4304 1532 4389 Magnificat.

338 4390 692 4473 antiphona
712 4392 1058 4456 secundum
1082 4395 1385 4457 ordinem.
1419 4394 1480 4457 A
1491 4394 1545 4457 d

1152 4530 1173 4560 ¹
1209 4529 1442 4579 formari:
1481 4530 1543 4579 R.

909 4600 926 4627 ⁴
963 4596 1185 4645 viribus:
1232 4596 1295 4646 R.

445 4528 457 4559 ¹
492 4528 682 4597 possit:
720 4530 780 4578 R.

2138 483 2287 536 670

1619 587 1985 652 matutinas
2026 589 2247 652 omnia
2278 598 2353 651 ut
2383 589 2453 652 in
2483 589 2591 652 die
2602 599 2826 672 preter

1619 676 2041 759 antiphonam
2085 677 2184 742 ad
2203 678 2539 760 psalmum
2606 679 2819 742 Bene-

1619 767 1855 830 dictus,
1908 787 2029 850 quc
2067 766 2319 830 dicetur
2342 767 2687 830 secundum
2716 789 2819 829 or-

1618 853 1854 918 dinem.
2532 855 2747 919 Lectio
2754 857 2818 938 j.

1631 945 1755 1078 O
1786 963 1987 1026 quam
2019 943 2395 1008 veneranda
2418 943 2651 1006 diesin
2684 965 2819 1026 qua

1785 1033 2070 1113 parietes
2100 1032 2297 1114 hujus
2318 1033 2555 1115 templi
2578 1032 2821 1095 divinis

1620 1120 1925 1203 precibus
1949 1121 2309 1185 consecrati
2335 1131 2507 1184 sunt.
2554 1120 2617 1186 O
2637 1141 2819 1184 ama-

1621 1208 1773 1272 bilis
1802 1219 1872 1272 et
1890 1209 2239 1273 benedicta
2269 1209 2411 1272 dies
2444 1210 2510 1272 in
2536 1229 2669 1292 qua
2701 1209 2821 1272 do-

1623 1317 1771 1361 mus
1803 1296 1924 1360 hec
1955 1298 2228 1361 domino
2261 1298 2500 1361 divinis
2531 1297 2853 1376 cultibus,

1622 1395 1690 1450 et
1723 1388 1925 1449 sacris
1955 1387 2325 1450 actionibus
2357 1396 2457 1450 est
2480 1385 2821 1450 dedicata:

1623 1483 1696 1538 ut
1728 1475 1793 1537 in
1826 1495 1905 1538 ea
1936 1473 2406 1557 perpetualiter
2432 1494 2676 1538 nomen
2702 1474 2821 1538 do-

1624 1563 1784 1625 mini
1820 1563 2172 1627 invocetur.
2496 1563 2715 1626 Lectio
2745 1563 2821 1645 ij.

1634 1653 1758 1786 Ο
1787 1652 2229 1715 sacratissima
2260 1651 2401 1715 dies
2440 1652 2507 1714 in
2540 1673 2673 1734 qua
2703 1672 2823 1733 pa-

1761 1741 1954 1803 rietes
1973 1739 2167 1820 hujus
2186 1740 2418 1822 templi
2442 1740 2645 1803 sacris
2664 1761 2822 1804 unc-

1623 1827 1913 1892 tionibus
1958 1837 2027 1891 et
2057 1838 2289 1892 sancto
2330 1829 2639 1891 crismate
2667 1837 2823 1892 sunt

1623 1915 1941 1980 delibuti:
1972 1925 2047 1979 ut
2078 1917 2145 1978 in
2178 1936 2256 1979 ea
2287 1916 2557 1980 demum
2590 1917 2819 2000 populi

1623 2003 1995 2068 oblationes
2056 2005 2330 2068 domino
2389 2003 2707 2068 offerant:
2754 2014 2823 2068 et

1625 2091 1946 2157 sacrificia
2006 2093 2071 2155 in
2136 2113 2215 2156 ea
2276 2093 2550 2157 domino
2610 2113 2823 2157 sacer-

1625 2182 1819 2245 dotes
1850 2191 2250 2245 consecrent.
2480 2181 2696 2244 Lectio
2728 2182 2824 2264 iij.

1639 2272 1763 2405 O
1792 2271 1950 2333 totis
1971 2269 2250 2332 visibus⁴
2269 2268 2735 2352 amplectenda
2758 2280 2827 2335 et

1763 2359 2053 2422 amanda
2075 2358 2217 2421 dies
2240 2357 2825 2440 venerabiliterque

1629 2445 1717 2510 ab
1749 2447 2057 2510 omnibus
2102 2446 2420 2511 colenda:
2469 2447 2536 2510 in
2567 2467 2700 2528 qua
2732 2447 2825 2510 al-

1625 2536 1797 2600 taria
1826 2534 2020 2618 hujus
2051 2535 2285 2618 templi
2311 2535 2548 2599 divinis
2572 2535 2825 2599 unctio-

1630 2626 1825 2688 nibus
1876 2633 2033 2688 sunt
2086 2624 2421 2688 delibuta:
2484 2633 2550 2688 et
2595 2634 2828 2688 sancto

1588 2716 1937 2777 ·crismate
1989 2714 2075 2778 ab
2122 2714 2436 2796 episcopo
2488 2713 2827 2777 venerabi-

1631 2801 1783 2867 liter
1812 2803 2118 2867 inuncta:
2166 2811 2366 2884 atque
2412 2802 2650 2865 divinis
2682 2822 2829 2884 pre-

1629 2891 1817 2955 cibus
1881 2900 2261 2955 consecrata
2290 2912 2304 2955 :
2360 2898 2435 2954 ut
2494 2910 2693 2973 super
2751 2912 2830 2954 ea

1631 2980 2009 3043 sacerdotes
2037 2979 2287 3043 hostias
2318 2979 2755 3042 immolarent.

1643 3069 1767 3202 O
1796 3087 1949 3131 vere
1996 3068 2284 3131 amanda
2326 3077 2391 3130 et
2428 3065 2663 3150 [Lectio
2709 3066 2832 3149 iiij.

1768 3155 2125 3219 solenniter
2154 3155 2433 3219 colenda
2463 3154 2830 3218 dedicatio-

1633 3243 1736 3306 nis
1760 3242 1955 3325 hujus
1986 3245 2195 3307 sancti
2216 3243 2449 3326 templi
2468 3243 2665 3307 beata
2690 3244 2832 3305 dies

1633 3333 1699 3395 in
1732 3352 1865 3414 qua
1897 3331 2329 3395 fundamenta
2360 3340 2428 3395 et
2450 3331 2833 3413 pavimenta

1633 3420 1772 3483 sive
1802 3430 1983 3484 tecta
2022 3419 2218 3502 hujus
2263 3420 2495 3501 templi
2542 3419 2629 3482 ab
2662 3420 2833 3502 epis-

1634 3528 1807 3591 copo
1837 3508 2074 3572 divinis
2104 3508 2510 3571 orationibus
2540 3517 2692 3571 sunt
2720 3508 2835 3570 de-

1635 3598 1857 3661 dicata
1886 3617 1900 3659 :
1948 3605 2023 3660 ut
2053 3616 2182 3677 que
2211 3605 2411 3660 antea
2448 3596 2687 3659 domus
2719 3616 2832 3658 vo-

1633 3685 1949 3749 cabatur:
1982 3684 2409 3768 postmodum
2441 3684 2715 3747 ecclesia
2748 3684 2831 3746 ad

1637 3773 1960 3837 orandum
1994 3780 2061 3835 et
2089 3771 2615 3835 conveniendum
2640 3793 2835 3836 voca-

1638 3872 1830 3925 retur.
2534 3860 2745 3924 Lectio
2777 3882 2833 3923 v.

1804 3959 1959 4014 ante
1982 3948 2157 4013 enim
2177 3949 2615 4012 venerationis
2646 3959 2835 4012 erant

1776 4038 1954 4121 apud
2017 4045 2237 4120 patres
2298 4046 2559 4101 nostros
2578 4038 2602 4075 ⁵
2648 4038 2836 4101 dedi-

1637 4128 1933 4192 cationes
1980 4126 2399 4190 ecclesiarum
2448 4137 2697 4209 quante
2740 4128 2836 4209 ip-

1636 4218 1773 4279 sius
1863 4215 2349 4278 resurrectionis
2441 4216 2694 4279 domini
2771 4225 2837 4279 et

1637 4304 2001 4368 nativitatis
2043 4324 2157 4366 seu
2191 4301 2650 4385 penthecostes
2682 4305 2838 4367 dies.

1639 4393 1816 4456 Nam
1865 4393 2073 4455 sancti
2145 4401 2364 4473 patres
2426 4401 2498 4456 ut
2559 4393 2840 4475 legimus

1851 4531 1869 4558 ⁸
1908 4526 2179 4577 ‘ecclesiis'
2205 4542 2303 4575 om.
2336 4546 2349 4575 ε
2389 4527 2541 4577 R.W.

1926 4597 1945 4625 ⁸
1980 4603 2204 4643 nostras:
2242 4594 2304 4641 R.
