3375 5100
1174 344 1430 401 FERJA
1488 344 1808 418 QUINTA
1859 345 1985 401 AD
2041 344 2488 403 VESPERAS.

1126 454 1289 510 909

580 560 793 625 donec
826 558 1155 623 inveniam
1218 560 1436 625 locum
1466 560 1786 628 domino:

580 650 1079 713 tabernaculum
1126 648 1253 713 deo
1292 648 1512 731 jacob.
1599 651 1670 713 E
1672 670 1788 715 cce

584 728 962 801 audivimus
992 757 1143 801 eam
1169 738 1235 801 in
1268 738 1585 821 ephrata¹
1615 760 1630 802 ε
1679 740 1778 803 in-

560 828 889 890 ·venimus
936 846 1087 890 eam
1149 828 1216 890 in
1270 828 1525 910 campis
1598 828 1782 891 silve.

583 914 1019 978 Introibimus
1107 914 1175 977 in
1279 913 1784 979 tabernaculum

586 1004 773 1085 ejus:
850 1002 1273 1067 adorabimus
1348 1004 1415 1067 in
1478 1004 1626 1068 loco
1671 1004 1784 1067 ubi

585 1100 913 1155 steterunt
934 1093 1141 1174 pedes
1161 1090 1319 1174 ejus.
1414 1092 1634 1175 Surge
1664 1094 1783 1157 do—

588 1181 767 1243 mine
828 1181 897 1243 in
960 1182 1255 1263 requiem
1309 1190 1534 1245 tuam:
1580 1191 1653 1245 tu
1717 1191 1786 1244 et

586 1268 786 1331 archa
806 1268 1347 1332 sanctificationis
1372 1280 1501 1332 tue.
1550 1269 1788 1333 Sacer—

584 1357 778 1420 dotes
810 1358 907 1421 tui
939 1358 1297 1421 induantur
1318 1358 1647 1439 justitiam
1673 1380 1687 1422 :
1721 1367 1789 1422 et

584 1446 795 1509 sancti
869 1446 967 1508 tui
1042 1446 1367 1509 exultent.
1498 1447 1792 1529 Propter

586 1533 788 1597 david
836 1553 1100 1597 servum
1153 1544 1389 1599 tuum:
1436 1554 1569 1599 non
1602 1556 1788 1599 aver-

585 1632 691 1685 tas
722 1622 957 1687 saciem
996 1622 1241 1687 Christi
1300 1623 1416 1687 tui.
1510 1624 1788 1699 Juravit

587 1711 897 1773 dominus
926 1711 1125 1774 david
1156 1712 1504 1775 veritatem
1535 1722 1605 1776 et
1650 1732 1786 1777 non

586 1798 1010 1863 frustrabitur
1040 1820 1193 1863 eum
1224 1820 1237 1864 :
1264 1801 1349 1863 de
1380 1800 1595 1864 fructu
1624 1822 1786 1865 ven·

586 1890 707 1951 tris
735 1890 833 1951 tui
864 1908 1110 1971 ponam
1158 1909 1356 1971 super
1402 1889 1629 1953 sedern
1680 1900 1786 1954 tu-

587 1996 716 2040 am.
795 1976 875 2040 Si
906 1977 1344 2040 custodierint
1374 1977 1490 2040 filii
1523 1978 1621 2041 tui
1652 1988 1786 2041 tes-

586 2074 961 2129 tamentum
994 2086 1215 2130 meum
1242 2088 1257 2130 :
1303 2076 1372 2129 et
1403 2068 1789 2130 testimonia

586 2173 739 2217 mea
758 2153 881 2217 hec
906 2175 1036 2236 que
1060 2155 1317 2218 docebo
1348 2175 1477 2219 eos.
1524 2156 1626 2219 Et
1670 2155 1788 2219 filii

584 2262 859 2306 eorum:
906 2263 1117 2325 usque
1149 2243 1214 2305 in
1246 2244 1543 2307 seculum
1596 2246 1787 2307 sede-

585 2330 755 2393 bunt
806 2352 1005 2414 super
1033 2332 1261 2394 sedem
1309 2340 1513 2396 tuam.
1610 2332 1790 2411 Quo-

584 2419 765 2481 niam
797 2419 998 2502 elegit
1058 2421 1365 2484 dominus
1396 2440 1609 2503 syon:
1656 2422 1791 2484 ele-

586 2508 686 2590 git
739 2528 889 2572 eam
953 2510 1019 2572 in
1079 2508 1565 2574 habitationem
1640 2510 1785 2574 sibi.

589 2596 744 2660 Hec
820 2598 1079 2680 requies
1154 2619 1307 2662 mea
1375 2599 1443 2662 in
1487 2599 1786 2664 seculum

584 2684 829 2749 seculi:
918 2686 1025 2750 hic
1078 2685 1401 2750 habitabo
1465 2689 1784 2770 quoniam

584 2773 759 2854 elegi
790 2795 957 2838 eam.
1066 2775 1355 2840 Viduam
1388 2778 1531 2859 ejus
1584 2778 1787 2840 bene-

582 2862 811 2926 dicens
916 2862 1341 2929 benedicam:
1462 2885 1787 2948 pauperes

584 2951 730 3032 ejus
783 2953 1098 3015 saturabo
1151 2955 1452 3035 panibus.
1550 2953 1787 3018 Sacer-

582 3039 775 3102 dotes
824 3041 966 3121 ejus
1026 3041 1299 3105 induam
1357 3042 1671 3107 salutari:
1719 3053 1787 3108 et

584 3129 797 3191 sancti
858 3129 1001 3211 ejus
1063 3131 1479 3194 exultatione
1524 3132 1783 3195 exulta-

584 3217 770 3280 bunt.
911 3218 1092 3281 Illuc
1154 3220 1515 3300 producam
1580 3241 1784 3284 cornu

584 3305 825 3369 david:
871 3306 1097 3389 paravi
1149 3307 1483 3372 lucernam
1518 3308 1786 3373 Christo

584 3414 752 3458 mee.
889 3395 1211 3459 Inimicos
1276 3397 1417 3477 ejus
1505 3398 1782 3460 induam

582 3483 969 3546 confusione
1004 3506 1019 3548 :
1064 3505 1261 3567 super
1305 3487 1523 3568 ipsum
1557 3496 1781 3549 autem

582 3571 905 3635 efflorebit
936 3573 1372 3638 sanctificatio
1392 3575 1586 3638 mea?
1645 3574 1783 3639 Αῆ.

585 3660 679 3722 Et
738 3661 954 3724 omnis
1013 3665 1538 3727 mansuetudinis
1620 3664 1780 3745 ejus.

583 3749 717 3811 Αῆ.
814 3749 881 3811 H
890 3750 1187 3814 abitare.³
1435 3751 1783 3833 psalmus.⁴

735 3857 847 3900 cce
906 3859 1109 3920 quam
1170 3839 1421 3903 bonum
1467 3850 1535 3903 et
1580 3861 1784 3923 quam

729 3927 1145 4008 jocundum:
1205 3927 1507 3992 habitare
1552 3929 1787 3993 fratres

584 4015 651 4077 in
686 4035 908 4080 unum.
1004 4017 1196 4081 Sicut
1258 4026 1671 4100 unguentum
1718 4019 1785 4081 in

686 4165 701 4194 ¹
738 4163 945 4213 effrata:
980 4164 1121 4214 w.s.

685 4231 707 4260 ²
745 4235 759 4258 ⁸
783 4230 959 4279 Gloria
982 4232 1109 4296 patri
1125 4231 1137 4255 ’
1164 4233 1265 4281 add
1288 4251 1299 4282 :
1336 4231 1470 4282 E.G.

686 4299 707 4394 τ
744 4298 883 4412 ‘5¹:-

686 4430 707 4460 ⁸
730 4371 903 4480 {Aa}
922 4401 1226 4496 Ecce-quam
1266 4383 1453 4480 bonJu'rln
1477 4401 1691 4496 Siquam
1711 4430 1788 4496 jo-

586 4495 820 4545 cundum.
894 4497 1013 4545 Non
1056 4499 1247 4546 dicitur
1286 4499 1359 4546 acl
1384 4505 1605 4562 vesperas
1642 4497 1752 4562 [ille
1767 4514 1789 4548 .·

586 4563 684 4626 E.]
710 4562 849 4626 [ism
890 4565 975 4627 G.]
988 4564 1218 4629 psalmus
1246 4567 1365 4628 133²
1390 4565 1519 4615 add:
1552 4565 1619 4616 E.
1634 4565 1693 4616 G.

2375 454 2522 509 910

1883 559 2152 643 capite:
2205 560 2388 643 quod
2442 559 2786 625 descendit
2836 560 2904 625 in
2935 559 3082 625 bar-

1883 650 2040 713 bam
2085 650 2363 714 barbam
2409 669 2630 713 aaron.
2727 649 2925 728 Quod
2971 651 3086 714 de-

1881 739 2142 802 scendit
2172 740 2240 801 in
2282 758 2469 801 oram
2500 738 2879 802 vestimenti
2901 738 3084 819 ejus:

1879 828 2051 891 sicut
2081 847 2188 889 ros
2233 826 2510 891 hermon
2571 828 2684 909 qui
2738 827 3087 891 descendit

1881 915 1948 979 in
1983 926 2280 979 montem
2309 936 2499 998 syon.
2594 914 2928 994 Quoniam
2952 916 3086 979 illic

1885 1004 2228 1067 mandavit
2307 1005 2616 1067 dominus
2675 1004 3083 1068 benedictio-

1885 1112 2039 1155 nem
2066 1102 2170 1156 :et
2193 1094 2400 1156 vitam
2423 1114 2632 1175 usque
2647 1094 2712 1154 in
2737 1090 3085 1155 seculum.²¹

1884 1181 2020 1244 Αῆ.
2071 1180 2397 1244 Habitare
2451 1180 2684 1244 fratres
2735 1182 2801 1245 in
2856 1201 3082 1245 unum.

1891 1270 2174 1351 Sequens
2186 1270 2491 1351 psalmus
2541 1291 2666 1333 non
2723 1270 2974 1333 dicitur
3017 1270 3086 1331 in

1887 1357 2205 1439 vesperis-fl
2958 1358 3085 1439 pff

2036 1466 2151 1510 cce
2209 1466 2387 1510 nunc
2445 1444 2820 1509 benedicite
2866 1446 3082 1509 domi-

2038 1555 2236 1601 num:
2299 1555 2531 1598 omnes
2579 1535 2749 1598 servi
2809 1534 3081 1599 domini.

1890 1621 2018 1701 Qui
2065 1623 2258 1687 statis
2307 1625 2373 1686 in
2423 1624 2628 1687 domo
2677 1622 2970 1687 domini:
3018 1624 3084 1685 in

1885 1712 2066 1775 atriis
2099 1712 2338 1776 domus
2360 1714 2468 1775 dei
2500 1714 2725 1776 nostri.
2813 1712 2900 1775 In
2932 1732 3084 1775 noc-

1884 1800 2062 1864 tibus
2093 1799 2398 1865 extollite
2452 1821 2690 1863 manus
2719 1810 2970 1864 vestras
3017 1802 3082 1863 in

1883 1888 2262 1953 sanctam⁷:
2316 1898 2386 1952 et
2438 1888 2810 1952 benedicite
2869 1889 3084 1951 dorni-

1886 1998 2064 2042 num.
2109 1978 2478 2042 Benedicat
2522 1986 2592 2041 te
2638 1977 2949 2041 dominus
2995 1998 3086 2039 ex

1886 2087 2095 2147 syon:
2142 2067 2256 2148 qui
2287 2066 2444 2130 fecit
2471 2066 2690 2129 celum
2723 2076 2792 2129 et
2823 2076 3083 2129 terram.

1886 2155 2021 2218 Aa.
2071 2154 2364 2219 Omnia.⁸
2956 2153 3086 2236 pff?

2024 2243 2268 2307 audate
2317 2262 2562 2307 nomen
2609 2242 2904 2307 domini:
2951 2242 3088 2305 lau-

2025 2332 2182 2395 date
2213 2334 2383 2395 servi
2415 2331 2741 2395 domini.¹⁰
2792 2330 2922 2410 Qui
2951 2342 3085 2394 sta-

1887 2421 1975 2484 tis
2035 2422 2100 2483 in
2155 2421 2361 2485 domo
2420 2421 2715 2484 domini:
2792 2422 2856 2483 in
2907 2421 3090 2483 atriis

1887 2510 2129 2574 domus
2160 2510 2268 2574 dei
2317 2510 2542 2574 nostri.
2632 2508 2940 2574 Laudate
2969 2508 3092 2572 do-

1889 2600 2152 2662 minum
2177 2599 2496 2681 quoniam
2520 2599 2559 2636 ¹¹
2609 2599 2825 2662 bonus
2872 2599 3090 2660 domi-

1886 2707 2049 2750 nus:
2117 2686 2380 2770 psallite
2435 2687 2688 2750 nomini
2734 2687 2878 2768 ejus
2925 2706 3088 2768 quo-

1885 2776 2064 2839 niam
2141 2797 2360 2840 suave.
2486 2775 2818 2855 Quoniam
2887 2775 3090 2856 jacob

1885 2864 2086 2946 elegit
2153 2865 2276 2927 sibi
2351 2865 2704 2928 dominus:
2752 2863 2946 2926 israel
3023 2865 3090 2926 in

1885 2953 2367 3035 possessionem
2435 2952 2579 3016 sibi.
2719 2951 2890 3030 Quia
2963 2971 3092 3033 ego

1884 3043 2167 3124 cognovi
2198 3042 2380 3124 quod
2426 3061 2710 3124 magnus
2739 3050 2840 3104 est
2872 3040 3091 3104 domi-

1886 3151 2051 3195 nus:
2099 3140 2166 3194 et
2197 3132 2361 3194 deus
2387 3142 2613 3194 noster
2629 3150 2746 3212 pre
2777 3129 3090 3192 omnibus

1886 3219 2032 3282 diis.
2129 3219 2375 3284 Omnia
2425 3238 2819 3301 quecunque
2877 3218 3092 3280 voluit

1885 3308 2198 3370 dominus
2224 3307 2380 3370 fecit
2403 3308 2470 3370 in
2503 3307 2648 3370 celo
2681 3316 2751 3370 et
2780 3307 2846 3369 in
2875 3315 3089 3369 terra:

1889 3396 1958 3459 in
1995 3396 2160 3460 mari
2209 3406 2276 3459 et
2327 3398 2392 3458 in
2447 3395 2756 3458 omnibus
2811 3395 3090 3476 abyssis.

1889 3485 2207 3548 Educens
2238 3484 2448 3548 nubes
2495 3484 2582 3548 ab
2623 3493 2930 3547 extremo
2961 3493 3088 3546 ter-

1889 3593 1998 3637 re:
2065 3572 2329 3655 fulgura
2403 3572 2468 3636 in
2546 3572 2838 3655 pluviam
2917 3571 3090 3635 fecit.

1890 3661 2018 3741 Qui
2049 3662 2354 3744 producit
2382 3671 2618 3724 ventos
2649 3662 2733 3725 de
2763 3661 3091 3724 thesauris

1885 3753 2057 3815 suis:
2104 3753 2218 3833 qui
2269 3751 2590 3834 percussit
2648 3750 3092 3832 primogenita

1886 3840 2154 3922 egypti:
2200 3838 2286 3902 ab
2317 3837 2587 3903 homine
2620 3859 2826 3920 usque
2859 3840 2946 3901 ad
2981 3858 3094 3919 pe-

1887 3949 2018 3992 cus,
2066 3929 2166 3991 Et
2192 3929 2370 3991 misit
2389 3929 2583 4010 signa
2605 3936 2671 3989 et
2694 3927 3003 4009 prodigia
3025 3927 3092 3988 in

1893 4017 2114 4080 medio
2145 4017 2240 4080 tui
2266 4027 2554 4099 egypte:
2588 4017 2654 4078 in
2679 4015 3089 4097 pharaonem

1988 4168 2009 4196 ⁸
2031 4172 2110 4229 pf.
2146 4176 2272 4228 133:
2309 4165 2376 4214 E.
2389 4163 2447 4214 G.
2519 4163 2728 4228 cxxxitj.
2749 4177 2768 4212 .·
2802 4163 2856 4214 S.

1988 4235 2008 4262 ⁴¹
2041 4241 2246 4281 sancta:
2281 4231 2345 4281 G.

1989 4301 2010 4332 ⁸
2049 4300 2185 4346 ‘Aa
2227 4296 2441 4346 Omnia’
2467 4311 2566 4346 om.
2595 4313 2608 4346 ε
2645 4295 2780 4346 E.G.

1970 4368 2008 4462 ¹2
2033 4373 2298 4481 52:131:
2307 4363 2490 4479 QG..
2518 4364 2767 4478 §ffl-
2792 4381 2811 4414 ··
2835 4365 2893 4415 ³·

1973 4499 2008 4530 ¹¹
2043 4513 2136 4564 pro
2164 4501 2178 4526 ⁶
2197 4467 2435 4562 quoniam
2449 4497 2462 4521 ’
2487 4465 2605 4562 quia
