3375 5100
1024 365 1145 418 DE
1189 364 1639 420 DOMINICIS
1676 364 2157 420 FAGJENDJS.

880 474 1015 528 197

352 582 417 660 (Ι
468 580 640 660 Quot
666 579 980 643 dominice
1011 579 1185 663 fient
1235 581 1411 644 inter
1450 601 1545 643 oc-

351 680 543 733 tavas
566 669 898 751 epiphanie
924 679 989 731 et
1012 671 1149 732 lxx.

348 757 797 892 secundum
874 757 1304 840 quantitatem
1400 778 1547 820 vero

484 846 784 928 temporis
862 846 1293 928 provideatur
1379 845 1555 928 quod

351 935 526 998 inter
580 944 839 998 octavas
892 935 1223 1017 epiphanie
1288 943 1353 997 et
1416 935 1545 998 lxx.

348 1023 630 1105 quinque
678 1022 988 1086 dominice
1035 1022 1355 1087 dicantur.
1446 1023 1553 1086 vel

348 1121 481 1174 tres
536 1111 636 1174 ad
686 1111 906 1174 minus
960 1111 1159 1174 etiam
1209 1111 1303 1174 in:
1326 1111 1546 1174 diebus

332 1199 696 1281 ferialibus
720 1199 787 1262 si
811 1211 965 1282 opus
978 1199 1201 1281 suerit
1220 1200 1403 1263 modo
1422 1220 1546 1282 quo

333 1288 699 1369 predictum
728 1297 824 1350 est
842 1311 867 1351 .·
911 1289 1070 1371 quia
1114 1288 1182 1351 si
1222 1289 1406 1351 nulla
1434 1289 1542 1350 do-

346 1377 591 1439 minica
636 1377 809 1439 inter
848 1387 1102 1440 octavas
1128 1376 1456 1477 epiphanie
1483 1385 1547 1439 et

343 1465 473 1528 lm.
518 1465 841 1528 evenerist
879 1475 1033 1528 tunc
1068 1465 1147 1528 de
1186 1465 1545 1529 necessitate

344 1562 587 1634 oportet
642 1553 817 1636 quod
868 1554 975 1617 ille
1032 1563 1163 1617 tres
1233 1553 1543 1617 dominice

334 1641 618 1724 predicte
693 1642 762 1704 in
836 1642 1069 1705 mediis
1147 1642 1354 1724 feriis
1440 1642 1540 1704 di-

342 1739 627 1794 cantur:
687 1739 753 1793 et
794 1731 979 1812 sorte
1044 1731 1335 1813 aliquam
1397 1730 1542 1794 illa-

346 1840 497 1881 rum
538 1819 607 1881 in
657 1819 957 1900 quintam
990 1819 1246 1901 feriam
1278 1819 1383 1882 vel
1404 1839 1539 1881 sex-

344 1916 483 1970 tam
514 1908 682 1989 fieri
710 1907 1011 1989 oportebit
1033 1931 1057 1971 .·
1084 1928 1227 1970 cum
1257 1907 1540 1989 Respon-

342 1996 541 2058 soriis
577 1996 831 2077 fin'am
882 1995 1389 2078 contingentibus
1413 2019 1437 2059 :
1479 2005 1544 2058 et

342 2084 422 2146 de
456 2085 663 2165 festis
711 2084 917 2147 trium
965 2085 1299 2147 lectionum
1356 2105 1537 2147 sanc-

344 2181 559 2235 torum
640 2172 778 2235 illis
834 2173 1057 2236 diebus
1112 2172 1539 2235 accidentibus

344 2262 519 2324 nilzil
548 2261 689 2343 fiat
735 2261 873 2324 nisi
916 2261 1223 2324 memoria
1264 2271 1537 2324 tantum.

343 2369 455 2412 nec
481 2349 785 2412 videatur
814 2349 1253 2412 inconveniens
1301 2350 1367 2411 si
1412 2349 1539 2412 ali-

340 2459 472 2519 qua
509 2438 953 2518 predictarum
1008 2438 1210 2501 trium
1258 2438 1536 2501 domini-

341 2547 567 2590 carum
596 2526 857 2590 dicatur
884 2527 953 2591 in
977 2527 1206 2611 quinta
1220 2527 1409 2609 seria
1439 2527 1545 2591 vel

337 2624 527 2678 sexta
569 2616 715 2679 licet
782 2616 876 2679 sit
936 2626 1154 2679 contra
1212 2616 1533 2697 regulam¹

341 2704 515 2767 alias
542 2706 866 2787 scriptam.
911 2706 1051 2769 Nec
1077 2715 1328 2768 moveat
1342 2726 1534 2787 quen-

339 2813 537 2874 quam
587 2793 654 2855 si
697 2803 851 2856 tunc
899 2814 1023 2856 non-
1065 2794 1375 2856 dicantur
1400 2794 1533 2856 Re-

336 2881 668 2962 sponsoria
746 2882 824 2944 de
909 2881 1183 2959 ln'storia
1245 2882 1535 2945 Domine

342 2990 426 3033 ne
449 2970 517 3032 in
544 2971 655 3033 ira.
685 2979 791 3033 etc.
822 2991 964 3032 cum
993 2970 1133 3033 sint
1156 2970 1234 3033 de
1252 2970 1535 3051 psalmis

340 3059 510 3120 sicut
536 3058 657 3121 illa
685 3058 762 3120 de
776 3058 979 3138 seria.
1075 3058 1164 3123 Si
1189 3079 1335 3122 vero
1378 3069 1534 3140 pro-

340 3145 551 3209 litum
566 3146 789 3226 fuerit
816 3155 1062 3228 tempus
1090 3146 1263 3209 inter
1280 3147 1534 3229 epipha-

340 3234 527 3297 niam
558 3243 622 3297 et
648 3234 782 3299 lxx.
876 3236 971 3297 ita
1015 3236 1189 3317 quod
1212 3237 1283 3299 in
1312 3235 1535 3299 diebus

340 3322 681 3387 dominicis
706 3333 771 3385 et
795 3323 953 3386 aliis
986 3324 1195 3404 seriis
1245 3325 1532 3387 vacanti-

340 3410 459 3473 bus
490 3412 749 3493 possint
793 3432 1007 3475 omnes
1052 3412 1364 3475 dominice
1393 3434 1531 3476 con-

328 3520 499 3581 grue
544 3500 897 3564 celebrari:
955 3522 1081 3563 non
1140 3501 1401 3563 dicatur
1456 3502 1535 3565 de

338 3588 662 3652 dominica
710 3588 779 3652 in
832 3589 1112 3652 crastino
1158 3598 1533 3653 octavarum

323 3677 849 3759 predicatarum:
863 3678 983 3740 sed
989 3678 1068 3741 de
1084 3689 1299 3741 sancto
1301 3678 1497 3758 felice
1510 3702 1535 3742 .·

336 3774 403 3828 et
424 3766 709 3847 singulis
720 3766 931 3847 seriis
945 3766 1023 3828 de
1038 3767 1319 3847 singulis
1332 3767 1537 3847 sestis

336 3864 704 3917 sanctorum
724 3877 749 3917 .·
775 3854 1047 3936 exceptis
1066 3855 1279 3918 tribus
1290 3856 1535 3936 seriis:

337 3943 573 4006 scilicet
630 3943 827 4005 tertia
884 3945 1115 4025 quinta
1170 3953 1236 4005 et
1274 3945 1536 4008 sabbato

337 4032 594 4112 quando
598 4032 695 4113 fit
710 4032 1219 4095 commemoratio
1246 4033 1324 4094 de
1352 4054 1534 4095 sanc-

337 4130 400 4183 to
460 4120 765 4183 willelmo
790 4144 813 4183 .·
870 4120 949 4182 de
1005 4121 1306 4202 apostolis
1354 4131 1419 4183 et
1459 4121 1536 4184 de

334 4208 601 4271 domina
622 4231 651 4272 .·
700 4208 766 4271 si
803 4208 971 4291 fieri
1011 4210 1253 4291 poterit
1300 4220 1533 4292 compe-

338 4306 555 4362 tenter.

338 4390 403 4463 (I
440 4387 527 4450 Si
553 4407 702 4449 vero
714 4386 969 4467 festum
1000 4396 1369 4451 sanctorum
1399 4387 1530 4451 Fa-

406 4520 703 4570 ¹:sedulam
738 4520 805 4569 Ε.
854 4522 1161 4571 schedulam:
1201 4521 1259 4571 G.
1364 4522 1385 4553 ²
1402 4522 1497 4587 fit:
1531 4524 1598 4573 E.
1633 4522 1769 4589 fiat:
1810 4524 1868 4575 G.

1356 4590 1611 4653 ‘poter-u.-
1648 4590 1712 4639 E.
1728 4591 1782 4639 G.
1801 4578 1898 4642 W

403 4588 533 4636 ³51⁰:
566 4586 799 4637 EWGW

2169 473 2310 529 198

1647 580 1833 644 biani
1884 590 1948 643 et
2002 579 2358 644 sebastiani
2401 577 2470 640 in
2519 576 2838 641 dominica

1644 669 1984 751 contigerit
2001 692 2025 733 .·
2069 679 2134 732 et
2160 677 2406 748 tempus
2433 665 2658 749 suerit
2681 681 2836 747 pro-

1644 757 1854 821 lixum
1881 780 1905 821 .·
1969 766 2035 820 et
2094 757 2321 839 plures
2397 755 2505 818 vel
2571 775 2706 817 una
2761 775 2844 817 ex

1646 846 1872 910 diebus
1897 845 2239 909 dominicis
2265 853 2418 907 ante
2445 843 2570 906 lxx.
2602 864 2646 905 a
2659 843 2838 923 sesto

1648 935 1732 999 ix.
1765 935 2098 998 lectionum
2129 932 2454 997 vacaverit
2475 956 2496 996 .·
2547 931 2643 994 ita
2673 932 2847 1014 quod

1645 1023 1862 1105 aliquo
1920 1023 2025 1086 die
2073 1021 2387 1086 dominico
2431 1019 2644 1102 possit
2691 1020 2836 1082 cele-

1647 1111 1836 1176 brari
1877 1112 1955 1175 de
1999 1111 2195 1194 officio
2237 1108 2646 1172 dominicali:
2689 1117 2842 1170 tunc

1644 1200 1896 1263 dicetur
1921 1201 1999 1264 de
2029 1199 2428 1280 martyribus
2453 1218 2570 1260 suo
2597 1195 2703 1260 die
2727 1221 2745 1261 .·
2775 1207 2838 1260 et

1644 1289 1724 1352 de
1774 1290 1930 1352 aliis
1958 1288 2297 1354 dominicis
2339 1287 2680 1350 ordinetur
2725 1287 2837 1348 do-

1646 1378 2041 1441 minicaliter
2087 1398 2196 1440 seu
2229 1376 2572 1457 ferialiter
2628 1374 2836 1438 dicen-

1641 1467 1798 1529 dum
1816 1476 2018 1548 prout
2059 1465 2505 1547 congruentius
2530 1463 2697 1545 fieri
2722 1474 2837 1545 po-

1644 1556 1811 1619 terit.
1909 1555 2103 1634 Quod
2137 1555 2202 1618 si
2242 1553 2425 1616 nulla
2460 1553 2600 1615 alia
2630 1552 2836 1614 domi-

1643 1644 1788 1706 nica
1807 1665 1850 1707 a
1865 1645 2042 1725 sesto
2071 1643 2402 1706 vacaverit
2417 1665 2441 1704 .·
2473 1641 2544 1704 in
2577 1641 2710 1722 ipso
2725 1640 2834 1704 die

1623 1733 1755 1814 fiet
1769 1733 1793 1769 ²
1821 1733 1900 1794 de
1927 1731 2122 1814 officio
2161 1729 2537 1794 dominicali
2556 1753 2580 1792 .·
2611 1737 2676 1791 et
2687 1739 2837 1810 pre-

1640 1830 1970 1903 occupetur
2015 1821 2266 1901 festum
2299 1841 2324 1882 .·
2398 1829 2462 1881 et
2498 1819 2627 1900 fiet
2654 1817 2680 1854 ³
2731 1817 2840 1880 die

1638 1909 1896 1973 sabbati
1908 1908 2281 1990 precedenti.

1642 2003 1708 2076 (Ι
1752 1997 2018 2060 Festum
2065 2017 2212 2058 vero
2255 1994 2509 2076 agnetis
2529 2019 2552 2057 .·
2598 2003 2661 2056 et
2687 1993 2831 2056 vin·-

1635 2085 1833 2149 centii
1870 2086 2126 2166 festum
2145 2085 2168 2122 ⁴
2199 2084 2397 2146 etiam
2453 2083 2518 2144 si
2590 2082 2660 2144 in
2720 2082 2834 2144 do-

1638 2175 1881 2238 minica
1983 2172 2366 2254 contigerint
2462 2190 2834 2252 quacunque

1636 2272 1789 2325 ante
1831 2262 1965 2325 lxx.
2009 2271 2255 2342 semper
2301 2259 2443 2322 suis
2489 2259 2641 2322 locis
2683 2258 2829 2320 celc-

1639 2351 1908 2414 brentur
1932 2373 1957 2413 .·
2059 2350 2197 2413 sive
2283 2357 2528 2429 tempus
2607 2345 2833 2425 fuerit

1621 2440 1956 2520 prolixum
2014 2439 2156 2502 sive
2205 2437 2398 2500 breve.
2488 2434 2688 2498 Ratio
2732 2444 2831 2498 est

1636 2529 1795 2611 quia
1851 2528 1990 2593 sive
2005 2527 2030 2565 ⁵
2059 2527 2318 2608 festum
2364 2524 2645 2607 Agnetis
2689 2523 2828 2587 sive

1619 2619 1874 2699 festum
1968 2616 2290 2682 Vincentii
2360 2616 2430 2677 in
2503 2613 2828 2676 dominica

1632 2706 1970 2787 contigerit
1990 2730 2015 2769 .·
2045 2715 2256 2788 potest
2273 2703 2298 2742 ⁶
2325 2704 2519 2785 plene
2566 2702 2702 2765 dici
2749 2702 2828 2764 de

1632 2795 1828 2878 officio
1899 2794 2280 2859 dominicali
2357 2792 2429 2856 in
2506 2790 2827 2855 dominica

1614 2884 1992 2966 precedenti.
2062 2884 2119 2948 S
2120 2883 2151 2946 i
2183 2902 2332 2945 vero
2372 2881 2546 2943 inter
2569 2888 2830 2943 octavas

1632 2973 1964 3054 epiphanie
2005 2981 2069 3035 et
2104 2972 2238 3035 lxx.
2289 2978 2536 3053 tempus
2580 2968 2826 3032 habun-

1632 3061 1742 3123 det
1771 3083 1796 3124 .·
1886 3060 2304 3124 dominicalia
2391 3058 2597 3141 officia
2686 3056 2829 3121 suis

1632 3149 1786 3213 locis
1857 3149 2165 3213 dicantur
2179 3172 2204 3211 .·
2276 3156 2341 3210 et
2408 3147 2488 3209 de
2547 3145 2829 3209 residuis

1619 3247 1771 3319 post
1830 3238 1963 3301 tria
2027 3237 2230 3320 officia
2281 3235 2455 3299 dicta
2507 3243 2833 3316 repetatur

1632 3325 1925 3408 officium.
1990 3326 2310 3390 Adorate.
2373 3344 2518 3386 cum
2563 3321 2830 3385 collectis

1630 3414 1916 3496 epistolis
1958 3424 2024 3476 et
2061 3413 2414 3495 evangeliis
2460 3412 2532 3474 in
2573 3408 2834 3477 missali

1631 3503 1967 3567 denotatis.

1636 3596 1703 3669 (s
1748 3592 1852 3655 De
1894 3590 2129 3654 mediis
2167 3587 2537 3653 lectionibus
2575 3583 2831 3668 quando

1615 3678 1831 3763 fient⁷
1863 3679 1932 3741 in
1963 3678 2301 3742 dominica.

1633 3770 1882 3903 Hoc
1921 3778 2136 3830 autem
2167 3777 2293 3847 per
2334 3772 2538 3828 totum
2580 3780 2830 3824 annum

1809 3857 1903 3919 sit
1955 3855 2255 3938 generale
2323 3850 2498 3934 quod
2565 3850 2634 3913 in
2695 3870 2831 3912 om-

1636 3946 1713 4009 ni
1795 3945 2118 4008 dominica
2197 3941 2452 4025 quando
2527 3938 2839 4020 incipitur

1633 4034 1911 4098 historia
1989 4050 2321 4115 nunquam
2391 4038 2582 4093 erunt
2631 4028 2840 4091 medie

1634 4124 1921 4187 lectiones
1948 4122 2028 4184 de
2041 4121 2218 4203 festo
2252 4120 2456 4183 trium
2480 4116 2835 4183 lectionum.

1634 4212 1695 4275 A
1709 4212 1822 4274 liis
1859 4232 2008 4291 vero
2037 4210 2375 4273 dominicis
2403 4208 2660 4291 quando
2689 4226 2837 4269 can-

1637 4300 1917 4363 taturde
1945 4299 2268 4363 dominica
2295 4307 2358 4361 et
2376 4317 2498 4360 non
2531 4295 2842 4377 incipitur

1632 4389 1965 4453 historia:
2024 4388 2228 4452 medie
2290 4386 2578 4449 lectiones
2647 4392 2844 4447 erunt

1974 4522 2142 4589 'fian
2181 4522 2239 4572 G.
2330 4518 2684 4585 ‘festvinae
2715 4516 2773 4603 G.

1983 4590 2149 4655 ’ficu
2183 4588 2414 4639 ΞΗΟΠ).
