3375 5100
1219 361 1382 434 QUA
1390 360 1559 416 ΒΕΑ
1569 359 1906 418 GESJME.

859 471 1008 528 837

320 615 328 624 ·
353 579 830 712 Timuerunt
869 589 1092 644 autem
1139 578 1529 644 obstetrices

498 667 730 732 deum:
763 676 832 731 et
850 689 984 732 non
1007 668 1306 746 fecerunt
1328 669 1530 750 juxta

335 765 722 838 preceptum
799 757 968 838 regis
1042 759 1317 841 egypti:
1407 757 1524 821 sed

333 843 815 908 conservabant
847 865 1077 910 mares.
1154 846 1414 929 Quibus
1439 847 1523 909 ad

333 953 406 995 se
456 933 782 997 accersitis
833 954 954 996 rex
985 935 1094 998 ait.
1185 935 1522 1018 Quidnam

333 1031 436 1084 est
458 1021 586 1084 hoc
608 1022 789 1103 quod
809 1021 1023 1085 facere
1043 1023 1344 1086 noluistis
1365 1022 1417 1087 ¹:
1451 1032 1525 1086 ut

334 1129 574 1192 pueros
634 1111 1102 1176 reservaretis?
1215 1109 1364 1194 Que
1425 1131 1524 1174 re-

333 1199 796 1280 sponderunt:
870 1219 1004 1262 non
1065 1208 1220 1264 sunt
1278 1200 1523 1264 hebree

333 1287 507 1350 sicut
579 1288 848 1369 egyptie
924 1288 1244 1352 mulieres,
1370 1290 1524 1371 Ipse

333 1375 511 1438 enim
543 1375 1012 1440 obstetricandi
1036 1376 1284 1440 habent
1315 1377 1522 1441 scien-

333 1464 498 1526 tiam
523 1472 593 1526 et
621 1463 1004 1546 priusquam
1042 1465 1387 1530 veniamus
1435 1466 1521 1529 ad

333 1572 446 1615 eas
507 1553 788 1634 pariunt.
896 1570 944 1639 y
991 1555 1145 1635 Ipse
1207 1553 1520 1618 liberavit.

332 1640 417 1702 In
475 1639 778 1703 laudibus
833 1649 939 1704 αὴ.
1017 1643 1345 1706 Miserere.
1419 1651 1523 1724 ps.

335 1728 584 1810 Ipsum.
654 1727 801 1811 Cap.
851 1729 1025 1794 Ecce
1057 1751 1247 1794 nune.
1311 1731 1521 1811 Hym-

333 1837 470 1880 nus.
578 1817 738 1898 Jesu
815 1818 1372 1908 quadragenaria
1474 1837 1522 1906 γ

335 1905 558 1970 Scuto,
633 1905 718 1968 In
749 1907 1075 1987 evangelio
1103 1917 1208 1970 αῇ.
1241 1905 1522 1972 Auferte

333 1993 460 2056 ista
488 1992 644 2058 hinc
675 1994 836 2057 dicit
879 1995 1187 2058 dominus
1219 2005 1286 2058 et
1317 1995 1522 2060 nolite

332 2081 545 2145 facere
569 2083 842 2145 domum
867 2084 1072 2166 patris
1092 2084 1220 2147 mei
1247 2083 1522 2147 domum

331 2171 823 2251 negociationis.
928 2181 1028 2253 ps.
1105 2172 1522 2238 Benedictus,

329 2260 658 2390 Presta
688 2279 1048 2341 quesumus
1077 2261 1290 2323 omni·
1343 2260 1520 2344 [Oro.

482 2357 720 2428 potens
751 2349 914 2412 deus
936 2357 1010 2411 ut
1027 2349 1520 2414 observationes

329 2455 548 2498 sacras
579 2456 798 2499 annua
828 2437 1184 2501 devotione
1229 2437 1521 2502 recolen-

330 2531 432 2587 tes
461 2533 531 2588 et
559 2545 830 2607 corpore
879 2525 998 2589 tibi
1041 2526 1420 2609 placeamus
1450 2536 1520 2592 et

329 2622 574 2677 mente.
671 2614 792 2677 Per
819 2615 1180 2680 dominum.
1271 2616 1520 2679 Memo-

329 2700 438 2763 ria
451 2712 579 2783 pro
594 2704 868 2782 peccatis·
893 2712 954 2767 et
967 2703 1221 2785 psalmi
1244 2704 1519 2785 famili-

327 2809 474 2852 ares
529 2800 607 2853 ut
644 2803 856 2873 supra.
949 2792 1076 2855 Ad
1104 2792 1300 2857 horas
1344 2794 1519 2857 anti-

311 2877 526 2959 phone
565 2879 846 2961 capitula
892 2879 1327 2962 Responsoria
1377 2902 1516 2945 ver-

325 2965 516 3029 siculi
557 2976 664 3031 etc.
725 2977 802 3030 ut
847 2980 1065 3051 supra.
1162 2968 1391 3035 Oratio
1440 2970 1521 3033 de

2135 471 2291 528 388

1776 599 1899 643 ene
1930 599 2089 664 ergo
2118 577 2274 644 fecit
2318 579 2483 643 deus
2520 581 2828 646 obstetri-

1773 669 1990 733 cibus:
2022 678 2091 734 et
2122 669 2323 732 crevit
2354 669 2638 752 populus
2668 692 2826 734 con-

1627 755 2047 841 fortatusque
2078 765 2179 820 est
2222 758 2435 820 nimis.
2528 758 2619 822 Et
2667 761 2821 841 quia

1628 845 1995 911 timuerunt
2068 846 2457 910 obstetrices
2554 847 2753 911 deum
2807 871 2822 912 :

1626 933 1959 998 edificavit
2010 933 2137 998 illis
2176 935 2429 998 domos
2522 935 2821 1018 Precepit

1626 1042 1786 1104 ergo
1847 1023 2099 1105 pharao
2161 1023 2343 1086 omni
2404 1023 2653 1106 populo
2700 1045 2822 1089 suo

1621 1111 1867 1176 dicens,
1944 1110 2280 1195 Quicquid
2302 1110 2645 1176 masculini
2665 1134 2817 1176 sex-

1625 1219 1704 1262 us
1750 1209 1984 1264 natum
2028 1200 2225 1264 fuerit
2270 1200 2335 1262 in
2393 1199 2638 1264 flumen
2671 1221 2819 1283 pro-

1619 1287 1841 1370 jicite:
1903 1289 2218 1372 quicquid
2266 1297 2490 1352 autem
2554 1288 2817 1353 feminei

1623 1385 1969 1440 reservate.
2506 1377 2719 1440 Lectio
2749 1379 2817 1460 ej.

1623 1466 2033 1596 Egressus
2082 1474 2183 1528 est
2230 1474 2385 1546 post
2432 1464 2554 1530 hec
2606 1467 2704 1529 vir
2733 1468 2819 1530 de

1774 1554 1978 1617 domo
2030 1554 2197 1618 levi:
2242 1562 2519 1636 accepta
2565 1575 2775 1618 uxore
2796 1557 2821 1593 ²

1623 1640 1847 1723 stirpis
1878 1662 2033 1707 sue:
2082 1661 2213 1724 que
2238 1643 2544 1724 concepit
2598 1653 2666 1706 et
2703 1665 2818 1726 pe-

1624 1731 1797 1812 perit
1827 1729 2074 1794 filium:
2122 1739 2190 1793 et
2242 1731 2473 1794 videns
2516 1750 2668 1795 eum
2720 1734 2818 1796 in-

1623 1817 1877 1881 fantem
1909 1817 2283 1901 elegantem
2324 1818 2676 1884 abscondit
2706 1822 2818 1884 tri-

1623 1906 1749 1970 bus
1782 1908 2133 1972 mensibus,
2482 1907 2696 1970 Lectio
2718 1909 2816 1992 iij.

1634 1996 1982 2128 Cunque
2006 1995 2148 2076 jam
2168 1993 2383 2058 celare
2406 2013 2539 2058 non
2560 2008 2814 2078 posset:

1758 2084 2042 2166 sumpsit
2086 2081 2405 2146 fiscellam
2450 2085 2813 2167 scirpeam:

1621 2180 1693 2234 et
1722 2170 1931 2236 linivit
1961 2190 2110 2235 eam
2152 2171 2476 2236 bitumine
2522 2192 2599 2234 ac
2631 2173 2816 2255 pice:

1621 2260 1975 2343 posuitque
1995 2261 2021 2298 ⁸
2050 2260 2225 2324 intus
2258 2259 2653 2324 infantulum
2685 2283 2699 2325 :
2748 2271 2815 2326 et

1620 2349 1935 2429 exposuit
1964 2368 2117 2412 eum
2159 2348 2227 2411 in
2256 2347 2565 2412 charecto
2589 2361 2611 2386 ⁴
2677 2350 2815 2432 ripe

1623 2435 1949 2502 fluminis:
2024 2444 2244 2500 stante
2304 2435 2531 2518 procul
2592 2457 2815 2502 sorore

1621 2524 1803 2607 ejus:
1849 2533 1916 2589 et
1979 2525 2440 2590 considerante
2498 2536 2811 2591 eventum

1621 2615 1729 2679 rei.
1820 2613 1905 2677 In
1934 2614 2262 2697 evangelio
2300 2623 2409 2679 αὴ.
2458 2614 2614 2678 Mea
2658 2617 2815 2680 doc-

1620 2704 1793 2765 trina
1824 2723 1957 2766 non
1990 2713 2091 2766 est
2132 2724 2282 2767 mea
2314 2724 2329 2766 :
2377 2704 2493 2766 sed
2523 2704 2665 2786 ejus
2696 2706 2811 2787 qui

1620 2792 1798 2855 misit
1830 2812 1936 2855 me
1969 2792 2190 2873 patris·
2243 2800 2344 2873 ps‘.
2394 2792 2811 2857 Benedictus.

1615 2882 1901 3013 sacre
1933 2880 2127 2944 nobis
2157 2880 2426 2944 domine
2529 2878 2805 2963 [Oratio.

1750 2988 2109 3051 quesumus
2170 2968 2651 3032 observationis
2711 2970 2812 3051 je-

323 3054 444 3119 die.
493 3055 556 3117 A
567 3054 621 3119 d
642 3068 932 3138 vesperas
959 3057 1094 3121 Αῆ.
1144 3058 1512 3123 Inclinavit.
1609 3056 1837 3138 junia:
1870 3066 1940 3120 et
1969 3058 2076 3140 pie
2107 3058 2625 3121 conversationis
2650 3077 2811 3139 aug-

311 3152 413 3223 ps.
461 3143 705 3207 Dilexi.
771 3144 918 3227 Cap.
969 3146 1352 3211 Hortamur.
1397 3146 1512 3211 Re.
1616 3154 1914 3209 mentum
1942 3165 1956 3209 :
2018 3156 2087 3209 et
2146 3154 2258 3209 tue
2318 3146 2811 3228 propiciationis

325 3231 536 3295 Educ.
581 3232 902 3313 Hymnus.
949 3234 1100 3316 Jam
1125 3244 1226 3298 ter
1248 3246 1514 3317 quater·
1615 3235 2001 3297 continuum
2094 3242 2390 3316 prestent
2464 3234 2809 3299 auxilium.

324 3320 445 3383 nis.
536 3338 583 3407 y
626 3320 907 3403 Angelis
932 3323 1082 3386 suis,
1143 3323 1226 3387 In
1256 3344 1508 3406 evange.
1620 3322 1744 3385 Per
1772 3322 2114 3385 dominum
2149 3332 2463 3385 nostrum.
2524 3322 2651 3385 Ad
2674 3342 2808 3385 ves-

322 3416 428 3471 αῆ.
493 3408 744 3473 Solvite
805 3410 1128 3492 templum
1179 3410 1304 3477 hoc
1352 3412 1513 3475 dicit
1600 3420 1799 3492 peras
1830 3410 1899 3473 in
1938 3430 2187 3489 evange.
2220 3420 2327 3473 αῆ.
2377 3410 2605 3473 Unum
2638 3430 2807 3491 opus

321 3496 632 3561 dominus
661 3507 731 3561 et
759 3508 912 3581 post
942 3501 1232 3563 triduum
1257 3501 1512 3564 excita·
1576 3492 1588 3508 ⁶
1615 3498 1738 3562 feci
1770 3507 1839 3561 et
1882 3498 2339 3562 admiramini:
2386 3498 2541 3579 quia
2587 3507 2803 3560 totum

323 3585 410 3649 bo
445 3584 645 3650 illud:
690 3587 818 3651 hoc
849 3596 1072 3651 autem
1119 3588 1383 3653 dicebat
1427 3589 1513 3652 de
1613 3587 1951 3651 hominem
1986 3606 2215 3648 sanum
2250 3586 2373 3649 feci
2408 3588 2473 3648 in
2505 3586 2804 3649 sabbato,

322 3674 574 3756 templo
606 3676 894 3759 corporis
923 3677 1041 3741 sui.
1117 3686 1216 3758 ps.
1253 3677 1514 3758 Magni·
1597 3684 1701 3757 ps.
1750 3674 2156 3755 Magnificat.
2558 3673 2805 3738 Orati0.

322 3760 493 3825 ficat.
1266 3764 1512 3831 Oratio.
1615 3765 2055 3899 Miserere
2088 3762 2355 3826 domine
2381 3762 2631 3843 populo
2656 3771 2804 3825 tuo:

318 3851 958 3982 Deprecationem
1012 3863 1306 3917 nostram
1353 3873 1516 3935 que·
1822 3861 1888 3914 et
1916 3851 2246 3914 continuis
2271 3850 2805 3913 tribulationibus

474 3959 702 4003 sumus
732 3941 1002 4004 domine
1034 3942 1362 4024 benignus
1393 3962 1514 4005 ex·
1619 3939 2033 4003 laborantem
2097 3939 2423 4021 propitius
2486 3941 2805 4022 respirare

319 4027 475 4089 audi
502 4049 516 4091 :
549 4036 616 4091 et
647 4029 888 4109 quibus
921 4030 1337 4113 supplicandi
1370 4051 1514 4113 pre·
1615 4028 1923 4094 concede.
2018 4027 2141 4090 Per
2170 4028 2345 4091 dom.

319 4124 456 4178 stas
508 4116 820 4180 affectum
855 4119 1069 4182 tribue
1115 4118 1515 4183 defensionis

317 4203 664 4268 auxilium.
760 4206 881 4269 Per
911 4207 1274 4271 dominum.

317 4292 516 4355 Feria
551 4294 648 4375 iij.
1031 4296 1250 4359 Lectio
1266 4296 1512 4378 prima.

2524 4115 2735 4179 Lectio
2745 4116 2808 4198 j.

1766 4225 1877 4269 cce
1939 4214 2163 4268 autem
2224 4205 2673 4268 descendebat
2735 4204 2811 4267 fi-

1770 4294 1857 4356 lia
1888 4293 2239 4375 pharaonis
2273 4303 2345 4356 ut
2376 4292 2705 4357 lavaretur
2737 4294 2803 4355 in

551 4487 563 4514 ¹
602 4486 864 4536 voluistis:
901 4487 1112 4537 E.G.W.

547 4552 568 4581 ¹
601 4562 648 4601 et
673 4553 864 4617 accepit
889 4568 1092 4603 uxorem
1118 4570 1129 4603 :
1167 4552 1378 4602 E.G.W.

1841 4486 1861 4515 ⁸
1901 4484 2049 4549 ‘que’
2088 4500 2187 4533 om.
2218 4502 2231 4531 ι
2268 4482 2412 4531 E.W.

1842 4555 1861 4582 ⁴
1895 4560 2127 4600 carecto:
2164 4550 2229 4599 G.
