3375 5100
1102 266 1525 322 DOMINICA
1578 262 1974 321 SECUNDA
2025 268 2418 325 AUGUSTI.

1044 376 1193 431 579

514 483 835 564 Hymnus.
892 482 1047 565 Jam
1096 502 1271 547 nunc
1324 490 1615 564 paterna.
1660 496 1711 567 γ

516 574 845 636 Dominus
876 572 1191 653 regnavit.
1287 570 1497 649 Quere
1534 570 1710 631 anti-

496 660 783 743 phonam
830 671 892 724 et
931 660 1281 723 orationem
1327 660 1397 721 in
1419 658 1581 721 serie
1600 656 1710 721 do-

512 750 903 812 minicarum
920 748 1335 830 sequentium.

515 842 580 916 {I
624 836 973 901 Dominica
1003 837 1072 919 ij.
1425 833 1645 897 Lectio
1646 833 1710 915 j.

510 927 861 1059 Audite
913 924 1028 987 filii
1059 922 1471 1005 disciplinam
1505 922 1711 1005 patris

678 1024 745 1077 et
778 1014 1137 1077 attendite:
1183 1021 1257 1075 ut
1306 1012 1525 1073 sciatis
1558 1030 1711 1091 pru-

508 1102 827 1165 dentiam.
921 1103 1191 1164 Donum
1252 1099 1502 1162 bonum
1548 1098 1710 1161 trib-

511 1210 664 1253 uam
713 1190 917 1255 vobiS.
1013 1190 1265 1269 Legem
1298 1207 1515 1250 meam
1572 1186 1706 1249 ne¹

508 1278 997 1361 derelinquatis,
1088 1278 1267 1340 Nam
1291 1286 1359 1339 et
1383 1295 1508 1356 ego
1540 1274 1712 1338 filius

509 1366 603 1430 fui
624 1368 827 1449 patris
858 1367 993 1429 mei
1021 1364 1301 1428 tenellus
1322 1373 1390 1427 et
1415 1363 1710 1446 unigeni-

506 1465 617 1518 tus
648 1475 868 1518 coram
904 1464 1115 1518 matre
1160 1472 1349 1516 mea:
1394 1461 1462 1515 et
1515 1453 1710 1516 doce-

510 1543 627 1606 bat
647 1564 755 1606 me
778 1553 979 1626 atque
1001 1541 1283 1605 dicebat.
1376 1540 1711 1623 Suscipiat

510 1632 714 1695 verba
762 1652 912 1695 mea
965 1651 1078 1695 cor
1125 1640 1355 1693 tuum:
1446 1628 1708 1692 custodi

508 1729 821 1803 precepta
855 1740 1002 1783 mea
1033 1729 1101 1782 et
1130 1720 1327 1782 vives,
1396 1716 1609 1780 Lectio
1640 1717 1710 1799 ᾔ.

670 1809 889 1871 osside
938 1808 1377 1891 sapientiam:
1441 1806 1708 1888 posside

670 1898 1131 1979 prudentiam:
1178 1916 1261 1958 ne
1305 1894 1711 1958 obliviscaris

511 2005 727 2069 neque
757 1985 1051 2050 declines
1084 2005 1123 2047 a
1153 1984 1368 2047 verbis
1391 1983 1528 2046 oris
1560 1982 1710 2046 mei.

510 2076 617 2138 Ne
646 2075 946 2138 dimittas
978 2094 1125 2136 eam
1146 2081 1214 2135 et
1245 2072 1572 2137 custodiet
1601 2081 1711 2135 te:

506 2163 708 2245 dilige
734 2183 881 2226 eam
914 2171 982 2226 et
1014 2161 1320 2225 liberabit
1349 2160 1462 2223 te?
1530 2160 1711 2222 Prin·

508 2252 755 2333 cipium
802 2252 1124 2334 sapientie
1156 2249 1420 2332 posside
1451 2248 1713 2330 sapien-

507 2342 713 2403 tiam:
764 2350 833 2403 et
866 2341 927 2402 in
962 2340 1143 2402 omni
1164 2337 1578 2420 possessione
1595 2346 1714 2399 tua

510 2429 776 2509 acquire
808 2426 1248 2510 prudentiam.
1370 2424 1580 2487 Lectio
1612 2424 1710 2507 iij.

507 2517 844 2649 Arripe
887 2514 1064 2580 illam
1116 2524 1182 2579 et
1234 2512 1561 2578 exaltabit
1599 2522 1710 2578 te:

675 2604 1150 2686 glorificaberis
1210 2603 1297 2666 ab
1356 2623 1474 2666 ea:
1555 2622 1707 2665 cum

507 2714 657 2756 eam
707 2692 905 2756 fueris
963 2692 1405 2774 amplexatus
1501 2691 1710 2754 Dabit

504 2783 705 2862 capiti
738 2792 855 2845 tuo
900 2790 1263 2862 augmenta
1307 2778 1708 2860 gratiarum:

509 2880 574 2933 et
594 2871 619 2908 ³
670 2890 914 2933 corona
950 2868 1199 2950 inclyta
1261 2877 1567 2951 proteget
1617 2877 1704 2932 te.

507 2959 693 3023 Audi
743 2958 835 3022 fili
881 2959 1010 3021 mi:
1057 2967 1124 3020 et
1186 2957 1444 3038 suscipe
1502 2957 1704 3021 verba

510 3069 696 3111 mea:
745 3057 818 3111 ut
850 3046 1371 3129 multiplicentur
1399 3044 1521 3109 tibi
1547 3046 1703 3108 anni

506 3137 659 3200 vite.

690 3225 818 3288 iam
852 3223 1178 3306 sapientie
1208 3222 1594 3286 monstrabo
1624 3224 1706 3286 ti-

688 3314 797 3378 bi:
844 3313 1084 3376 ducam
1134 3321 1202 3375 te
1263 3331 1381 3394 per
1437 3311 1708 3374 semitas

509 3403 861 3485 equitatis:
931 3421 1097 3485 quas
1151 3419 1301 3464 cum
1374 3401 1706 3481 ingressus

509 3493 705 3555 fueris
776 3510 908 3553 non
993 3489 1384 3553 artabuntur
1440 3508 1705 3570 gressus

506 3582 647 3644 tui:
695 3589 763 3644 et
794 3599 1058 3642 currens
1100 3598 1232 3642 non
1281 3575 1557 3640 habebis
1604 3577 1704 3639 of-

507 3669 928 3733 fendiculum.
1040 3668 1231 3730 Tene
1281 3665 1702 3747 disciplinam

509 3779 589 3820 ne
622 3758 920 3821 dimittas
952 3776 1100 3819 eam
1127 3778 1140 3819 :
1189 3754 1447 3818 custodi
1482 3753 1702 3817 illam:

506 3847 705 3928 quia⁴
740 3847 887 3929 ipsa
916 3853 1018 3908 est
1046 3845 1185 3906 vita
1217 3852 1347 3906 tua.
1395 3842 1613 3905 Lectio
1644 3863 1702 3907 v.

504 3936 685 4064 Ν
680 3955 716 3996 e
730 3935 993 3998 secteris
1005 3931 1301 3996 semitas-3⁵
1315 3931 1401 3993 im
1410 3931 1667 4013 piorum
1686 3953 1702 3994 :

678 4043 798 4085 nec
858 4021 978 4084 tibi
1054 4019 1317 4104 placeat
1380 4018 1702 4083 malorum

502 4111 623 4175 via.
743 4111 1084 4192 Justorum
1166 4118 1389 4173 autem
1468 4109 1706 4172 semita

672 4271 685 4301 ¹
721 4285 813 4334 pro
842 4269 1129 4318 ‘ne'non:
1167 4268 1233 4319 N.

668 4339 690 4367 '²
722 4352 813 4401 pro
841 4340 855 4364 ⁴
875 4335 962 4385 lib.
991 4335 1067 4384 te’
1093 4334 1405 4384 conservabit
1432 4353 1444 4384 :
1481 4333 1547 4382 N.

670 4403 691 4434 ⁸
730 4402 832 4451 ‘et'
858 4418 957 4451 om.
988 4419 1001 4451 :
1037 4401 1103 4450 N.

671 4473 689 4501 ⁴
729 4469 902 4534 ‘quia'
929 4483 1027 4518 om.
1058 4484 1070 4516 :
1106 4466 1264 4517 N.w.

2321 377 2482 433 580

1807 481 1996 563 quasi
2029 480 2148 545 lux
2179 481 2536 565 splendens
2567 484 2866 566 procedit
2895 506 2911 547 :
2945 494 3026 549 et

1808 570 2040 633 crescit
2059 590 2269 653 usque
2297 572 2386 635 ad
2417 571 2776 655 perfectam
2809 572 3019 638 diem.

1808 657 1938 721 Via
1958 659 2312 741 impiorum
2331 660 2685 724 tenebrosa
2707 662 3022 725 nesciunt

1813 747 1925 811 ubi
1967 757 2292 811 corruant.
2373 748 2495 812 Fili
2559 750 2649 811 mi
2710 750 3020 813 ausculta

1809 855 2146 898 sermones
2193 854 2416 901 meos:
2490 846 2558 900 et
2599 837 2686 899 ad
2745 837 3020 920 eloquia

1809 943 1960 987 mea
1989 923 2234 988 inclina
2263 945 2486 989 aurem
2519 934 2722 989 tuam.
2755 926 2894 989 Lec.
2919 928 3018 1008 τό.

1947 1013 2081 1075 mni
2113 1013 2412 1077 custodia
2435 1033 2622 1077 serva
2645 1034 2758 1078 cor
2776 1024 2970 1077 tuum
3001 1038 3020 1079 :

1944 1100 2102 1182 quia
2153 1122 2242 1164 ex
2303 1102 2448 1184 ipso
2507 1104 2644 1165 vita
2693 1103 3019 1185 procedit.

1813 1188 2111 1251 Remove
2141 1209 2182 1251 a
2232 1199 2300 1252 te
2350 1211 2425 1253 os
2455 1210 2732 1273 pravum
2779 1201 2846 1254 et
2893 1190 3022 1253 de-

1811 1276 2139 1340 trahentia
2170 1277 2346 1341 labia
2405 1281 2536 1342 sint
2568 1279 2796 1361 procul
2847 1300 2890 1341 a
2920 1288 3018 1344 te.

1813 1364 2006 1429 Oculi
2039 1366 2135 1429 tui
2169 1375 2346 1429 recta
2393 1368 2707 1431 videant:
2754 1376 2822 1430 et
2861 1367 3020 1450 pal-

1810 1453 2011 1535 pebre
2099 1462 2214 1517 tue
2301 1456 2660 1538 precedant
2747 1476 3020 1537 gressus

1809 1550 1976 1606 tuos‚
2071 1542 2302 1625 Dirige
2362 1544 2668 1607 semitam
2721 1544 3016 1625 pedibus

1809 1629 1942 1693 tuis
1968 1652 1982 1694 :
2027 1640 2097 1693 et
2128 1652 2359 1694 omnes
2390 1632 2492 1695 vie
2521 1642 2636 1696 tue
2669 1632 3016 1696 stabilien-

1809 1716 1962 1782 tur.⁸
2055 1718 2162 1782 Ne
2210 1719 2503 1784 declines
2533 1721 2618 1784 ad
2651 1721 3013 1785 dexteram

1810 1827 2026 1889 neque
2083 1808 2170 1871 ad
2218 1806 2587 1873 sinistram:
2633 1818 2855 1873 averte
2897 1830 3019 1892 pe-

1809 1896 1964 1959 dem
1997 1905 2184 1959 tuum
2217 1917 2258 1959 a
2290 1895 2481 1961 malo,
2527 1907 2632 1959 etc.

1811 1989 1876 2063 (Ι
1921 1984 2268 2048 Dominica
2299 1986 2505 2049 tertia.
2725 1985 2940 2049 Lectio
2948 1987 3019 2068 j.

1809 2075 1960 2204 F
1987 2072 2054 2135 ili
2081 2074 2171 2135 mi
2203 2074 2460 2137 custodi
2493 2094 2834 2137 sermones
2865 2094 3014 2137 me·-

1985 2181 2101 2226 os:
2148 2170 2216 2224 et
2247 2172 2560 2244 precepta
2601 2182 2750 2225 mea
2781 2182 3016 2226 recon-

1811 2249 1893 2312 de
1925 2250 2062 2313 tibi.
2112 2249 2237 2313 Fili
2263 2252 2350 2313 mi
2377 2249 2628 2314 honora
2661 2251 3014 2315 dominum

1811 2346 1880 2402 et
1910 2338 2162 2401 valebis
2190 2360 2204 2401 :
2252 2348 2470 2421 preter
2499 2359 2652 2403 eum
2682 2359 2839 2402 vero
2871 2360 3010 2403 non

1811 2428 2126 2507 quesieris
2157 2425 2463 2492 alienum.
2561 2427 2762 2493 Serva
2818 2448 3012 2491 man-

1811 2516 1971 2578 data
2004 2535 2152 2578 mea
2177 2524 2244 2579 et
2261 2516 2443 2580 vives
2470 2537 2485 2581 :
2532 2526 2600 2580 et
2633 2515 2846 2598 legem
2870 2537 3012 2580 me—

1811 2624 1920 2666 am
1951 2605 2140 2685 quasi
2173 2604 2493 2687 pupillam
2525 2605 2695 2670 oculi
2729 2607 2843 2669 tui.
2892 2607 3010 2669 Li-

1807 2713 1897 2774 ga
1953 2712 2102 2755 eam
2163 2695 2229 2755 in
2289 2694 2514 2776 digitis
2576 2696 2706 2757 tuis
2735 2715 2749 2758 :
2795 2694 3011 2757 scribe

1808 2781 1986 2844 illam
2020 2783 2084 2845 in
2131 2781 2376 2844 tabulis
2428 2783 2644 2846 cordis
2691 2783 2806 2846 tui.
2897 2783 3008 2846 Tu

1807 2879 2051 2933 autem.
2686 2870 2905 2934 Lectio
2937 2871 3006 2952 ij.

1803 2960 2018 3089 Dic
2043 2958 2365 3040 sapientie
2389 2979 2573 3022 soror
2603 2980 2752 3022 mea
2781 2979 2890 3022 es:
2938 2969 3010 3022 et

1959 3047 2375 3128 prudentiam
2469 3068 2631 3111 voca
2721 3047 3008 3111 amicam

1805 3144 2030 3199 tuam:
2079 3145 2152 3199 ut
2183 3137 2513 3199 custodiat
2543 3146 2610 3199 te
2656 3157 2697 3199 a
2735 3135 3008 3199 muliere

1808 3234 2126 3287 extranea
2171 3233 2239 3287 et
2283 3224 2368 3287 ab
2401 3225 2616 3289 aliena
2646 3245 2776 3307 que
2806 3227 3011 3288 verba

1807 3333 1928 3376 sua
1986 3312 2208 3376 dulcia
2268 3313 2441 3377 facit.
2552 3313 2657 3377 De
2717 3313 3009 3376 fenestra

1807 3401 1988 3464 enim
2037 3402 2273 3464 domus
2320 3422 2466 3465 mee
2512 3422 2630 3484 per
2677 3400 3005 3465 cancellos

1805 3489 2116 3572 prospexi
2141 3487 2165 3526 ⁷
2193 3511 2207 3553 :
2298 3499 2366 3553 et
2409 3490 2606 3553 video
2680 3489 3006 3572 parvulos

1807 3577 2172 3642 Considero
2185 3579 2535 3642 vecordem
2553 3579 2865 3660 juvenem
2887 3581 3002 3660 qui

1804 3668 2043 3730 transit
2062 3687 2180 3749 per
2198 3667 2454 3749 plateas
2472 3667 2670 3749 juxta
2683 3666 3000 3749 angulum

1803 3763 1871 3817 et
1901 3775 2108 3838 prope
2138 3757 2312 3818 viam
2362 3758 2602 3819 domus
2633 3753 2805 3819 illius
2853 3775 3002 3836 gra-

1803 3842 1981 3906 ditur
2011 3845 2077 3907 in
2109 3844 2388 3907 obscuro
2413 3846 3004 3926 advesperascente

1803 3931 1913 3996 die
1937 3933 2002 3995 in
2037 3933 2248 3996 noctis
2279 3932 2570 3996 tenebris
2602 3943 2668 3996 et
2700 3933 3000 4014 caligine.

1803 4021 1982 4152 Et
2007 4041 2158 4085 ecce
2189 4022 2424 4085 mulier
2451 4041 2676 4084 occur·
2721 4019 2887 4104 [Lec.
2903 4021 3003 4102 iij.

1956 4110 2036 4173 rit
2096 4110 2189 4173 illi
2239 4111 2304 4173 in
2350 4119 2586 4174 ornatu
2636 4110 3007 4172 meretricio

1805 4334 1856 4382 N
1883 4271 1948 4382 GV
1957 4284 2047 4332 pro
2076 4273 2090 4297 ⁴
2109 4276 2228 4318 sect.
2257 4267 2402 4318 sem.’
2425 4268 2684 4318 delecteris
2707 4267 2758 4316 in
2781 4267 3003 4320 semitis:

1905 4403 1926 4431 ⁶
1952 4372 2269 4450 stabiliantur
2295 4419 2306 4450 :
2343 4401 2411 4452 N.

1903 4471 1920 4498 ⁷
1953 4468 2234 4532 prospexit:
2273 4467 2355 4516 W.
