3375 5100
1253 290 1350 343 ΙΝ
1393 288 1444 344 C
1441 290 1700 345 OMME
1706 290 1777 343 M
1778 290 1936 345 ΘΚΛ
1954 290 2209 345 TIONE

1007 398 1168 453 699

477 504 821 590 precellat:
845 505 944 569 et¹
969 504 1424 587 magisterium
1445 514 1671 570 tamen

477 594 656 678 pauli
687 594 842 658 fidei
874 592 1221 677 plenitudo
1253 602 1390 658 est:
1435 604 1505 657 et
1533 614 1672 657 cre-

476 682 718 747 dulitas
749 684 918 767 petri
959 684 1260 747 doctrine
1305 692 1406 745 est
1435 682 1670 746 funda-

477 782 796 835 mentum.
858 771 1286 853 Responsoria
1329 771 1412 833 de
1443 771 1672 853 prima

476 870 540 923 et
591 858 867 923 secunda
934 858 1146 923 turbis
1217 859 1299 923 de
1351 860 1677 923 communi

475 948 902 1031 apostolorum
927 948 1306 1011 alternatim
1334 950 1625 1030 sumptis.

487 1038 799 1204 Quanti
845 1037 1046 1119 igitur
1077 1035 1291 1101 meriti
1327 1036 1571 1120 [Lectio
1602 1037 1670 1119 ij.

613 1126 792 1209 apud
813 1126 1012 1187 deum
1033 1145 1226 1188 suum
1251 1136 1478 1208 petrus
1497 1133 1670 1189 erat:

478 1223 552 1277 ut
583 1214 642 1277 ei
691 1222 844 1297 post
889 1212 1189 1277 navicule
1235 1234 1434 1296 parve
1481 1215 1674 1277 remi-

475 1303 704 1383 gium:
771 1301 977 1365 totius
1025 1302 1300 1366 ecclesie
1347 1302 1673 1385 guberna-

476 1389 625 1453 cula
655 1388 1117 1454 traderentur?
1169 1388 1316 1453 Aut
1346 1402 1672 1473 quantum

479 1480 544 1541 in
557 1479 970 1561 apostolatus
989 1478 1088 1541 sui
1109 1478 1474 1543 ministerio
1493 1499 1672 1543 com·

478 1567 800 1649 placuisse
833 1566 1100 1631 Christo
1144 1566 1469 1631 credimus
1509 1588 1672 1650 pau·

477 1654 655 1719 lum:
701 1656 814 1738 qui
861 1664 1124 1719 tantum
1157 1656 1416 1738 placere
1454 1658 1672 1740 potuit

477 1754 869 1826 persecutor.
963 1743 1217 1808 Placuit
1245 1745 1468 1809 enim:
1515 1746 1672 1827 quia

477 1852 612 1896 non
654 1833 860 1915 iniqui
907 1833 1191 1915 pectoris
1243 1834 1504 1897 studio:
1551 1834 1670 1897 sed

475 1921 792 2005 simplicis
836 1921 1212 2003 ignorantie
1259 1920 1528 1985 incauta
1556 1922 1670 1985 de-

476 2010 744 2074 votione
803 2009 1120 2074 certabat.
1231 2010 1537 2093 Denique
1598 2020 1672 2074 ut

475 2100 763 2180 primum
825 2098 1127 2162 sensibus
1199 2098 1344 2179 ejus
1404 2100 1671 2181 spiritus

473 2188 769 2251 veritatis
831 2186 1084 2250 infusus
1153 2196 1303 2251 est:
1379 2188 1672 2251 ostendit

473 2276 791 2339 continuo
841 2295 971 2338 non
1017 2296 1089 2339 se
1137 2274 1379 2339 Christi
1427 2277 1673 2340 sevisse

473 2365 668 2427 odio:
733 2364 851 2427 sed
906 2383 1130 2427 amore
1183 2375 1458 2446 paterne
1506 2364 1670 2447 legis

474 2453 862 2516 innocenter
890 2472 1156 2517 errasse.
1322 2453 1541 2516 Lectio
1572 2453 1669 2536 iij.

484 2540 724 2708 Quid
771 2541 972 2604 etiam
1005 2541 1092 2605 de
1127 2549 1318 2624 petro
1349 2541 1624 2606 referam
1654 2564 1669 2608 ε

609 2628 796 2710 cujus
842 2638 1103 2692 tantum
1145 2651 1186 2694 a
1231 2631 1359 2694 deo
1407 2641 1508 2695 est
1551 2653 1670 2715 ap-

472 2717 755 2800 probata
815 2717 1129 2799 justicia:
1227 2727 1550 2802 tantaque
1609 2720 1670 2784 ei

471 2815 772 2888 potestas
819 2806 1136 2869 attributa
1180 2816 1282 2872 est
1327 2806 1672 2889 judicandi

474 2903 548 2956 ut
580 2895 644 2956 in
683 2892 950 2956 arbitrio
997 2894 1138 2975 ejus
1183 2907 1538 2978 poneretur
1565 2918 1672 2960 ce-

473 2981 640 3044 leste
665 2981 987 3063 judicium
1017 2983 1040 3044 ?
1121 2983 1481 3066 Prospicite
1511 3006 1671 3068 ergo

475 3079 542 3134 et
575 3072 882 3134 estimate
913 3080 1166 3152 quanto
1208 3072 1400 3136 nobis
1439 3076 1526 3138 sit
1555 3095 1672 3158 pe-

473 3171 614 3223 trus
673 3158 1017 3242 apostolus
1069 3159 1318 3224 honore
1373 3183 1670 3226 reveren-

473 3249 642 3312 dus:
688 3249 876 3331 cujus
923 3251 1322 3313 sententiam
1370 3251 1436 3314 in
1483 3253 1671 3315 terris

474 3337 800 3420 prolatam
839 3358 853 3401 :
951 3339 1336 3420 sempiterni
1428 3340 1670 3422 judicis

473 3427 734 3507 equitas
797 3446 929 3489 non
994 3426 1285 3509 repellat.
1381 3429 1472 3493 Et
1521 3430 1670 3493 ideo

473 3515 827 3596 diligenter
887 3535 1016 3596 que
1090 3515 1178 3580 sit
1247 3516 1388 3597 ejus
1461 3517 1670 3600 glorie

474 3604 868 3685 magnitudo
892 3605 1303 3670 intueamur:
1337 3607 1439 3669 cui
1459 3607 1484 3644 ²
1507 3607 1668 3670 dum

471 3693 690 3756 claves
735 3693 918 3774 regni
963 3695 1472 3758 committuntur
1501 3706 1670 3759 eter-

473 3783 537 3844 ni
559 3781 621 3844 ³:
658 3782 873 3846 celum
894 3783 917 3818 ⁴
952 3781 1042 3845 illi
1075 3782 1382 3846 claudere
1414 3794 1482 3849 et
1514 3805 1672 3867 ape-

471 3871 594 3932 rire
626 3871 1018 3951 permissum
1051 3881 1166 3934 est.

468 3959 638 4020 Item
671 3959 742 4020 in
771 3961 1362 4022 commemoratione
1375 3961 1400 3997 ⁵
1429 3973 1670 4042 aposto-

470 4046 700 4109 lorum.
767 4046 995 4110 Sermo
1026 4059 1102 4110 ut
1126 4060 1340 4130 supra.
1452 4049 1594 4113 Lea
1606 4052 1668 4133 j.

469 4135 1104 4266 Beatissimorum
1212 4139 1668 4221 apostolorum

617 4226 935 4287 memoria
981 4224 1213 4289 fratres
1265 4229 1518 4291 cunctis
1569 4239 1670 4292 est

574 4369 587 4398 ¹
633 4370 741 4419 ‘et’
765 4387 862 4420 om.
893 4391 904 4422 :
941 4373 1072 4424 E.G.

578 4439 596 4468 ⁴
632 4453 722 4501 pro
751 4442 765 4464 ‘
785 4438 944 4487 celum
965 4441 978 4462 '
1003 4456 1117 4490 cum
1143 4457 1154 4492 :
1191 4442 1383 4493 E.G.S.

581 4505 599 4531 ⁷
633 4515 957 4555 convertens:
997 4508 1058 4557 R.

1546 4377 1567 4406 ²
1605 4375 1748 4425 ‘cui'
1772 4392 1900 4426 om.:
1937 4377 2150 4428 E.G.S.

1543 4444 1563 4472 ⁵
1596 4443 1851 4491 communi
1861 4461 1881 4492 .·
1918 4445 1983 4492 E.

1545 4512 1563 4538 ¹
1597 4510 1873 4564 sustantia:
1909 4511 1967 4559 E.

2282 400 2440 454 700

1772 504 2164 571 honoranda
2238 504 2665 569 credentibus
2700 526 2716 567 :
2812 526 2995 587 quos

1772 616 1895 678 pro
1934 595 2199 677 justicie
2242 594 2643 678 pietatisque
2688 593 2998 675 plenitu-

1772 683 1930 747 dine
2004 683 2293 747 salvator
2366 682 2599 745 mundi
2676 681 2997 745 humano

1772 773 1997 853 generi
2059 782 2129 837 et
2176 781 2397 855 patres
2458 791 2603 833 esse
2662 770 2869 833 dedit
2926 780 2999 835 et

1766 862 2039 943 judices,
2132 859 2403 943 Quante
2446 868 2673 923 autem
2706 860 2999 941 integri-

1774 950 1933 1013 tatis
1960 970 1975 1013 :
2022 958 2353 1032 quanteve
2384 949 2651 1031 pietatis
2682 946 2952 1010 fuerint
2979 970 2997 1011 :

1772 1038 1927 1102 hinc
1976 1038 2083 1102 vel
2132 1038 2430 1101 maxime
2488 1036 2997 1119 providendum

1774 1136 1917 1191 est:
1964 1127 2143 1209 quod
2190 1126 2299 1189 ille
2348 1145 2463 1189 eos
2516 1124 2603 1188 ad
2656 1124 2998 1187 emenda-

1774 1216 2024 1278 tionem
2084 1214 2373 1297 corrupti
2434 1213 2686 1276 seculi:
2762 1222 2841 1276 et
2898 1214 2995 1277 ad

1775 1303 2211 1368 ministerium
2262 1322 2381 1365 sue
2432 1301 2797 1366 voluntatis
2850 1301 2997 1365 ele·

1772 1393 1872 1475 git
1900 1414 1914 1455 :
1962 1412 2161 1473 quem
2194 1410 2327 1453 non
2358 1390 2633 1453 fallebat
2664 1389 2935 1453 electio,

1940 1481 2159 1543 ocavit
2206 1499 2475 1562 nanque
2520 1498 2635 1560 pe-
2674 1476 2879 1561 [Lect.
2914 1478 2993 1561 ᾔ.

1910 1578 2085 1633 trum
2106 1568 2343 1651 opibus
2363 1586 2753 1650 pauperem:
2772 1587 2993 1649 opere

1775 1658 2201 1740 piscatorem:
2234 1656 2349 1739 qui
2374 1676 2415 1719 a
2431 1656 2991 1719 conversatione‘

1773 1746 2075 1827 populari
2108 1756 2175 1809 et
2206 1744 2675 1808 communione
2704 1744 2989 1807 urbium

1772 1843 2160 1918 segregatus
2218 1834 2427 1897 vitam
2500 1832 2673 1895 inter
2732 1832 2989 1896 fluctus

1772 1922 2017 2005 agebat
2064 1924 2419 1986 innocuam
2468 1930 2538 1985 et
2588 1922 2843 1984 victum
2896 1922 2989 1984 de

1772 2010 2201 2094 simplicitate
2284 2010 2624 2093 querebat.
2748 2008 2985 2091 Quem

1770 2110 1999 2164 tamen
2030 2110 2105 2165 ut
2136 2101 2227 2163 ita
2258 2099 2543 2163 dixerim
2577 2117 2985 2180 pauperem:

1773 2198 1845 2252 ut
1868 2198 2255 2272 competens
2272 2186 2297 2226 ⁷
2316 2188 2375 2251 ei
2408 2186 2819 2250 substantia⁸
2838 2207 2985 2251 non

1770 2277 2070 2342 deesset:
2125 2296 2325 2359 quem
2380 2276 2549 2338 bene
2602 2284 2981 2339 merentem

1770 2366 1855 2432 de
1886 2366 2015 2429 deo
2043 2366 2295 2447 copiosi
2342 2364 2543 2427 maris
2571 2364 2759 2427 dives
2792 2365 2983 2427 unda

1770 2454 2103 2537 pascebat.
2198 2454 2467 2517 Electus
2521 2472 2682 2534 ergo
2734 2461 2838 2516 est
2886 2453 2978 2516 ad

1769 2543 2295 2629 predicationem·
2312 2541 2492 2606 verbi
2522 2540 2867 2605 salutaris:
2904 2553 2983 2606 ut

1770 2641 2029 2700 mutata
2058 2633 2196 2696 vita
2224 2631 2483 2696 celestis
2515 2631 2835 2712 mysterio
2866 2651 2979 2694 ac-

1772 2722 1860 2785 ri:
1905 2721 2019 2804 qui
2056 2731 2334 2803 captura
2364 2719 2643 2802 piscium
2667 2717 2981 2783 alebatur

1770 2809 1985 2873 salute
2015 2810 2359 2873 hominum
2386 2817 2780 2890 pasceretur.
2828 2807 2977 2872 Loc.

1905 2898 2400 2962 loriosissimum
2422 2897 2625 2960 etiam
2651 2915 2817 2978 pau-
2836 2893 2978 2982 [iij.

1903 2988 2040 3050 lum
2101 2986 2187 3049 ad
2248 2985 2449 3049 fidem
2524 2985 2815 3048 nominis
2866 2985 2975 3049 sui

1774 3075 2075 3140 Christus
2103 3085 2301 3138 vocat
2330 3095 2367 3136 e
2399 3073 2559 3136 celo,
2622 3072 2755 3156 Qui
2786 3075 2976 3155 quod

1772 3164 2075 3248 persequi
2151 3162 2499 3226 videbatur
2569 3162 2976 3226 ecclesiam:

1771 3271 1905 3317 non
1959 3252 2303 3335 impietate
2364 3249 2704 3333 irreligiosi
2764 3251 2975 3314 animi

1772 3341 2068 3406 seviebat
2142 3341 2257 3404 sed
2346 3339 2523 3403 nube
2598 3339 2975 3421 ignorantie

1772 3450 2015 3494 novam
2062 3450 2195 3494 non
2233 3429 2641 3511 prospiciens
2682 3427 2973 3510 gratiam

1770 3539 1996 3582 amore
2044 3519 2315 3601 antique
2376 3516 2749 3580 devotionis
2798 3537 2977 3580 erra-

1773 3609 1904 3670 bat.
2007 3607 2172 3671 Ideo
2246 3605 2533 3690 denique
2609 3605 2696 3668 ab
2764 3604 2975 3668 oculis

1770 3695 1913 3778 ejus
1944 3696 2181 3759 veteris
2213 3694 2446 3757 umbre
2465 3692 2679 3775 caligo
2709 3692 2974 3757 detersa

1770 3795 1872 3848 est
1900 3806 1914 3848 :
1949 3783 2058 3846 ut⁹
2078 3804 2304 3847 verum
2340 3782 2500 3844 illud
2535 3781 2759 3844 lumen
2790 3782 2973 3864 quod

1772 3875 1855 3937 de
1906 3873 2257 3936 celestibus
2300 3870 2737 3934 choruscabat
2782 3881 2850 3934 et
2888 3871 2974 3932 si-

1773 3962 1838 4025 bi
1887 3963 2253 4044 acquireret
2302 3969 2369 4022 et
2423 3960 2733 4022 omnibus
2789 3979 2975 4023 reve·-

1773 4051 1952 4114 laret.

1769 4139 1817 4202 J
1816 4149 1939 4203 tem
1984 4140 2064 4202 de
2111 4136 2427 4220 apostolis.
2524 4135 2752 4200 Sermo
2806 4137 2980 4200 unde

1773 4239 1987 4310 supra.
2681 4225 2903 4288 Lectio
2910 4225 2975 4309 j.

2290 4371 2313 4405 ⁸
2347 4383 2549 4425 eterne:
2586 4375 2646 4423 E.

2295 4447 2315 4473 ⁸
2348 4441 2668 4490 conversione
2694 4459 2706 4490 ε
2744 4440 2868 4491 Ε.3.

2293 4514 2312 4540 ⁹
2354 4507 2592 4559 ‘ut'0m.
2632 4525 2643 4557 :
2679 4507 2801 4557 1⁴25.
