<?xml version="1.0" encoding="UTF-8"?>
<!DOCTYPE html PUBLIC "-//W3C//DTD XHTML 1.0 Transitional//EN"
    "http://www.w3.org/TR/xhtml1/DTD/xhtml1-transitional.dtd">
<html xmlns="http://www.w3.org/1999/xhtml" xml:lang="en" lang="en">
 <head>
  <title>
</title>
<meta http-equiv="Content-Type" content="text/html;charset=utf-8" />
  <meta name='ocr-system' content='tesseract 3.04.00' />
  <meta name='ocr-capabilities' content='ocr_page ocr_carea ocr_par ocr_line ocrx_word'/>
</head>
<body>
  <div class='ocr_page' id='page_1' title='image "./publicationssur05unkngoog_0141.png"; bbox 0 0 3375 5100; ppageno 0'>
   <div class='ocr_carea' id='block_1_1' title="bbox 1330 335 2209 393">
    <p class='ocr_par' dir='ltr' id='par_1_1' title="bbox 1330 335 2209 393">
     <span class='ocr_line' id='line_1_1' title="bbox 1330 335 2209 393; baseline 0 -3"><span class='ocrx_word' id='word_1_1' title='bbox 1330 335 1686 390; x_wconf 85' lang='lat' dir='ltr'><em>RUBRICA</em></span> <span class='ocrx_word' id='word_1_2' title='bbox 1743 335 1862 393; x_wconf 87' lang='lat' dir='ltr'><strong>DE</strong></span> <span class='ocrx_word' id='word_1_3' title='bbox 1915 337 2130 390; x_wconf 79' lang='lat' dir='ltr'><em>FEST</em></span> <span class='ocrx_word' id='word_1_4' title='bbox 2129 337 2209 390; x_wconf 85' lang='lat' dir='ltr'><strong>IS</strong></span> 
     </span>
    </p>
   </div>
   <div class='ocr_carea' id='block_1_2' title="bbox 1076 443 1223 497">
    <p class='ocr_par' dir='ltr' id='par_1_2' title="bbox 1076 443 1223 497">
     <span class='ocr_line' id='line_1_2' title="bbox 1076 443 1223 497; baseline 0.007 -1"><span class='ocrx_word' id='word_1_5' title='bbox 1076 443 1223 497; x_wconf 77' lang='lat'><strong>227</strong></span> 
     </span>
    </p>
   </div>
   <div class='ocr_carea' id='block_1_3' title="bbox 454 550 1738 4076">
    <p class='ocr_par' dir='ltr' id='par_1_3' title="bbox 454 550 1738 4076">
     <span class='ocr_line' id='line_1_3' title="bbox 535 550 1730 634; baseline -0.001 -19"><span class='ocrx_word' id='word_1_6' title='bbox 535 573 669 634; x_wconf 88' lang='lat' dir='ltr'><strong>quo</strong></span> <span class='ocrx_word' id='word_1_7' title='bbox 718 569 950 614; x_wconf 89' lang='lat' dir='ltr'><strong>omnes</strong></span> <span class='ocrx_word' id='word_1_8' title='bbox 992 550 1176 632; x_wconf 88' lang='lat' dir='ltr'><strong>judei</strong></span> <span class='ocrx_word' id='word_1_9' title='bbox 1212 550 1730 614; x_wconf 88' lang='lat' dir='ltr'><strong>consueverant.¹</strong></span> 
     </span>
     <span class='ocr_line' id='line_1_4' title="bbox 536 639 1735 721; baseline -0.003 -15"><span class='ocrx_word' id='word_1_10' title='bbox 536 641 671 706; x_wconf 89' lang='lat' dir='ltr'><strong>Sed</strong></span> <span class='ocrx_word' id='word_1_11' title='bbox 704 639 790 703; x_wconf 92' lang='lat' dir='ltr'><strong>ad</strong></span> <span class='ocrx_word' id='word_1_12' title='bbox 822 639 1091 702; x_wconf 90' lang='lat' dir='ltr'><strong>celestia</strong></span> <span class='ocrx_word' id='word_1_13' title='bbox 1132 659 1540 721; x_wconf 83' lang='lat' dir='ltr'>regressurus</span> <span class='ocrx_word' id='word_1_14' title='bbox 1570 661 1583 704; x_wconf 93' lang='lat'><strong>:</strong></span> <span class='ocrx_word' id='word_1_15' title='bbox 1630 639 1735 702; x_wconf 87' lang='lat' dir='ltr'><strong>his</strong></span> 
     </span>
     <span class='ocr_line' id='line_1_5' title="bbox 534 728 1734 812; baseline -0.003 -19"><span class='ocrx_word' id='word_1_16' title='bbox 534 730 647 812; x_wconf 90' lang='lat' dir='ltr'><strong>qui</strong></span> <span class='ocrx_word' id='word_1_17' title='bbox 679 728 766 792; x_wconf 89' lang='lat' dir='ltr'><strong>ab</strong></span> <span class='ocrx_word' id='word_1_18' title='bbox 798 728 987 791; x_wconf 90' lang='lat' dir='ltr'><strong>initio</strong></span> <span class='ocrx_word' id='word_1_19' title='bbox 1038 729 1253 810; x_wconf 90' lang='lat' dir='ltr'><strong>ipsum</strong></span> <span class='ocrx_word' id='word_1_20' title='bbox 1310 729 1615 792; x_wconf 88' lang='lat' dir='ltr'><strong>viderunt</strong></span> <span class='ocrx_word' id='word_1_21' title='bbox 1664 736 1734 790; x_wconf 91' lang='lat' dir='ltr'><strong>et</strong></span> 
     </span>
     <span class='ocr_line' id='line_1_6' title="bbox 536 817 1734 881; baseline -0.003 0"><span class='ocrx_word' id='word_1_22' title='bbox 536 817 814 881; x_wconf 89' lang='lat' dir='ltr'><strong>ministri</strong></span> <span class='ocrx_word' id='word_1_23' title='bbox 846 817 1111 880; x_wconf 80' lang='lat' dir='ltr'><strong>fuerunt</strong></span> <span class='ocrx_word' id='word_1_24' title='bbox 1134 817 1493 879; x_wconf 89' lang='lat' dir='ltr'><strong>sermonis:</strong></span> <span class='ocrx_word' id='word_1_25' title='bbox 1536 836 1734 879; x_wconf 90' lang='lat' dir='ltr'><strong>evan-</strong></span> 
     </span>
     <span class='ocr_line' id='line_1_7' title="bbox 533 904 1735 988; baseline -0.003 -19"><span class='ocrx_word' id='word_1_26' title='bbox 533 905 865 988; x_wconf 89' lang='lat' dir='ltr'><strong>gelizandi</strong></span> <span class='ocrx_word' id='word_1_27' title='bbox 927 905 1216 968; x_wconf 86' lang='lat' dir='ltr'><strong>officium</strong></span> <span class='ocrx_word' id='word_1_28' title='bbox 1266 904 1557 967; x_wconf 85' lang='lat' dir='ltr'>tradidit.</span> <span class='ocrx_word' id='word_1_29' title='bbox 1648 904 1735 966; x_wconf 82' lang='lat' dir='ltr'><strong>In</strong></span> 
     </span>
     <span class='ocr_line' id='line_1_8' title="bbox 533 992 1734 1075; baseline -0.002 -18"><span class='ocrx_word' id='word_1_30' title='bbox 533 1015 789 1075; x_wconf 81' lang='lat' dir='ltr'><em>evange.</em></span> <span class='ocrx_word' id='word_1_31' title='bbox 851 1002 957 1056; x_wconf 74' lang='grc' dir='ltr'><strong>αῆ.</strong></span> <span class='ocrx_word' id='word_1_32' title='bbox 1034 993 1124 1056; x_wconf 88' lang='lat' dir='ltr'><strong>Et</strong></span> <span class='ocrx_word' id='word_1_33' title='bbox 1182 1012 1333 1056; x_wconf 90' lang='lat' dir='ltr'><strong>cum</strong></span> <span class='ocrx_word' id='word_1_34' title='bbox 1396 992 1734 1073; x_wconf 79' lang='lat' dir='ltr'><strong>plicuisset</strong></span> 
     </span>
     <span class='ocr_line' id='line_1_9' title="bbox 534 1080 1735 1163; baseline -0.003 -17"><span class='ocrx_word' id='word_1_35' title='bbox 534 1083 729 1163; x_wconf 89' lang='lat' dir='ltr'><strong>Jesus</strong></span> <span class='ocrx_word' id='word_1_36' title='bbox 762 1082 999 1145; x_wconf 89' lang='lat' dir='ltr'><strong>librum</strong></span> <span class='ocrx_word' id='word_1_37' title='bbox 1028 1080 1315 1143; x_wconf 87' lang='lat' dir='ltr'><strong>reddidit</strong></span> <span class='ocrx_word' id='word_1_38' title='bbox 1340 1080 1641 1142; x_wconf 88' lang='lat' dir='ltr'><strong>ministro</strong></span> <span class='ocrx_word' id='word_1_39' title='bbox 1665 1088 1735 1143; x_wconf 88' lang='lat' dir='ltr'><strong>et</strong></span> 
     </span>
     <span class='ocr_line' id='line_1_10' title="bbox 534 1170 1734 1250; baseline -0.001 -19"><span class='ocrx_word' id='word_1_40' title='bbox 534 1171 744 1233; x_wconf 88' lang='lat' dir='ltr'><strong>sedit:</strong></span> <span class='ocrx_word' id='word_1_41' title='bbox 792 1179 859 1232; x_wconf 90' lang='lat' dir='ltr'><strong>et</strong></span> <span class='ocrx_word' id='word_1_42' title='bbox 912 1170 1211 1232; x_wconf 90' lang='lat' dir='ltr'><strong>omnium</strong></span> <span class='ocrx_word' id='word_1_43' title='bbox 1268 1170 1331 1230; x_wconf 89' lang='lat' dir='ltr'><strong>in</strong></span> <span class='ocrx_word' id='word_1_44' title='bbox 1387 1187 1734 1250; x_wconf 88' lang='lat' dir='ltr'><strong>synagoga</strong></span> 
     </span>
     <span class='ocr_line' id='line_1_11' title="bbox 534 1257 1731 1322; baseline -0.003 -1"><span class='ocrx_word' id='word_1_45' title='bbox 534 1259 705 1322; x_wconf 91' lang='lat' dir='ltr'><strong>oculi</strong></span> <span class='ocrx_word' id='word_1_46' title='bbox 740 1258 925 1321; x_wconf 79' lang='lat' dir='ltr'><strong>erat²</strong></span> <span class='ocrx_word' id='word_1_47' title='bbox 970 1257 1391 1321; x_wconf 89' lang='lat' dir='ltr'><strong>intendentes</strong></span> <span class='ocrx_word' id='word_1_48' title='bbox 1440 1257 1506 1318; x_wconf 89' lang='lat' dir='ltr'><strong>in</strong></span> <span class='ocrx_word' id='word_1_49' title='bbox 1560 1276 1731 1319; x_wconf 90' lang='lat' dir='ltr'><strong>eum.</strong></span> 
     </span>
     <span class='ocr_line' id='line_1_12' title="bbox 518 1343 1733 1428; baseline -0.004 -18"><span class='ocrx_word' id='word_1_50' title='bbox 518 1356 617 1428; x_wconf 61' lang='lat' dir='ltr'><strong>pf.</strong></span> <span class='ocrx_word' id='word_1_51' title='bbox 654 1346 1072 1410; x_wconf 79' lang='lat' dir='ltr'><strong>Benedictus,</strong></span> <span class='ocrx_word' id='word_1_52' title='bbox 1154 1344 1375 1409; x_wconf 80' lang='lat' dir='ltr'><strong>Cetera</strong></span> <span class='ocrx_word' id='word_1_53' title='bbox 1402 1343 1499 1406; x_wconf 88' lang='lat' dir='ltr'><strong>ad</strong></span> <span class='ocrx_word' id='word_1_54' title='bbox 1522 1354 1733 1407; x_wconf 86' lang='lat' dir='ltr'><strong>matu-</strong></span> 
     </span>
     <span class='ocr_line' id='line_1_13' title="bbox 532 1432 1734 1513; baseline -0.002 -16"><span class='ocrx_word' id='word_1_55' title='bbox 532 1436 712 1497; x_wconf 86' lang='lat' dir='ltr'><strong>tinas</strong></span> <span class='ocrx_word' id='word_1_56' title='bbox 740 1443 803 1496; x_wconf 91' lang='lat' dir='ltr'><strong>et</strong></span> <span class='ocrx_word' id='word_1_57' title='bbox 829 1434 1024 1496; x_wconf 80' lang='lat' dir='ltr'><strong>horas</strong></span> <span class='ocrx_word' id='word_1_58' title='bbox 1050 1442 1126 1495; x_wconf 87' lang='lat' dir='ltr'><strong>ut</strong></span> <span class='ocrx_word' id='word_1_59' title='bbox 1169 1433 1239 1494; x_wconf 82' lang='lat' dir='ltr'><strong>in</strong></span> <span class='ocrx_word' id='word_1_60' title='bbox 1272 1432 1499 1513; x_wconf 82' lang='lat' dir='ltr'><strong>prima</strong></span> <span class='ocrx_word' id='word_1_61' title='bbox 1528 1432 1734 1494; x_wconf 81' lang='lat' dir='ltr'><strong>domi-</strong></span> 
     </span>
     <span class='ocr_line' id='line_1_14' title="bbox 532 1520 1736 1597; baseline -0.003 -11"><span class='ocrx_word' id='word_1_62' title='bbox 532 1523 679 1586; x_wconf 85' lang='lat' dir='ltr'><strong>nica</strong></span> <span class='ocrx_word' id='word_1_63' title='bbox 706 1543 849 1586; x_wconf 87' lang='lat' dir='ltr'><strong>cum</strong></span> <span class='ocrx_word' id='word_1_64' title='bbox 878 1521 1177 1597; x_wconf 79' lang='lat' dir='ltr'><strong>oratione.</strong></span> <span class='ocrx_word' id='word_1_65' title='bbox 1244 1520 1597 1583; x_wconf 85' lang='lat' dir='ltr'><strong>Familiam</strong></span> <span class='ocrx_word' id='word_1_66' title='bbox 1631 1529 1736 1583; x_wconf 90' lang='lat' dir='ltr'><strong>tu-</strong></span> 
     </span>
     <span class='ocr_line' id='line_1_15' title="bbox 532 1608 1738 1690; baseline -0.005 -15"><span class='ocrx_word' id='word_1_67' title='bbox 532 1631 660 1675; x_wconf 90' lang='lat' dir='ltr'><strong>am.</strong></span> <span class='ocrx_word' id='word_1_68' title='bbox 753 1609 875 1673; x_wconf 81' lang='lat' dir='ltr'><strong>Ad</strong></span> <span class='ocrx_word' id='word_1_69' title='bbox 899 1621 1202 1690; x_wconf 85' lang='lat' dir='ltr'><strong>vesperas.</strong></span> <span class='ocrx_word' id='word_1_70' title='bbox 1294 1609 1379 1670; x_wconf 86' lang='lat' dir='ltr'><strong>In</strong></span> <span class='ocrx_word' id='word_1_71' title='bbox 1408 1608 1738 1688; x_wconf 83' lang='lat' dir='ltr'><strong>evangelio</strong></span> 
     </span>
     <span class='ocr_line' id='line_1_16' title="bbox 536 1697 1736 1781; baseline -0.003 -17"><span class='ocrx_word' id='word_1_72' title='bbox 536 1708 643 1765; x_wconf 79' lang='grc' dir='ltr'><strong>αῆ.</strong></span> <span class='ocrx_word' id='word_1_73' title='bbox 694 1699 891 1781; x_wconf 90' lang='lat' dir='ltr'><strong>Cepit</strong></span> <span class='ocrx_word' id='word_1_74' title='bbox 943 1698 1137 1780; x_wconf 90' lang='lat' dir='ltr'><strong>Jesus</strong></span> <span class='ocrx_word' id='word_1_75' title='bbox 1184 1698 1403 1760; x_wconf 87' lang='lat' dir='ltr'><strong>dicere</strong></span> <span class='ocrx_word' id='word_1_76' title='bbox 1450 1698 1537 1760; x_wconf 91' lang='lat' dir='ltr'><strong>ad</strong></span> <span class='ocrx_word' id='word_1_77' title='bbox 1589 1697 1736 1760; x_wconf 92' lang='lat' dir='ltr'><strong>illos</strong></span> 
     </span>
     <span class='ocr_line' id='line_1_17' title="bbox 534 1783 1734 1870; baseline -0.004 -18"><span class='ocrx_word' id='word_1_78' title='bbox 534 1790 692 1870; x_wconf 89' lang='lat' dir='ltr'><strong>quia</strong></span> <span class='ocrx_word' id='word_1_79' title='bbox 723 1787 923 1851; x_wconf 91' lang='lat' dir='ltr'><strong>hodie</strong></span> <span class='ocrx_word' id='word_1_80' title='bbox 954 1785 1232 1868; x_wconf 90' lang='lat' dir='ltr'><strong>impleta</strong></span> <span class='ocrx_word' id='word_1_81' title='bbox 1254 1794 1353 1848; x_wconf 87' lang='lat' dir='ltr'><strong>est</strong></span> <span class='ocrx_word' id='word_1_82' title='bbox 1379 1783 1501 1848; x_wconf 90' lang='lat' dir='ltr'><strong>hec</strong></span> <span class='ocrx_word' id='word_1_83' title='bbox 1532 1786 1734 1867; x_wconf 88' lang='lat' dir='ltr'><strong>scrip-</strong></span> 
     </span>
     <span class='ocr_line' id='line_1_18' title="bbox 532 1872 1732 1955; baseline -0.002 -17"><span class='ocrx_word' id='word_1_84' title='bbox 532 1885 683 1940; x_wconf 90' lang='lat' dir='ltr'><strong>tura</strong></span> <span class='ocrx_word' id='word_1_85' title='bbox 714 1876 779 1940; x_wconf 89' lang='lat' dir='ltr'><strong>in</strong></span> <span class='ocrx_word' id='word_1_86' title='bbox 814 1875 1079 1939; x_wconf 88' lang='lat' dir='ltr'><strong>auribus</strong></span> <span class='ocrx_word' id='word_1_87' title='bbox 1114 1872 1401 1938; x_wconf 70' lang='lat' dir='ltr'><strong>nostris⁸</strong></span> <span class='ocrx_word' id='word_1_88' title='bbox 1446 1873 1613 1936; x_wconf 91' lang='lat' dir='ltr'><strong>all’a.</strong></span> <span class='ocrx_word' id='word_1_89' title='bbox 1630 1881 1732 1955; x_wconf 60' lang='lat' dir='ltr'><strong>pff.</strong></span> 
     </span>
     <span class='ocr_line' id='line_1_19' title="bbox 537 1962 1621 2046; baseline -0.004 -18"><span class='ocrx_word' id='word_1_90' title='bbox 537 1963 944 2046; x_wconf 86' lang='lat' dir='ltr'><strong>Magnificat.</strong></span> <span class='ocrx_word' id='word_1_91' title='bbox 1042 1962 1275 2028; x_wconf 84' lang='lat' dir='ltr'><strong>Oratio</strong></span> <span class='ocrx_word' id='word_1_92' title='bbox 1305 1971 1382 2024; x_wconf 86' lang='lat' dir='ltr'><strong>ut</strong></span> <span class='ocrx_word' id='word_1_93' title='bbox 1406 1971 1621 2042; x_wconf 85' lang='lat' dir='ltr'><strong>supra.</strong></span> 
     </span>
     <span class='ocr_line' id='line_1_20' title="bbox 536 2049 1730 2134; baseline -0.004 -17"><span class='ocrx_word' id='word_1_94' title='bbox 536 2056 600 2130; x_wconf 59' lang='grc' dir='ltr'><strong>(Ι</strong></span> <span class='ocrx_word' id='word_1_95' title='bbox 646 2053 977 2116; x_wconf 81' lang='lat' dir='ltr'><strong>Lectiones</strong></span> <span class='ocrx_word' id='word_1_96' title='bbox 991 2050 1283 2134; x_wconf 64' lang='lat' dir='ltr'><strong>feriales:</strong></span> <span class='ocrx_word' id='word_1_97' title='bbox 1444 2049 1659 2112; x_wconf 84' lang='lat' dir='ltr'><strong>Lectio</strong></span> <span class='ocrx_word' id='word_1_98' title='bbox 1669 2049 1730 2130; x_wconf 93' lang='lat' dir='ltr'><strong>j.</strong></span> 
     </span>
     <span class='ocr_line' id='line_1_21' title="bbox 528 2137 1734 2273; baseline -0.006 -67"><span class='ocrx_word' id='word_1_99' title='bbox 528 2145 681 2273; x_wconf 78' lang='lat' dir='ltr'><strong>ln</strong></span> <span class='ocrx_word' id='word_1_100' title='bbox 714 2163 847 2224; x_wconf 92' lang='lat' dir='ltr'><strong>quo</strong></span> <span class='ocrx_word' id='word_1_101' title='bbox 893 2150 961 2205; x_wconf 87' lang='lat' dir='ltr'><strong>et</strong></span> <span class='ocrx_word' id='word_1_102' title='bbox 1008 2161 1127 2203; x_wconf 90' lang='lat' dir='ltr'><strong>vos</strong></span> <span class='ocrx_word' id='word_1_103' title='bbox 1179 2157 1331 2203; x_wconf 91' lang='lat' dir='ltr'><strong>cum</strong></span> <span class='ocrx_word' id='word_1_104' title='bbox 1381 2137 1734 2200; x_wconf 85' lang='lat' dir='ltr'><strong>audissetis</strong></span> 
     </span>
     <span class='ocr_line' id='line_1_22' title="bbox 635 2226 1732 2306; baseline -0.005 -14"><span class='ocrx_word' id='word_1_105' title='bbox 635 2229 913 2293; x_wconf 91' lang='lat' dir='ltr'><strong>verbum</strong></span> <span class='ocrx_word' id='word_1_106' title='bbox 967 2228 1263 2292; x_wconf 88' lang='lat' dir='ltr'><strong>veritatis</strong></span> <span class='ocrx_word' id='word_1_107' title='bbox 1312 2226 1732 2306; x_wconf 87' lang='lat' dir='ltr'><strong>evangelium</strong></span> 
     </span>
     <span class='ocr_line' id='line_1_23' title="bbox 529 2314 1733 2398; baseline -0.005 -16"><span class='ocrx_word' id='word_1_108' title='bbox 529 2319 759 2382; x_wconf 90' lang='lat' dir='ltr'><strong>salutis</strong></span> <span class='ocrx_word' id='word_1_109' title='bbox 790 2327 1007 2381; x_wconf 85' lang='lat' dir='ltr'><strong>vestre</strong></span> <span class='ocrx_word' id='word_1_110' title='bbox 1040 2317 1105 2379; x_wconf 92' lang='lat' dir='ltr'><strong>in</strong></span> <span class='ocrx_word' id='word_1_111' title='bbox 1137 2335 1273 2398; x_wconf 91' lang='lat' dir='ltr'><strong>quo</strong></span> <span class='ocrx_word' id='word_1_112' title='bbox 1296 2323 1365 2377; x_wconf 91' lang='lat' dir='ltr'><strong>et</strong></span> <span class='ocrx_word' id='word_1_113' title='bbox 1384 2314 1733 2376; x_wconf 88' lang='lat' dir='ltr'><strong>credentes</strong></span> 
     </span>
     <span class='ocr_line' id='line_1_24' title="bbox 528 2402 1732 2490; baseline -0.006 -21"><span class='ocrx_word' id='word_1_114' title='bbox 528 2407 769 2490; x_wconf 87' lang='lat' dir='ltr'><strong>signati</strong></span> <span class='ocrx_word' id='word_1_115' title='bbox 804 2407 962 2470; x_wconf 91' lang='lat' dir='ltr'><strong>estis</strong></span> <span class='ocrx_word' id='word_1_116' title='bbox 994 2405 1225 2486; x_wconf 89' lang='lat' dir='ltr'><strong>spiritu</strong></span> <span class='ocrx_word' id='word_1_117' title='bbox 1281 2402 1732 2485; x_wconf 89' lang='lat' dir='ltr'><strong>promissionis</strong></span> 
     </span>
     <span class='ocr_line' id='line_1_25' title="bbox 528 2490 1733 2577; baseline -0.005 -19"><span class='ocrx_word' id='word_1_118' title='bbox 528 2503 800 2559; x_wconf 90' lang='lat' dir='ltr'><strong>sancto:</strong></span> <span class='ocrx_word' id='word_1_119' title='bbox 848 2495 963 2577; x_wconf 90' lang='lat' dir='ltr'><strong>qui</strong></span> <span class='ocrx_word' id='word_1_120' title='bbox 996 2501 1097 2557; x_wconf 89' lang='lat' dir='ltr'><strong>est</strong></span> <span class='ocrx_word' id='word_1_121' title='bbox 1131 2492 1370 2575; x_wconf 87' lang='lat' dir='ltr'><strong>pignus</strong></span> <span class='ocrx_word' id='word_1_122' title='bbox 1403 2490 1733 2554; x_wconf 91' lang='lat' dir='ltr'><strong>heredita-</strong></span> 
     </span>
     <span class='ocr_line' id='line_1_26' title="bbox 529 2578 1733 2662; baseline -0.005 -16"><span class='ocrx_word' id='word_1_123' title='bbox 529 2586 614 2646; x_wconf 90' lang='lat' dir='ltr'><strong>tis</strong></span> <span class='ocrx_word' id='word_1_124' title='bbox 644 2582 899 2646; x_wconf 79' lang='lat' dir='ltr'><strong>vestre⁴</strong></span> <span class='ocrx_word' id='word_1_125' title='bbox 934 2583 1000 2644; x_wconf 91' lang='lat' dir='ltr'><strong>in</strong></span> <span class='ocrx_word' id='word_1_126' title='bbox 1049 2578 1577 2662; x_wconf 87' lang='lat' dir='ltr'><strong>redemptionem</strong></span> <span class='ocrx_word' id='word_1_127' title='bbox 1626 2598 1733 2641; x_wconf 89' lang='lat' dir='ltr'><strong>ac-</strong></span> 
     </span>
     <span class='ocr_line' id='line_1_27' title="bbox 528 2666 1733 2754; baseline -0.007 -19"><span class='ocrx_word' id='word_1_128' title='bbox 528 2670 902 2754; x_wconf 90' lang='lat' dir='ltr'><strong>quisitionis</strong></span> <span class='ocrx_word' id='word_1_129' title='bbox 945 2672 1011 2733; x_wconf 90' lang='lat' dir='ltr'><strong>in</strong></span> <span class='ocrx_word' id='word_1_130' title='bbox 1060 2668 1325 2731; x_wconf 90' lang='lat' dir='ltr'><strong>laudem</strong></span> <span class='ocrx_word' id='word_1_131' title='bbox 1374 2666 1581 2749; x_wconf 86' lang='lat' dir='ltr'><strong>glorie</strong></span> <span class='ocrx_word' id='word_1_132' title='bbox 1634 2668 1733 2748; x_wconf 91' lang='lat' dir='ltr'><strong>ip-</strong></span> 
     </span>
     <span class='ocr_line' id='line_1_28' title="bbox 527 2754 1732 2836; baseline -0.006 -13"><span class='ocrx_word' id='word_1_133' title='bbox 527 2762 683 2823; x_wconf 81' lang='lat' dir='ltr'><strong>sius·</strong></span> <span class='ocrx_word' id='word_1_134' title='bbox 1419 2754 1632 2817; x_wconf 84' lang='lat' dir='ltr'><strong>Lectio</strong></span> <span class='ocrx_word' id='word_1_135' title='bbox 1662 2755 1732 2836; x_wconf 58' lang='lat' dir='ltr'><strong>ij.</strong></span> 
     </span>
     <span class='ocr_line' id='line_1_29' title="bbox 528 2843 1734 2979; baseline -0.006 -68"><span class='ocrx_word' id='word_1_136' title='bbox 528 2852 991 2979; x_wconf 78' lang='lat' dir='ltr'><strong>Propterea</strong></span> <span class='ocrx_word' id='word_1_137' title='bbox 1080 2853 1147 2907; x_wconf 89' lang='lat' dir='ltr'><strong>et</strong></span> <span class='ocrx_word' id='word_1_138' title='bbox 1244 2862 1373 2926; x_wconf 85' lang='lat' dir='ltr'><strong>ego</strong></span> <span class='ocrx_word' id='word_1_139' title='bbox 1456 2843 1734 2905; x_wconf 89' lang='lat' dir='ltr'><strong>audiens</strong></span> 
     </span>
     <span class='ocr_line' id='line_1_30' title="bbox 686 2930 1732 3013; baseline -0.005 -15"><span class='ocrx_word' id='word_1_140' title='bbox 686 2935 888 2998; x_wconf 89' lang='lat' dir='ltr'><strong>fidem</strong></span> <span class='ocrx_word' id='word_1_141' title='bbox 959 2941 1246 2996; x_wconf 89' lang='lat' dir='ltr'><strong>vestram</strong></span> <span class='ocrx_word' id='word_1_142' title='bbox 1307 2950 1439 3013; x_wconf 90' lang='lat' dir='ltr'><strong>que</strong></span> <span class='ocrx_word' id='word_1_143' title='bbox 1501 2941 1601 2994; x_wconf 91' lang='lat' dir='ltr'><strong>est</strong></span> <span class='ocrx_word' id='word_1_144' title='bbox 1665 2930 1732 2993; x_wconf 90' lang='lat' dir='ltr'><strong>in</strong></span> 
     </span>
     <span class='ocr_line' id='line_1_31' title="bbox 530 3017 1732 3103; baseline -0.007 -15"><span class='ocrx_word' id='word_1_145' title='bbox 530 3023 801 3088; x_wconf 91' lang='lat' dir='ltr'><strong>Christo</strong></span> <span class='ocrx_word' id='word_1_146' title='bbox 848 3024 1007 3103; x_wconf 91' lang='lat' dir='ltr'><strong>Jesu</strong></span> <span class='ocrx_word' id='word_1_147' title='bbox 1058 3028 1127 3083; x_wconf 90' lang='lat' dir='ltr'><strong>et</strong></span> <span class='ocrx_word' id='word_1_148' title='bbox 1184 3017 1611 3082; x_wconf 88' lang='lat' dir='ltr'><strong>dilectionem</strong></span> <span class='ocrx_word' id='word_1_149' title='bbox 1664 3020 1732 3081; x_wconf 90' lang='lat' dir='ltr'><strong>in</strong></span> 
     </span>
     <span class='ocr_line' id='line_1_32' title="bbox 530 3108 1733 3189; baseline -0.004 -14"><span class='ocrx_word' id='word_1_150' title='bbox 530 3132 765 3175; x_wconf 90' lang='lat' dir='ltr'><strong>omnes</strong></span> <span class='ocrx_word' id='word_1_151' title='bbox 784 3119 1077 3174; x_wconf 89' lang='lat' dir='ltr'><strong>sanctos:</strong></span> <span class='ocrx_word' id='word_1_152' title='bbox 1111 3128 1244 3170; x_wconf 90' lang='lat' dir='ltr'><strong>non</strong></span> <span class='ocrx_word' id='word_1_153' title='bbox 1268 3126 1454 3170; x_wconf 89' lang='lat' dir='ltr'><strong>cesso</strong></span> <span class='ocrx_word' id='word_1_154' title='bbox 1484 3108 1733 3189; x_wconf 86' lang='lat' dir='ltr'><strong>gratias</strong></span> 
     </span>
     <span class='ocr_line' id='line_1_33' title="bbox 530 3194 1733 3283; baseline -0.006 -19"><span class='ocrx_word' id='word_1_155' title='bbox 530 3220 728 3283; x_wconf 83' lang='lat' dir='ltr'><strong>agere</strong></span> <span class='ocrx_word' id='word_1_156' title='bbox 782 3220 900 3282; x_wconf 90' lang='lat' dir='ltr'><strong>pro</strong></span> <span class='ocrx_word' id='word_1_157' title='bbox 946 3197 1135 3261; x_wconf 91' lang='lat' dir='ltr'><strong>vobis</strong></span> <span class='ocrx_word' id='word_1_158' title='bbox 1168 3194 1556 3259; x_wconf 87' lang='lat' dir='ltr'><strong>memoriam</strong></span> <span class='ocrx_word' id='word_1_159' title='bbox 1590 3215 1733 3257; x_wconf 89' lang='lat' dir='ltr'><strong>ves-</strong></span> 
     </span>
     <span class='ocr_line' id='line_1_34' title="bbox 528 3283 1734 3353; baseline -0.007 0"><span class='ocrx_word' id='word_1_160' title='bbox 528 3291 611 3353; x_wconf 88' lang='lat' dir='ltr'><strong>tri</strong></span> <span class='ocrx_word' id='word_1_161' title='bbox 660 3288 907 3351; x_wconf 83' lang='lat' dir='ltr'><strong>faciens</strong></span> <span class='ocrx_word' id='word_1_162' title='bbox 961 3286 1028 3349; x_wconf 88' lang='lat' dir='ltr'><strong>in</strong></span> <span class='ocrx_word' id='word_1_163' title='bbox 1076 3284 1485 3347; x_wconf 88' lang='lat' dir='ltr'><strong>orationibus</strong></span> <span class='ocrx_word' id='word_1_164' title='bbox 1532 3283 1734 3346; x_wconf 91' lang='lat' dir='ltr'><strong>meis:</strong></span> 
     </span>
     <span class='ocr_line' id='line_1_35' title="bbox 531 3372 1729 3454; baseline -0.008 -13"><span class='ocrx_word' id='word_1_165' title='bbox 531 3386 605 3441; x_wconf 91' lang='lat' dir='ltr'><strong>ut</strong></span> <span class='ocrx_word' id='word_1_166' title='bbox 688 3377 850 3440; x_wconf 88' lang='lat' dir='ltr'><strong>deus</strong></span> <span class='ocrx_word' id='word_1_167' title='bbox 946 3374 1201 3438; x_wconf 91' lang='lat' dir='ltr'><strong>domini</strong></span> <span class='ocrx_word' id='word_1_168' title='bbox 1276 3372 1481 3435; x_wconf 89' lang='lat' dir='ltr'><strong>nostri</strong></span> <span class='ocrx_word' id='word_1_169' title='bbox 1571 3372 1729 3454; x_wconf 88' lang='lat' dir='ltr'><strong>Jesu</strong></span> 
     </span>
     <span class='ocr_line' id='line_1_36' title="bbox 454 3459 1734 3546; baseline -0.009 -14"><span class='ocrx_word' id='word_1_170' title='bbox 454 3462 459 3467; x_wconf 67' lang='grc'><strong>’</strong></span> <span class='ocrx_word' id='word_1_171' title='bbox 532 3466 777 3533; x_wconf 89' lang='lat' dir='ltr'><strong>Christi</strong></span> <span class='ocrx_word' id='word_1_172' title='bbox 853 3472 1044 3546; x_wconf 85' lang='lat' dir='ltr'><strong>pater</strong></span> <span class='ocrx_word' id='word_1_173' title='bbox 1108 3460 1315 3543; x_wconf 86' lang='lat' dir='ltr'><strong>glorie</strong></span> <span class='ocrx_word' id='word_1_174' title='bbox 1374 3460 1483 3523; x_wconf 91' lang='lat' dir='ltr'><strong>dei</strong></span> <span class='ocrx_word' id='word_1_175' title='bbox 1543 3459 1734 3524; x_wconf 90' lang='lat' dir='ltr'><strong>vobis</strong></span> 
     </span>
     <span class='ocr_line' id='line_1_37' title="bbox 528 3547 1731 3638; baseline -0.007 -19"><span class='ocrx_word' id='word_1_176' title='bbox 528 3555 829 3638; x_wconf 89' lang='lat' dir='ltr'><strong>spiritum</strong></span> <span class='ocrx_word' id='word_1_177' title='bbox 856 3552 1181 3634; x_wconf 86' lang='lat' dir='ltr'><strong>sapientie</strong></span> <span class='ocrx_word' id='word_1_178' title='bbox 1212 3558 1281 3613; x_wconf 90' lang='lat' dir='ltr'><strong>et</strong></span> <span class='ocrx_word' id='word_1_179' title='bbox 1313 3547 1731 3611; x_wconf 88' lang='lat' dir='ltr'><strong>revelationis</strong></span> 
     </span>
     <span class='ocr_line' id='line_1_38' title="bbox 525 3636 1731 3726; baseline -0.008 -18"><span class='ocrx_word' id='word_1_180' title='bbox 525 3646 593 3707; x_wconf 92' lang='lat' dir='ltr'><strong>in</strong></span> <span class='ocrx_word' id='word_1_181' title='bbox 648 3642 1057 3726; x_wconf 77' lang='lat' dir='ltr'><strong>agnitionem</strong></span> <span class='ocrx_word' id='word_1_182' title='bbox 1120 3639 1264 3720; x_wconf 89' lang='lat' dir='ltr'><strong>ejus</strong></span> <span class='ocrx_word' id='word_1_183' title='bbox 1324 3636 1731 3700; x_wconf 85' lang='lat' dir='ltr'><strong>illuminatos</strong></span> 
     </span>
     <span class='ocr_line' id='line_1_39' title="bbox 524 3724 1729 3806; baseline -0.007 -10"><span class='ocrx_word' id='word_1_184' title='bbox 524 3732 751 3796; x_wconf 90' lang='lat' dir='ltr'><strong>oculos</strong></span> <span class='ocrx_word' id='word_1_185' title='bbox 784 3730 999 3795; x_wconf 90' lang='lat' dir='ltr'><strong>cordis</strong></span> <span class='ocrx_word' id='word_1_186' title='bbox 1029 3727 1247 3793; x_wconf 89' lang='lat' dir='ltr'><strong>vestri.</strong></span> <span class='ocrx_word' id='word_1_187' title='bbox 1389 3724 1600 3787; x_wconf 79' lang='lat' dir='ltr'><strong>Lectio</strong></span> <span class='ocrx_word' id='word_1_188' title='bbox 1633 3724 1729 3806; x_wconf 72' lang='lat' dir='ltr'><em>iij.</em></span> 
     </span>
     <span class='ocr_line' id='line_1_40' title="bbox 545 3814 1729 3956; baseline -0.008 -72"><span class='ocrx_word' id='word_1_189' title='bbox 545 3824 703 3956; x_wconf 78' lang='lat' dir='ltr'><em>U</em></span> <span class='ocrx_word' id='word_1_190' title='bbox 708 3830 735 3883; x_wconf 88' lang='lat' dir='ltr'><strong>t</strong></span> <span class='ocrx_word' id='word_1_191' title='bbox 768 3819 990 3883; x_wconf 90' lang='lat' dir='ltr'><strong>sciatis</strong></span> <span class='ocrx_word' id='word_1_192' title='bbox 1040 3836 1169 3900; x_wconf 91' lang='lat' dir='ltr'><strong>que</strong></span> <span class='ocrx_word' id='word_1_193' title='bbox 1220 3814 1306 3878; x_wconf 91' lang='lat' dir='ltr'><strong>sit</strong></span> <span class='ocrx_word' id='word_1_194' title='bbox 1352 3834 1505 3895; x_wconf 87' lang='lat' dir='ltr'><strong>spes</strong></span> <span class='ocrx_word' id='word_1_195' title='bbox 1534 3832 1729 3876; x_wconf 76' lang='lat' dir='ltr'><strong>voca-</strong></span> 
     </span>
     <span class='ocr_line' id='line_1_41' title="bbox 709 3900 1725 3985; baseline -0.009 -14"><span class='ocrx_word' id='word_1_196' title='bbox 709 3908 908 3971; x_wconf 89' lang='lat' dir='ltr'><strong>tionis</strong></span> <span class='ocrx_word' id='word_1_197' title='bbox 971 3904 1183 3985; x_wconf 78' lang='lat' dir='ltr'><strong>ejus⁶z</strong></span> <span class='ocrx_word' id='word_1_198' title='bbox 1260 3922 1392 3984; x_wconf 90' lang='lat' dir='ltr'><strong>que</strong></span> <span class='ocrx_word' id='word_1_199' title='bbox 1470 3900 1725 3964; x_wconf 80' lang='lat' dir='ltr'><strong>divine⁶</strong></span> 
     </span>
     <span class='ocr_line' id='line_1_42' title="bbox 526 3990 1730 4076; baseline -0.004 -19"><span class='ocrx_word' id='word_1_200' title='bbox 526 3996 735 4076; x_wconf 82' lang='lat' dir='ltr'><strong>glorie</strong></span> <span class='ocrx_word' id='word_1_201' title='bbox 766 3993 1153 4057; x_wconf 87' lang='lat' dir='ltr'><strong>hereditatis</strong></span> <span class='ocrx_word' id='word_1_202' title='bbox 1186 3990 1329 4071; x_wconf 89' lang='lat' dir='ltr'><strong>ejus</strong></span> <span class='ocrx_word' id='word_1_203' title='bbox 1372 3990 1438 4052; x_wconf 89' lang='lat' dir='ltr'><strong>in</strong></span> <span class='ocrx_word' id='word_1_204' title='bbox 1462 3990 1730 4053; x_wconf 80' lang='lat' dir='ltr'><strong>sanctis,</strong></span> 
     </span>
    </p>
   </div>
   <div class='ocr_carea' id='block_1_4' title="bbox 2349 443 2504 500">
    <p class='ocr_par' dir='ltr' id='par_1_4' title="bbox 2349 443 2504 500">
     <span class='ocr_line' id='line_1_43' title="bbox 2349 443 2504 500; baseline 0.013 -3"><span class='ocrx_word' id='word_1_205' title='bbox 2349 443 2504 500; x_wconf 77' lang='lat'><strong>228</strong></span> 
     </span>
    </p>
   </div>
   <div class='ocr_carea' id='block_1_5' title="bbox 1818 549 3040 4055">
    <p class='ocr_par' dir='ltr' id='par_1_5' title="bbox 1837 549 3040 633">
     <span class='ocr_line' id='line_1_44' title="bbox 1837 549 3040 633; baseline 0.004 -21"><span class='ocrx_word' id='word_1_206' title='bbox 1837 551 2004 613; x_wconf 88' lang='lat' dir='ltr'><strong>tudo</strong></span> <span class='ocrx_word' id='word_1_207' title='bbox 2017 550 2276 614; x_wconf 88' lang='lat' dir='ltr'><strong>virtutis</strong></span> <span class='ocrx_word' id='word_1_208' title='bbox 2289 551 2434 631; x_wconf 90' lang='lat' dir='ltr'><strong>ejus</strong></span> <span class='ocrx_word' id='word_1_209' title='bbox 2449 549 2512 612; x_wconf 89' lang='lat' dir='ltr'><strong>in</strong></span> <span class='ocrx_word' id='word_1_210' title='bbox 2527 570 2674 613; x_wconf 91' lang='lat' dir='ltr'><strong>nos:</strong></span> <span class='ocrx_word' id='word_1_211' title='bbox 2695 553 2808 633; x_wconf 87' lang='lat' dir='ltr'><strong>qui</strong></span> <span class='ocrx_word' id='word_1_212' title='bbox 2831 552 3040 616; x_wconf 85' lang='lat' dir='ltr'><strong>credi-</strong></span> 
     </span>
    </p>

    <p class='ocr_par' dir='ltr' id='par_1_6' title="bbox 1840 639 3040 723">
     <span class='ocr_line' id='line_1_45' title="bbox 1840 639 3040 723; baseline 0.003 -22"><span class='ocrx_word' id='word_1_213' title='bbox 1840 659 1985 701; x_wconf 89' lang='lat' dir='ltr'><strong>mus</strong></span> <span class='ocrx_word' id='word_1_214' title='bbox 2017 639 2380 702; x_wconf 87' lang='lat' dir='ltr'><strong>secundum</strong></span> <span class='ocrx_word' id='word_1_215' title='bbox 2431 641 2888 720; x_wconf 86' lang='lat' dir='ltr'><strong>operationem</strong></span> <span class='ocrx_word' id='word_1_216' title='bbox 2921 663 3040 723; x_wconf 92' lang='lat' dir='ltr'><strong>po-</strong></span> 
     </span>
    </p>

    <p class='ocr_par' dir='ltr' id='par_1_7' title="bbox 1837 725 3040 810">
     <span class='ocr_line' id='line_1_46' title="bbox 1837 725 3040 810; baseline 0.002 -20"><span class='ocrx_word' id='word_1_217' title='bbox 1837 725 2078 790; x_wconf 74' lang='lat' dir='ltr'><strong>tentie⁷</strong></span> <span class='ocrx_word' id='word_1_218' title='bbox 2131 727 2274 807; x_wconf 88' lang='lat' dir='ltr'><strong>ejus</strong></span> <span class='ocrx_word' id='word_1_219' title='bbox 2321 745 2522 809; x_wconf 90' lang='lat' dir='ltr'><strong>quam</strong></span> <span class='ocrx_word' id='word_1_220' title='bbox 2572 738 2886 810; x_wconf 87' lang='lat' dir='ltr'><strong>operatus</strong></span> <span class='ocrx_word' id='word_1_221' title='bbox 2938 739 3040 794; x_wconf 91' lang='lat' dir='ltr'><strong>est</strong></span> 
     </span>
    </p>

    <p class='ocr_par' dir='ltr' id='par_1_8' title="bbox 1837 815 3040 880">
     <span class='ocr_line' id='line_1_47' title="bbox 1837 815 3040 880; baseline 0.003 -4"><span class='ocrx_word' id='word_1_222' title='bbox 1837 816 1904 877; x_wconf 92' lang='lat' dir='ltr'><strong>in</strong></span> <span class='ocrx_word' id='word_1_223' title='bbox 1975 815 2284 879; x_wconf 90' lang='lat' dir='ltr'><strong>Christo:</strong></span> <span class='ocrx_word' id='word_1_224' title='bbox 2363 817 2692 878; x_wconf 87' lang='lat' dir='ltr'><strong>suscitans</strong></span> <span class='ocrx_word' id='word_1_225' title='bbox 2769 837 2920 880; x_wconf 90' lang='lat' dir='ltr'><strong>eum</strong></span> <span class='ocrx_word' id='word_1_226' title='bbox 3000 838 3040 880; x_wconf 90' lang='lat' dir='ltr'><strong>a</strong></span> 
     </span>
    </p>

    <p class='ocr_par' dir='ltr' id='par_1_9' title="bbox 1837 903 3038 968">
     <span class='ocr_line' id='line_1_48' title="bbox 1837 903 3038 968; baseline 0.003 -4"><span class='ocrx_word' id='word_1_227' title='bbox 1837 903 2114 966; x_wconf 86' lang='lat' dir='ltr'><strong>mortuis</strong></span> <span class='ocrx_word' id='word_1_228' title='bbox 2165 913 2234 966; x_wconf 91' lang='lat' dir='ltr'><strong>et</strong></span> <span class='ocrx_word' id='word_1_229' title='bbox 2283 905 2692 966; x_wconf 88' lang='lat' dir='ltr'><strong>constituens</strong></span> <span class='ocrx_word' id='word_1_230' title='bbox 2739 905 2824 967; x_wconf 86' lang='lat' dir='ltr'><strong>ad</strong></span> <span class='ocrx_word' id='word_1_231' title='bbox 2873 905 3038 968; x_wconf 87' lang='lat' dir='ltr'><strong>dex-</strong></span> 
     </span>
    </p>

    <p class='ocr_par' dir='ltr' id='par_1_10' title="bbox 1837 991 2773 1056">
     <span class='ocr_line' id='line_1_49' title="bbox 1837 991 2773 1056; baseline 0.003 -3"><span class='ocrx_word' id='word_1_232' title='bbox 1837 1000 2048 1054; x_wconf 91' lang='lat' dir='ltr'><strong>teram</strong></span> <span class='ocrx_word' id='word_1_233' title='bbox 2079 1011 2270 1054; x_wconf 88' lang='lat' dir='ltr'><strong>suam</strong></span> <span class='ocrx_word' id='word_1_234' title='bbox 2305 991 2369 1053; x_wconf 90' lang='lat' dir='ltr'><strong>in</strong></span> <span class='ocrx_word' id='word_1_235' title='bbox 2403 991 2773 1056; x_wconf 87' lang='lat' dir='ltr'><strong>celestibus.</strong></span> 
     </span>
    </p>

    <p class='ocr_par' dir='ltr' id='par_1_11' title="bbox 1840 1079 3038 1337">
     <span class='ocr_line' id='line_1_50' title="bbox 1840 1079 3036 1162; baseline 0.003 -22"><span class='ocrx_word' id='word_1_236' title='bbox 1840 1082 1904 1156; x_wconf 68' lang='lat'><strong>(1&#39;</strong></span> <span class='ocrx_word' id='word_1_237' title='bbox 1935 1079 2102 1141; x_wconf 86' lang='lat' dir='ltr'><strong>Item</strong></span> <span class='ocrx_word' id='word_1_238' title='bbox 2123 1079 2410 1141; x_wconf 85' lang='lat' dir='ltr'><strong>lectiones</strong></span> <span class='ocrx_word' id='word_1_239' title='bbox 2423 1079 2718 1160; x_wconf 69' lang='lat' dir='ltr'><strong>fer-tales.</strong></span> <span class='ocrx_word' id='word_1_240' title='bbox 2749 1079 2966 1144; x_wconf 81' lang='lat' dir='ltr'><strong>Lectio</strong></span> <span class='ocrx_word' id='word_1_241' title='bbox 2976 1083 3036 1162; x_wconf 91' lang='lat' dir='ltr'><strong>j.</strong></span> 
     </span>
     <span class='ocr_line' id='line_1_51' title="bbox 1989 1167 3037 1232; baseline 0.002 -2"><span class='ocrx_word' id='word_1_242' title='bbox 1989 1177 2016 1230; x_wconf 93' lang='lat' dir='ltr'><strong>t</strong></span> <span class='ocrx_word' id='word_1_243' title='bbox 2075 1167 2232 1230; x_wconf 79' lang='lat' dir='ltr'><strong>vos⁸</strong></span> <span class='ocrx_word' id='word_1_244' title='bbox 2291 1187 2442 1230; x_wconf 90' lang='lat' dir='ltr'><strong>curn</strong></span> <span class='ocrx_word' id='word_1_245' title='bbox 2504 1169 2735 1230; x_wconf 90' lang='lat' dir='ltr'><strong>essetis</strong></span> <span class='ocrx_word' id='word_1_246' title='bbox 2797 1171 3037 1232; x_wconf 90' lang='lat' dir='ltr'><strong>mortui</strong></span> 
     </span>
     <span class='ocr_line' id='line_1_52' title="bbox 1987 1254 3038 1337; baseline 0.003 -19"><span class='ocrx_word' id='word_1_247' title='bbox 1987 1254 2246 1319; x_wconf 89' lang='lat' dir='ltr'><strong>delictis</strong></span> <span class='ocrx_word' id='word_1_248' title='bbox 2278 1264 2347 1318; x_wconf 89' lang='lat' dir='ltr'><strong>et</strong></span> <span class='ocrx_word' id='word_1_249' title='bbox 2377 1257 2666 1337; x_wconf 87' lang='lat' dir='ltr'><strong>peccatis</strong></span> <span class='ocrx_word' id='word_1_250' title='bbox 2697 1257 2930 1320; x_wconf 88' lang='lat' dir='ltr'><strong>vestris</strong></span> <span class='ocrx_word' id='word_1_251' title='bbox 2971 1259 3038 1320; x_wconf 90' lang='lat' dir='ltr'><strong>in</strong></span> 
     </span>
    </p>

    <p class='ocr_par' dir='ltr' id='par_1_12' title="bbox 1837 1343 3040 1425">
     <span class='ocr_line' id='line_1_53' title="bbox 1837 1343 3040 1425; baseline 0.002 -19"><span class='ocrx_word' id='word_1_252' title='bbox 1837 1343 2076 1425; x_wconf 90' lang='lat' dir='ltr'><strong>quibus</strong></span> <span class='ocrx_word' id='word_1_253' title='bbox 2125 1343 2482 1425; x_wconf 91' lang='lat' dir='ltr'><strong>aliquando</strong></span> <span class='ocrx_word' id='word_1_254' title='bbox 2513 1343 2908 1409; x_wconf 88' lang='lat' dir='ltr'><strong>ambulastis</strong></span> <span class='ocrx_word' id='word_1_255' title='bbox 2937 1366 3040 1408; x_wconf 92' lang='lat' dir='ltr'><strong>se-</strong></span> 
     </span>
    </p>

    <p class='ocr_par' dir='ltr' id='par_1_13' title="bbox 1835 1432 3040 1776">
     <span class='ocr_line' id='line_1_54' title="bbox 1838 1432 3038 1515; baseline 0.003 -20"><span class='ocrx_word' id='word_1_256' title='bbox 1838 1432 2126 1495; x_wconf 92' lang='lat' dir='ltr'><strong>cundum</strong></span> <span class='ocrx_word' id='word_1_257' title='bbox 2173 1432 2466 1495; x_wconf 90' lang='lat' dir='ltr'><strong>seculum</strong></span> <span class='ocrx_word' id='word_1_258' title='bbox 2521 1433 2752 1496; x_wconf 90' lang='lat' dir='ltr'><strong>mundi</strong></span> <span class='ocrx_word' id='word_1_259' title='bbox 2801 1432 3038 1515; x_wconf 89' lang='lat' dir='ltr'><strong>hujus:</strong></span> 
     </span>
     <span class='ocr_line' id='line_1_55' title="bbox 1835 1520 3040 1603; baseline 0.002 -22"><span class='ocrx_word' id='word_1_260' title='bbox 1835 1520 2202 1583; x_wconf 90' lang='lat' dir='ltr'><strong>secundum</strong></span> <span class='ocrx_word' id='word_1_261' title='bbox 2264 1520 2627 1601; x_wconf 88' lang='lat' dir='ltr'><strong>principem</strong></span> <span class='ocrx_word' id='word_1_262' title='bbox 2689 1522 3040 1603; x_wconf 89' lang='lat' dir='ltr'><strong>potestatis</strong></span> 
     </span>
     <span class='ocr_line' id='line_1_56' title="bbox 1837 1607 3037 1691; baseline 0.003 -21"><span class='ocrx_word' id='word_1_263' title='bbox 1837 1609 2006 1670; x_wconf 91' lang='lat' dir='ltr'><strong>aeris</strong></span> <span class='ocrx_word' id='word_1_264' title='bbox 2066 1607 2264 1689; x_wconf 87' lang='lat' dir='ltr'><strong>hujus</strong></span> <span class='ocrx_word' id='word_1_265' title='bbox 2326 1609 2636 1690; x_wconf 90' lang='lat' dir='ltr'><strong>spiritus:</strong></span> <span class='ocrx_word' id='word_1_266' title='bbox 2697 1611 2814 1691; x_wconf 90' lang='lat' dir='ltr'><strong>qui</strong></span> <span class='ocrx_word' id='word_1_267' title='bbox 2861 1629 3037 1673; x_wconf 90' lang='lat' dir='ltr'><strong>nunc</strong></span> 
     </span>
     <span class='ocr_line' id='line_1_57' title="bbox 1837 1695 3034 1776; baseline 0.002 -18"><span class='ocrx_word' id='word_1_268' title='bbox 1837 1704 2150 1776; x_wconf 88' lang='lat' dir='ltr'><strong>operatur</strong></span> <span class='ocrx_word' id='word_1_269' title='bbox 2181 1697 2246 1758; x_wconf 90' lang='lat' dir='ltr'><strong>in</strong></span> <span class='ocrx_word' id='word_1_270' title='bbox 2279 1695 2432 1758; x_wconf 89' lang='lat' dir='ltr'><strong>filiis</strong></span> <span class='ocrx_word' id='word_1_271' title='bbox 2451 1697 2835 1761; x_wconf 89' lang='lat' dir='ltr'><strong>diffidentie.</strong></span> <span class='ocrx_word' id='word_1_272' title='bbox 2893 1697 3034 1760; x_wconf 89' lang='lat' dir='ltr'><strong>Lec.</strong></span> 
     </span>
    </p>

    <p class='ocr_par' dir='ltr' id='par_1_14' title="bbox 1836 1784 3038 1915">
     <span class='ocr_line' id='line_1_58' title="bbox 1836 1784 3038 1915; baseline 0.004 -70"><span class='ocrx_word' id='word_1_273' title='bbox 1836 1785 1986 1915; x_wconf 78' lang='lat' dir='ltr'><strong>In</strong></span> <span class='ocrx_word' id='word_1_274' title='bbox 2009 1784 2248 1865; x_wconf 90' lang='lat' dir='ltr'><strong>quibus</strong></span> <span class='ocrx_word' id='word_1_275' title='bbox 2279 1793 2348 1847; x_wconf 90' lang='lat' dir='ltr'><strong>et</strong></span> <span class='ocrx_word' id='word_1_276' title='bbox 2379 1805 2502 1848; x_wconf 91' lang='lat' dir='ltr'><strong>nos</strong></span> <span class='ocrx_word' id='word_1_277' title='bbox 2532 1805 2766 1849; x_wconf 89' lang='lat' dir='ltr'><strong>omnes</strong></span> <span class='ocrx_word' id='word_1_278' title='bbox 2787 1785 2904 1848; x_wconf 90' lang='lat' dir='ltr'><strong>ali-</strong></span> <span class='ocrx_word' id='word_1_279' title='bbox 2941 1785 3038 1870; x_wconf 81' lang='lat' dir='ltr'><strong><em>[ij.</em></strong></span> 
     </span>
    </p>

    <p class='ocr_par' dir='ltr' id='par_1_15' title="bbox 1833 1873 3039 2751">
     <span class='ocr_line' id='line_1_59' title="bbox 1947 1873 3036 1952; baseline 0.003 -18"><span class='ocrx_word' id='word_1_280' title='bbox 1947 1873 2218 1952; x_wconf 90' lang='lat' dir='ltr'><strong>quando</strong></span> <span class='ocrx_word' id='word_1_281' title='bbox 2277 1874 2647 1936; x_wconf 89' lang='lat' dir='ltr'><strong>conversati</strong></span> <span class='ocrx_word' id='word_1_282' title='bbox 2695 1893 2926 1937; x_wconf 89' lang='lat' dir='ltr'><strong>sumus</strong></span> <span class='ocrx_word' id='word_1_283' title='bbox 2969 1875 3036 1937; x_wconf 90' lang='lat' dir='ltr'><strong>in</strong></span> 
     </span>
     <span class='ocr_line' id='line_1_60' title="bbox 1835 1960 3038 2026; baseline 0.003 -4"><span class='ocrx_word' id='word_1_284' title='bbox 1835 1960 2178 2023; x_wconf 89' lang='lat' dir='ltr'><strong>desideriis</strong></span> <span class='ocrx_word' id='word_1_285' title='bbox 2210 1961 2427 2024; x_wconf 89' lang='lat' dir='ltr'><strong>carnis</strong></span> <span class='ocrx_word' id='word_1_286' title='bbox 2459 1971 2683 2024; x_wconf 90' lang='lat' dir='ltr'><strong>nostre</strong></span> <span class='ocrx_word' id='word_1_287' title='bbox 2717 1961 3038 2026; x_wconf 83' lang='lat' dir='ltr'><strong>facientes</strong></span> 
     </span>
     <span class='ocr_line' id='line_1_61' title="bbox 1835 2049 3037 2131; baseline 0.003 -21"><span class='ocrx_word' id='word_1_288' title='bbox 1835 2049 2212 2112; x_wconf 88' lang='lat' dir='ltr'><strong>voluntates</strong></span> <span class='ocrx_word' id='word_1_289' title='bbox 2286 2049 2502 2113; x_wconf 89' lang='lat' dir='ltr'><strong>carnis</strong></span> <span class='ocrx_word' id='word_1_290' title='bbox 2561 2058 2630 2113; x_wconf 89' lang='lat' dir='ltr'><strong>et</strong></span> <span class='ocrx_word' id='word_1_291' title='bbox 2691 2051 3037 2131; x_wconf 74' lang='lat' dir='ltr'><strong>cogitatio—</strong></span> 
     </span>
     <span class='ocr_line' id='line_1_62' title="bbox 1837 2138 3039 2202; baseline 0.001 -3"><span class='ocrx_word' id='word_1_292' title='bbox 1837 2155 2037 2200; x_wconf 86' lang='lat' dir='ltr'><strong>num:</strong></span> <span class='ocrx_word' id='word_1_293' title='bbox 2083 2146 2153 2200; x_wconf 92' lang='lat' dir='ltr'><strong>et</strong></span> <span class='ocrx_word' id='word_1_294' title='bbox 2181 2156 2444 2200; x_wconf 88' lang='lat' dir='ltr'><strong>eramus</strong></span> <span class='ocrx_word' id='word_1_295' title='bbox 2494 2146 2730 2202; x_wconf 89' lang='lat' dir='ltr'><strong>natura</strong></span> <span class='ocrx_word' id='word_1_296' title='bbox 2779 2138 2894 2201; x_wconf 88' lang='lat' dir='ltr'><strong>filii</strong></span> <span class='ocrx_word' id='word_1_297' title='bbox 2943 2139 3039 2201; x_wconf 88' lang='lat' dir='ltr'><strong>ire</strong></span> 
     </span>
     <span class='ocr_line' id='line_1_63' title="bbox 1835 2225 3036 2309; baseline 0.003 -23"><span class='ocrx_word' id='word_1_298' title='bbox 1835 2225 2004 2288; x_wconf 91' lang='lat' dir='ltr'><strong>sicut</strong></span> <span class='ocrx_word' id='word_1_299' title='bbox 2037 2234 2104 2287; x_wconf 91' lang='lat' dir='ltr'><strong>et</strong></span> <span class='ocrx_word' id='word_1_300' title='bbox 2135 2225 2351 2288; x_wconf 89' lang='lat' dir='ltr'><strong>ceteri.</strong></span> <span class='ocrx_word' id='word_1_301' title='bbox 2447 2225 2632 2289; x_wconf 89' lang='lat' dir='ltr'><strong>Deus</strong></span> <span class='ocrx_word' id='word_1_302' title='bbox 2665 2235 2889 2290; x_wconf 89' lang='lat' dir='ltr'><strong>autem</strong></span> <span class='ocrx_word' id='word_1_303' title='bbox 2920 2226 3036 2309; x_wconf 90' lang='lat' dir='ltr'><strong>qui</strong></span> 
     </span>
     <span class='ocr_line' id='line_1_64' title="bbox 1835 2312 3038 2398; baseline 0.002 -23"><span class='ocrx_word' id='word_1_304' title='bbox 1835 2312 2021 2375; x_wconf 91' lang='lat' dir='ltr'><strong>dives</strong></span> <span class='ocrx_word' id='word_1_305' title='bbox 2053 2321 2155 2376; x_wconf 88' lang='lat' dir='ltr'><strong>est</strong></span> <span class='ocrx_word' id='word_1_306' title='bbox 2187 2314 2252 2376; x_wconf 91' lang='lat' dir='ltr'><strong>in</strong></span> <span class='ocrx_word' id='word_1_307' title='bbox 2287 2313 2734 2377; x_wconf 86' lang='lat' dir='ltr'><strong>misericordia</strong></span> <span class='ocrx_word' id='word_1_308' title='bbox 2766 2324 3038 2398; x_wconf 88' lang='lat' dir='ltr'><strong>propter</strong></span> 
     </span>
     <span class='ocr_line' id='line_1_65' title="bbox 1836 2401 3037 2485; baseline 0.004 -23"><span class='ocrx_word' id='word_1_309' title='bbox 1836 2401 2110 2463; x_wconf 89' lang='lat' dir='ltr'><strong>nimiam</strong></span> <span class='ocrx_word' id='word_1_310' title='bbox 2173 2401 2563 2466; x_wconf 88' lang='lat' dir='ltr'><strong>charitatem</strong></span> <span class='ocrx_word' id='word_1_311' title='bbox 2625 2423 2856 2466; x_wconf 90' lang='lat' dir='ltr'><strong>suam:</strong></span> <span class='ocrx_word' id='word_1_312' title='bbox 2901 2424 3037 2485; x_wconf 91' lang='lat' dir='ltr'><strong>qua</strong></span> 
     </span>
     <span class='ocr_line' id='line_1_66' title="bbox 1835 2488 3038 2556; baseline 0.002 -3"><span class='ocrx_word' id='word_1_313' title='bbox 1835 2488 2075 2553; x_wconf 86' lang='lat' dir='ltr'><strong>dilexit</strong></span> <span class='ocrx_word' id='word_1_314' title='bbox 2135 2509 2258 2553; x_wconf 90' lang='lat' dir='ltr'><strong>nos</strong></span> <span class='ocrx_word' id='word_1_315' title='bbox 2294 2509 2308 2553; x_wconf 92' lang='lat'><strong>:</strong></span> <span class='ocrx_word' id='word_1_316' title='bbox 2384 2497 2452 2554; x_wconf 89' lang='lat' dir='ltr'><strong>et</strong></span> <span class='ocrx_word' id='word_1_317' title='bbox 2525 2510 2677 2554; x_wconf 91' lang='lat' dir='ltr'><strong>cum</strong></span> <span class='ocrx_word' id='word_1_318' title='bbox 2742 2510 3038 2556; x_wconf 88' lang='lat' dir='ltr'><strong>essemus</strong></span> 
     </span>
     <span class='ocr_line' id='line_1_67' title="bbox 1837 2578 3039 2661; baseline 0.003 -22"><span class='ocrx_word' id='word_1_319' title='bbox 1837 2578 2078 2641; x_wconf 85' lang='lat' dir='ltr'><strong>mortui</strong></span> <span class='ocrx_word' id='word_1_320' title='bbox 2112 2578 2216 2641; x_wconf 79' lang='lat' dir='ltr'><strong>in⁹</strong></span> <span class='ocrx_word' id='word_1_321' title='bbox 2249 2578 2575 2661; x_wconf 90' lang='lat' dir='ltr'><strong>peccatis:</strong></span> <span class='ocrx_word' id='word_1_322' title='bbox 2621 2579 3039 2644; x_wconf 89' lang='lat' dir='ltr'><strong>convivifica-</strong></span> 
     </span>
     <span class='ocr_line' id='line_1_68' title="bbox 1833 2666 3036 2751; baseline 0.002 -22"><span class='ocrx_word' id='word_1_323' title='bbox 1833 2666 1932 2729; x_wconf 88' lang='lat' dir='ltr'><strong>vit</strong></span> <span class='ocrx_word' id='word_1_324' title='bbox 1963 2686 2100 2729; x_wconf 81' lang='lat' dir='ltr'><strong>nos,</strong></span> <span class='ocrx_word' id='word_1_325' title='bbox 2179 2667 2244 2729; x_wconf 89' lang='lat' dir='ltr'><strong>in</strong></span> <span class='ocrx_word' id='word_1_326' title='bbox 2278 2666 2561 2732; x_wconf 87' lang='lat' dir='ltr'><strong>Christo.</strong></span> <span class='ocrx_word' id='word_1_327' title='bbox 2695 2668 2910 2732; x_wconf 83' lang='lat' dir='ltr'><strong>Lectio</strong></span> <span class='ocrx_word' id='word_1_328' title='bbox 2939 2669 3036 2751; x_wconf 80' lang='lat' dir='ltr'><em>iij.</em></span> 
     </span>
    </p>

    <p class='ocr_par' dir='ltr' id='par_1_16' title="bbox 1837 2754 3036 2887">
     <span class='ocr_line' id='line_1_69' title="bbox 1837 2754 3036 2887; baseline 0.003 -71"><span class='ocrx_word' id='word_1_329' title='bbox 1837 2754 2180 2887; x_wconf 86' lang='lat' dir='ltr'><strong>Hujus</strong></span> <span class='ocrx_word' id='word_1_330' title='bbox 2213 2756 2304 2818; x_wconf 91' lang='lat' dir='ltr'><strong>rei</strong></span> <span class='ocrx_word' id='word_1_331' title='bbox 2355 2756 2572 2837; x_wconf 85' lang='lat' dir='ltr'><strong>gratia</strong></span> <span class='ocrx_word' id='word_1_332' title='bbox 2620 2776 2747 2837; x_wconf 85' lang='lat' dir='ltr'><strong>ego</strong></span> <span class='ocrx_word' id='word_1_333' title='bbox 2797 2756 3036 2839; x_wconf 90' lang='lat' dir='ltr'><strong>paulus</strong></span> 
     </span>
    </p>

    <p class='ocr_par' dir='ltr' id='par_1_17' title="bbox 1831 2842 3036 3614">
     <span class='ocr_line' id='line_1_70' title="bbox 2026 2842 3036 2927; baseline 0.003 -22"><span class='ocrx_word' id='word_1_334' title='bbox 2026 2842 2296 2924; x_wconf 87' lang='lat' dir='ltr'><strong>junctus</strong></span> <span class='ocrx_word' id='word_1_335' title='bbox 2312 2843 2359 2880; x_wconf 88' lang='lat'><strong>¹⁰</strong></span> <span class='ocrx_word' id='word_1_336' title='bbox 2384 2842 2650 2907; x_wconf 89' lang='lat' dir='ltr'><strong>Christo</strong></span> <span class='ocrx_word' id='word_1_337' title='bbox 2667 2844 2709 2882; x_wconf 85' lang='lat'><strong>¹¹</strong></span> <span class='ocrx_word' id='word_1_338' title='bbox 2735 2846 2895 2927; x_wconf 89' lang='lat' dir='ltr'><strong>Jesu</strong></span> <span class='ocrx_word' id='word_1_339' title='bbox 2917 2864 3036 2927; x_wconf 90' lang='lat' dir='ltr'><strong>pro</strong></span> 
     </span>
     <span class='ocr_line' id='line_1_71' title="bbox 1836 2931 3035 3013; baseline 0.002 -19"><span class='ocrx_word' id='word_1_340' title='bbox 1836 2931 2024 2994; x_wconf 89' lang='lat' dir='ltr'><strong>vobis</strong></span> <span class='ocrx_word' id='word_1_341' title='bbox 2057 2933 2399 3013; x_wconf 88' lang='lat' dir='ltr'><strong>gentibus:</strong></span> <span class='ocrx_word' id='word_1_342' title='bbox 2433 2933 2487 2995; x_wconf 90' lang='lat' dir='ltr'><strong>si</strong></span> <span class='ocrx_word' id='word_1_343' title='bbox 2507 2942 2730 2996; x_wconf 87' lang='lat' dir='ltr'><strong>tamen</strong></span> <span class='ocrx_word' id='word_1_344' title='bbox 2758 2934 3035 2997; x_wconf 90' lang='lat' dir='ltr'><strong>audistis</strong></span> 
     </span>
     <span class='ocr_line' id='line_1_72' title="bbox 1834 3018 3034 3103; baseline 0.004 -23"><span class='ocrx_word' id='word_1_345' title='bbox 1834 3018 2400 3100; x_wconf 89' lang='lat' dir='ltr'><strong>dispensationem</strong></span> <span class='ocrx_word' id='word_1_346' title='bbox 2463 3023 2674 3102; x_wconf 84' lang='lat' dir='ltr'><strong>gratie</strong></span> <span class='ocrx_word' id='word_1_347' title='bbox 2735 3022 2843 3085; x_wconf 92' lang='lat' dir='ltr'><strong>dei</strong></span> <span class='ocrx_word' id='word_1_348' title='bbox 2903 3042 3034 3103; x_wconf 91' lang='lat' dir='ltr'><strong>que</strong></span> 
     </span>
     <span class='ocr_line' id='line_1_73' title="bbox 1835 3106 3032 3191; baseline 0.003 -22"><span class='ocrx_word' id='word_1_349' title='bbox 1835 3106 1996 3170; x_wconf 91' lang='lat' dir='ltr'><strong>data</strong></span> <span class='ocrx_word' id='word_1_350' title='bbox 2028 3116 2128 3171; x_wconf 89' lang='lat' dir='ltr'><strong>est</strong></span> <span class='ocrx_word' id='word_1_351' title='bbox 2163 3108 2323 3171; x_wconf 89' lang='lat' dir='ltr'><strong>mihi</strong></span> <span class='ocrx_word' id='word_1_352' title='bbox 2356 3110 2422 3171; x_wconf 91' lang='lat' dir='ltr'><strong>in</strong></span> <span class='ocrx_word' id='word_1_353' title='bbox 2453 3110 2683 3173; x_wconf 91' lang='lat' dir='ltr'><strong>vobis:</strong></span> <span class='ocrx_word' id='word_1_354' title='bbox 2715 3111 3032 3191; x_wconf 89' lang='lat' dir='ltr'><strong>quoniam</strong></span> 
     </span>
     <span class='ocr_line' id='line_1_74' title="bbox 1836 3196 3032 3261; baseline 0.004 -5"><span class='ocrx_word' id='word_1_355' title='bbox 1836 3196 2200 3259; x_wconf 90' lang='lat' dir='ltr'><strong>secundum</strong></span> <span class='ocrx_word' id='word_1_356' title='bbox 2263 3197 2735 3261; x_wconf 89' lang='lat' dir='ltr'><strong>revelationem</strong></span> <span class='ocrx_word' id='word_1_357' title='bbox 2797 3208 3032 3261; x_wconf 90' lang='lat' dir='ltr'><strong>notum</strong></span> 
     </span>
     <span class='ocr_line' id='line_1_75' title="bbox 1837 3283 3034 3349; baseline 0.003 -4"><span class='ocrx_word' id='word_1_358' title='bbox 1837 3283 1998 3346; x_wconf 90' lang='lat' dir='ltr'><strong>mihi</strong></span> <span class='ocrx_word' id='word_1_359' title='bbox 2045 3283 2294 3347; x_wconf 88' lang='lat' dir='ltr'><strong>sactum</strong></span> <span class='ocrx_word' id='word_1_360' title='bbox 2343 3294 2446 3348; x_wconf 90' lang='lat' dir='ltr'><strong>est</strong></span> <span class='ocrx_word' id='word_1_361' title='bbox 2493 3295 2982 3349; x_wconf 88' lang='lat' dir='ltr'><strong>sacramentum</strong></span> <span class='ocrx_word' id='word_1_362' title='bbox 3019 3308 3034 3349; x_wconf 93' lang='lat'><strong>:</strong></span> 
     </span>
     <span class='ocr_line' id='line_1_76' title="bbox 1835 3372 3034 3455; baseline 0.003 -22"><span class='ocrx_word' id='word_1_363' title='bbox 1835 3372 2004 3434; x_wconf 89' lang='lat' dir='ltr'><strong>sicut</strong></span> <span class='ocrx_word' id='word_1_364' title='bbox 2034 3392 2232 3453; x_wconf 89' lang='lat' dir='ltr'><strong>supra</strong></span> <span class='ocrx_word' id='word_1_365' title='bbox 2261 3373 2490 3454; x_wconf 90' lang='lat' dir='ltr'><strong>scripsi</strong></span> <span class='ocrx_word' id='word_1_366' title='bbox 2525 3375 2588 3435; x_wconf 89' lang='lat' dir='ltr'><strong>in</strong></span> <span class='ocrx_word' id='word_1_367' title='bbox 2622 3374 2804 3436; x_wconf 90' lang='lat' dir='ltr'><strong>brevi</strong></span> <span class='ocrx_word' id='word_1_368' title='bbox 2838 3383 3034 3455; x_wconf 90' lang='lat' dir='ltr'><strong>prout</strong></span> 
     </span>
     <span class='ocr_line' id='line_1_77' title="bbox 1837 3460 3031 3544; baseline 0.004 -23"><span class='ocrx_word' id='word_1_369' title='bbox 1837 3460 2114 3540; x_wconf 89' lang='lat' dir='ltr'><strong>potestis</strong></span> <span class='ocrx_word' id='word_1_370' title='bbox 2147 3461 2444 3543; x_wconf 89' lang='lat' dir='ltr'><strong>legentes</strong></span> <span class='ocrx_word' id='word_1_371' title='bbox 2483 3461 2849 3544; x_wconf 86' lang='lat' dir='ltr'><strong>intelligere</strong></span> <span class='ocrx_word' id='word_1_372' title='bbox 2880 3484 3031 3544; x_wconf 91' lang='lat' dir='ltr'><strong>pru-</strong></span> 
     </span>
     <span class='ocr_line' id='line_1_78' title="bbox 1831 3548 3034 3614; baseline 0.004 -5"><span class='ocrx_word' id='word_1_373' title='bbox 1831 3548 2132 3611; x_wconf 89' lang='lat' dir='ltr'><strong>dentiam</strong></span> <span class='ocrx_word' id='word_1_374' title='bbox 2208 3568 2428 3612; x_wconf 89' lang='lat' dir='ltr'><strong>meam</strong></span> <span class='ocrx_word' id='word_1_375' title='bbox 2517 3550 2584 3612; x_wconf 93' lang='lat' dir='ltr'><strong>in</strong></span> <span class='ocrx_word' id='word_1_376' title='bbox 2663 3552 3034 3614; x_wconf 88' lang='lat' dir='ltr'><strong>ministerio</strong></span> 
     </span>
    </p>

    <p class='ocr_par' dir='ltr' id='par_1_18' title="bbox 1835 3635 2100 3700">
     <span class='ocr_line' id='line_1_79' title="bbox 1835 3635 2100 3700; baseline 0 0"><span class='ocrx_word' id='word_1_377' title='bbox 1835 3635 2100 3700; x_wconf 88' lang='lat' dir='ltr'><strong>Christi.</strong></span> 
     </span>
    </p>

    <p class='ocr_par' dir='ltr' id='par_1_19' title="bbox 1835 3723 3034 3801">
     <span class='ocr_line' id='line_1_80' title="bbox 1835 3723 3034 3801; baseline 0.004 -16"><span class='ocrx_word' id='word_1_378' title='bbox 1835 3727 1899 3801; x_wconf 68' lang='lat'><strong>(1&#39;</strong></span> <span class='ocrx_word' id='word_1_379' title='bbox 1946 3724 2050 3786; x_wconf 90' lang='lat' dir='ltr'><strong>De</strong></span> <span class='ocrx_word' id='word_1_380' title='bbox 2105 3723 2257 3787; x_wconf 89' lang='lat' dir='ltr'><strong>all&#39;a</strong></span> <span class='ocrx_word' id='word_1_381' title='bbox 2303 3725 2668 3789; x_wconf 81' lang='lat' dir='ltr'><strong>claudendo.</strong></span> <span class='ocrx_word' id='word_1_382' title='bbox 2750 3726 3034 3791; x_wconf 81' lang='lat' dir='ltr'><strong>Sabbato</strong></span> 
     </span>
    </p>

    <p class='ocr_par' dir='ltr' id='par_1_20' title="bbox 1818 3812 3033 3893">
     <span class='ocr_line' id='line_1_81' title="bbox 1818 3812 3033 3893; baseline 0.004 -20"><span class='ocrx_word' id='word_1_383' title='bbox 1818 3812 2118 3893; x_wconf 84' lang='lat' dir='ltr'><strong>proximo</strong></span> <span class='ocrx_word' id='word_1_384' title='bbox 2163 3822 2315 3875; x_wconf 89' lang='lat' dir='ltr'><strong>ante</strong></span> <span class='ocrx_word' id='word_1_385' title='bbox 2351 3813 2476 3876; x_wconf 79' lang='lat' dir='ltr'><em>lxx.</em></span> <span class='ocrx_word' id='word_1_386' title='bbox 2509 3813 2859 3877; x_wconf 86' lang='lat' dir='ltr'><strong>claudatur</strong></span> <span class='ocrx_word' id='word_1_387' title='bbox 2883 3815 3033 3878; x_wconf 88' lang='lat' dir='ltr'><strong>all’a</strong></span> 
     </span>
    </p>

    <p class='ocr_par' dir='ltr' id='par_1_21' title="bbox 1831 3899 3033 3983">
     <span class='ocr_line' id='line_1_82' title="bbox 1831 3899 3033 3983; baseline 0.002 -21"><span class='ocrx_word' id='word_1_388' title='bbox 1831 3922 1875 3962; x_wconf 88' lang='lat' dir='ltr'><strong>a</strong></span> <span class='ocrx_word' id='word_1_389' title='bbox 1905 3899 2150 3963; x_wconf 82' lang='lat' dir='ltr'><strong>duobus</strong></span> <span class='ocrx_word' id='word_1_390' title='bbox 2181 3910 2334 3983; x_wconf 81' lang='lat' dir='ltr'><strong>post</strong></span> <span class='ocrx_word' id='word_1_391' title='bbox 2375 3922 2614 3965; x_wconf 85' lang='lat' dir='ltr'><strong>nonam</strong></span> <span class='ocrx_word' id='word_1_392' title='bbox 2663 3904 3033 3983; x_wconf 86' lang='lat' dir='ltr'><strong>completam</strong></span> 
     </span>
    </p>

    <p class='ocr_par' dir='ltr' id='par_1_22' title="bbox 1835 3988 3034 4055">
     <span class='ocr_line' id='line_1_83' title="bbox 1835 3988 3034 4055; baseline 0.003 -5"><span class='ocrx_word' id='word_1_393' title='bbox 1835 3988 1904 4051; x_wconf 84' lang='lat' dir='ltr'><strong>in</strong></span> <span class='ocrx_word' id='word_1_394' title='bbox 1939 3988 2145 4052; x_wconf 86' lang='lat' dir='ltr'><strong>medio</strong></span> <span class='ocrx_word' id='word_1_395' title='bbox 2171 3988 2356 4052; x_wconf 74' lang='lat' dir='ltr'><strong>chori</strong></span> <span class='ocrx_word' id='word_1_396' title='bbox 2381 3990 2708 4054; x_wconf 85' lang='lat' dir='ltr'><strong>stantibus</strong></span> <span class='ocrx_word' id='word_1_397' title='bbox 2728 4014 2750 4054; x_wconf 96' lang='grc'><strong>.·</strong></span> <span class='ocrx_word' id='word_1_398' title='bbox 2795 4002 2856 4054; x_wconf 88' lang='lat' dir='ltr'><strong>et</strong></span> <span class='ocrx_word' id='word_1_399' title='bbox 2881 3992 3034 4055; x_wconf 86' lang='lat' dir='ltr'><strong>sub-</strong></span> 
     </span>
    </p>
   </div>
   <div class='ocr_carea' id='block_1_6' title="bbox 530 4077 3032 4166">
    <p class='ocr_par' dir='ltr' id='par_1_23' title="bbox 530 4077 3032 4166">
     <span class='ocr_line' id='line_1_84' title="bbox 530 4077 3032 4166; baseline -0.002 -19"><span class='ocrx_word' id='word_1_400' title='bbox 530 4084 621 4147; x_wconf 81' lang='lat' dir='ltr'><strong>Et</strong></span> <span class='ocrx_word' id='word_1_401' title='bbox 652 4103 781 4166; x_wconf 88' lang='lat' dir='ltr'><strong>que</strong></span> <span class='ocrx_word' id='word_1_402' title='bbox 813 4084 897 4145; x_wconf 91' lang='lat' dir='ltr'><strong>sit</strong></span> <span class='ocrx_word' id='word_1_403' title='bbox 942 4079 1442 4163; x_wconf 88' lang='lat' dir='ltr'><strong>supereminens</strong></span> <span class='ocrx_word' id='word_1_404' title='bbox 1474 4077 1732 4158; x_wconf 86' lang='lat' dir='ltr'><strong>magni·</strong></span> <span class='ocrx_word' id='word_1_405' title='bbox 1815 4077 2248 4158; x_wconf 80' lang='lat' dir='ltr'><strong>jungentibus</strong></span> <span class='ocrx_word' id='word_1_406' title='bbox 2335 4078 2820 4143; x_wconf 90' lang='lat' dir='ltr'><strong>Benedicamus</strong></span> <span class='ocrx_word' id='word_1_407' title='bbox 2913 4082 3032 4145; x_wconf 92' lang='lat' dir='ltr'><strong>do-</strong></span> 
     </span>
    </p>
   </div>
   <div class='ocr_carea' id='block_1_7' title="bbox 625 4204 1447 4457">
    <p class='ocr_par' dir='ltr' id='par_1_24' title="bbox 626 4204 1447 4325">
     <span class='ocr_line' id='line_1_85' title="bbox 634 4204 1447 4257; baseline -0.005 1"><span class='ocrx_word' id='word_1_408' title='bbox 634 4211 645 4238; x_wconf 82' lang='lat'>¹</span> <span class='ocrx_word' id='word_1_409' title='bbox 690 4208 1011 4257; x_wconf 82' lang='lat' dir='ltr'><strong>‘convenire’</strong></span> <span class='ocrx_word' id='word_1_410' title='bbox 1050 4207 1181 4255; x_wconf 80' lang='lat' dir='ltr'><strong>add:</strong></span> <span class='ocrx_word' id='word_1_411' title='bbox 1222 4204 1447 4254; x_wconf 84' lang='lat' dir='ltr'>E.G.W.</span> 
     </span>
     <span class='ocr_line' id='line_1_86' title="bbox 626 4274 1019 4325; baseline -0.013 1"><span class='ocrx_word' id='word_1_412' title='bbox 626 4278 646 4306; x_wconf 79' lang='lat'><strong>²</strong></span> <span class='ocrx_word' id='word_1_413' title='bbox 678 4282 847 4325; x_wconf 82' lang='lat' dir='ltr'><strong>erant:</strong></span> <span class='ocrx_word' id='word_1_414' title='bbox 890 4274 1019 4323; x_wconf 87' lang='lat' dir='ltr'>E.G.</span> 
     </span>
    </p>

    <p class='ocr_par' dir='ltr' id='par_1_25' title="bbox 625 4338 1148 4390">
     <span class='ocr_line' id='line_1_87' title="bbox 625 4338 1148 4390; baseline -0.01 0"><span class='ocrx_word' id='word_1_415' title='bbox 625 4344 646 4373; x_wconf 78' lang='lat'>⁸</span> <span class='ocrx_word' id='word_1_416' title='bbox 678 4342 881 4390; x_wconf 79' lang='lat' dir='ltr'><strong>vestris:</strong></span> <span class='ocrx_word' id='word_1_417' title='bbox 918 4338 1148 4388; x_wconf 82' lang='lat' dir='ltr'>E.G..W</span> 
     </span>
    </p>

    <p class='ocr_par' dir='ltr' id='par_1_26' title="bbox 626 4404 1068 4457">
     <span class='ocr_line' id='line_1_88' title="bbox 626 4404 1068 4457; baseline -0.009 0"><span class='ocrx_word' id='word_1_418' title='bbox 626 4414 645 4439; x_wconf 86' lang='lat'><strong>⁴</strong></span> <span class='ocrx_word' id='word_1_419' title='bbox 680 4416 879 4457; x_wconf 82' lang='lat' dir='ltr'><strong>nostre:</strong></span> <span class='ocrx_word' id='word_1_420' title='bbox 916 4404 1068 4455; x_wconf 91' lang='lat' dir='ltr'>G.W.</span> 
     </span>
    </p>
   </div>
   <div class='ocr_carea' id='block_1_8' title="bbox 624 4470 1529 4605">
    <p class='ocr_par' dir='ltr' id='par_1_27' title="bbox 624 4470 1529 4605">
     <span class='ocr_line' id='line_1_89' title="bbox 624 4470 1218 4523; baseline -0.012 1"><span class='ocrx_word' id='word_1_421' title='bbox 624 4480 644 4506; x_wconf 79' lang='lat'>⁸</span> <span class='ocrx_word' id='word_1_422' title='bbox 684 4473 789 4523; x_wconf 79' lang='lat' dir='ltr'><strong>‘et&#39;</strong></span> <span class='ocrx_word' id='word_1_423' title='bbox 828 4472 956 4521; x_wconf 87' lang='lat' dir='ltr'><strong>add:</strong></span> <span class='ocrx_word' id='word_1_424' title='bbox 994 4470 1218 4519; x_wconf 86' lang='lat' dir='ltr'><strong>E.G.W.</strong></span> 
     </span>
     <span class='ocr_line' id='line_1_90' title="bbox 626 4534 1529 4605; baseline -0.007 -16"><span class='ocrx_word' id='word_1_425' title='bbox 626 4546 645 4571; x_wconf 82' lang='lat'>⁸</span> <span class='ocrx_word' id='word_1_426' title='bbox 681 4556 771 4605; x_wconf 83' lang='lat' dir='ltr'><strong>pro</strong></span> <span class='ocrx_word' id='word_1_427' title='bbox 803 4538 1025 4586; x_wconf 85' lang='lat' dir='ltr'><strong>‘divine’</strong></span> <span class='ocrx_word' id='word_1_428' title='bbox 1062 4536 1264 4585; x_wconf 84' lang='lat' dir='ltr'><strong>divitie:</strong></span> <span class='ocrx_word' id='word_1_429' title='bbox 1304 4534 1529 4583; x_wconf 80' lang='lat' dir='ltr'>E.G.W.</span> 
     </span>
    </p>
   </div>
   <div class='ocr_carea' id='block_1_9' title="bbox 1910 4205 2845 4517">
    <p class='ocr_par' dir='ltr' id='par_1_28' title="bbox 1927 4205 2675 4257">
     <span class='ocr_line' id='line_1_91' title="bbox 1927 4205 2675 4257; baseline 0.009 -7"><span class='ocrx_word' id='word_1_430' title='bbox 1927 4208 1944 4232; x_wconf 82' lang='lat'>⁷</span> <span class='ocrx_word' id='word_1_431' title='bbox 1985 4205 2212 4253; x_wconf 81' lang='lat' dir='ltr'><strong>‘virtutis</strong></span> <span class='ocrx_word' id='word_1_432' title='bbox 2233 4205 2245 4228; x_wconf 85' lang='grc'><strong><em>’</em></strong></span> <span class='ocrx_word' id='word_1_433' title='bbox 2279 4206 2411 4255; x_wconf 85' lang='lat' dir='ltr'><strong>add:</strong></span> <span class='ocrx_word' id='word_1_434' title='bbox 2449 4207 2675 4257; x_wconf 88' lang='lat' dir='ltr'>E.G.W.</span> 
     </span>
    </p>

    <p class='ocr_par' dir='ltr' id='par_1_29' title="bbox 1923 4270 2845 4387">
     <span class='ocr_line' id='line_1_92' title="bbox 1927 4270 2845 4323; baseline 0.005 -5"><span class='ocrx_word' id='word_1_435' title='bbox 1927 4274 1944 4299; x_wconf 84' lang='lat'>⁸</span> <span class='ocrx_word' id='word_1_436' title='bbox 1986 4270 2383 4321; x_wconf 79' lang='lat' dir='ltr'><strong>‘convivificavit</strong></span> <span class='ocrx_word' id='word_1_437' title='bbox 2407 4272 2419 4294; x_wconf 88' lang='lat'>’</span> <span class='ocrx_word' id='word_1_438' title='bbox 2455 4274 2585 4322; x_wconf 82' lang='lat' dir='ltr'><strong>add:</strong></span> <span class='ocrx_word' id='word_1_439' title='bbox 2624 4274 2845 4323; x_wconf 91' lang='lat' dir='ltr'>E.G.W.</span> 
     </span>
     <span class='ocr_line' id='line_1_93' title="bbox 1923 4336 2452 4387; baseline 0.008 -5"><span class='ocrx_word' id='word_1_440' title='bbox 1923 4339 1943 4365; x_wconf 82' lang='lat'><strong>⁹</strong></span> <span class='ocrx_word' id='word_1_441' title='bbox 1985 4336 2064 4383; x_wconf 89' lang='lat' dir='ltr'><strong>‘in</strong></span> <span class='ocrx_word' id='word_1_442' title='bbox 2091 4336 2103 4358; x_wconf 89' lang='lat'>’</span> <span class='ocrx_word' id='word_1_443' title='bbox 2141 4352 2239 4385; x_wconf 88' lang='lat' dir='ltr'><strong>om.</strong></span> <span class='ocrx_word' id='word_1_444' title='bbox 2272 4357 2283 4387; x_wconf 89' lang='lat'><strong>:</strong></span> <span class='ocrx_word' id='word_1_445' title='bbox 2321 4338 2452 4386; x_wconf 69' lang='lat' dir='ltr'><strong>EG.</strong></span> 
     </span>
    </p>

    <p class='ocr_par' dir='ltr' id='par_1_30' title="bbox 1911 4402 2373 4453">
     <span class='ocr_line' id='line_1_94' title="bbox 1911 4402 2373 4453; baseline 0.011 -5"><span class='ocrx_word' id='word_1_446' title='bbox 1911 4403 1946 4431; x_wconf 84' lang='lat'><strong>¹⁰</strong></span> <span class='ocrx_word' id='word_1_447' title='bbox 1982 4402 2205 4451; x_wconf 85' lang='lat' dir='ltr'><strong>vinctus:</strong></span> <span class='ocrx_word' id='word_1_448' title='bbox 2243 4404 2373 4453; x_wconf 69' lang='lat' dir='ltr'><strong>EG.</strong></span> 
     </span>
    </p>

    <p class='ocr_par' dir='ltr' id='par_1_31' title="bbox 1910 4468 2298 4517">
     <span class='ocr_line' id='line_1_95' title="bbox 1910 4468 2298 4517; baseline 0 0"><span class='ocrx_word' id='word_1_449' title='bbox 1910 4470 1942 4497; x_wconf 83' lang='lat'><strong>¹¹</strong></span> <span class='ocrx_word' id='word_1_450' title='bbox 1981 4468 2199 4517; x_wconf 85' lang='lat' dir='ltr'><strong>Christi:</strong></span> <span class='ocrx_word' id='word_1_451' title='bbox 2237 4470 2298 4517; x_wconf 92' lang='lat' dir='ltr'><strong>G.</strong></span> 
     </span>
    </p>
   </div>
  </div>
 </body>
</html>
