<?xml version="1.0" encoding="UTF-8"?>
<!DOCTYPE html PUBLIC "-//W3C//DTD XHTML 1.0 Transitional//EN"
    "http://www.w3.org/TR/xhtml1/DTD/xhtml1-transitional.dtd">
<html xmlns="http://www.w3.org/1999/xhtml" xml:lang="en" lang="en">
 <head>
  <title>
</title>
<meta http-equiv="Content-Type" content="text/html;charset=utf-8" />
  <meta name='ocr-system' content='tesseract 3.04.00' />
  <meta name='ocr-capabilities' content='ocr_page ocr_carea ocr_par ocr_line ocrx_word'/>
</head>
<body>
  <div class='ocr_page' id='page_1' title='image "./publicationssur05unkngoog_0455.png"; bbox 0 0 3375 5100; ppageno 0'>
   <div class='ocr_carea' id='block_1_1' title="bbox 1465 310 2121 383">
    <p class='ocr_par' dir='ltr' id='par_1_1' title="bbox 1465 310 2121 383">
     <span class='ocr_line' id='line_1_1' title="bbox 1465 310 2121 383; baseline 0 -17"><span class='ocrx_word' id='word_1_1' title='bbox 1465 311 1724 367; x_wconf 74' lang='lat' dir='ltr'><em>FERJA</em></span> <span class='ocrx_word' id='word_1_2' title='bbox 1780 310 2009 383; x_wconf 78' lang='lat' dir='ltr'>QUAR</span> <span class='ocrx_word' id='word_1_3' title='bbox 2016 310 2121 367; x_wconf 83' lang='lat' dir='ltr'>TA</span> 
     </span>
    </p>
   </div>
   <div class='ocr_carea' id='block_1_2' title="bbox 1091 420 1246 477">
    <p class='ocr_par' dir='ltr' id='par_1_2' title="bbox 1091 420 1246 477">
     <span class='ocr_line' id='line_1_2' title="bbox 1091 420 1246 477; baseline 0.013 -2"><span class='ocrx_word' id='word_1_4' title='bbox 1091 420 1246 477; x_wconf 77' lang='lat'>793</span> 
     </span>
    </p>
   </div>
   <div class='ocr_carea' id='block_1_3' title="bbox 545 526 1765 4331">
    <p class='ocr_par' dir='ltr' id='par_1_3' title="bbox 545 526 1765 4331">
     <span class='ocr_line' id='line_1_3' title="bbox 551 526 1747 611; baseline 0 -20"><span class='ocrx_word' id='word_1_5' title='bbox 551 526 682 592; x_wconf 87' lang='lat' dir='ltr'>illic</span> <span class='ocrx_word' id='word_1_6' title='bbox 745 526 1242 611; x_wconf 88' lang='lat' dir='ltr'>trepidaverunt</span> <span class='ocrx_word' id='word_1_7' title='bbox 1320 526 1558 591; x_wconf 86' lang='lat' dir='ltr'>timore</span> <span class='ocrx_word' id='word_1_8' title='bbox 1631 526 1747 591; x_wconf 89' lang='lat' dir='ltr'>ubi</span> 
     </span>
     <span class='ocr_line' id='line_1_4' title="bbox 550 614 1749 695; baseline 0 -16"><span class='ocrx_word' id='word_1_9' title='bbox 550 637 684 679; x_wconf 90' lang='lat' dir='ltr'>non</span> <span class='ocrx_word' id='word_1_10' title='bbox 731 615 857 681; x_wconf 87' lang='lat' dir='ltr'>suit</span> <span class='ocrx_word' id='word_1_11' title='bbox 901 616 1116 681; x_wconf 86' lang='lat' dir='ltr'>timor.</span> <span class='ocrx_word' id='word_1_12' title='bbox 1211 614 1542 695; x_wconf 86' lang='lat' dir='ltr'><strong>Quoniam</strong></span> <span class='ocrx_word' id='word_1_13' title='bbox 1583 616 1749 679; x_wconf 90' lang='lat' dir='ltr'>deus</span> 
     </span>
     <span class='ocr_line' id='line_1_5' title="bbox 549 704 1750 788; baseline -0.001 -20"><span class='ocrx_word' id='word_1_14' title='bbox 549 705 898 787; x_wconf 90' lang='lat' dir='ltr'>dissipavit</span> <span class='ocrx_word' id='word_1_15' title='bbox 957 725 1108 769; x_wconf 90' lang='lat' dir='ltr'>ossa</span> <span class='ocrx_word' id='word_1_16' title='bbox 1159 724 1388 768; x_wconf 90' lang='lat' dir='ltr'>eorum</span> <span class='ocrx_word' id='word_1_17' title='bbox 1455 704 1569 788; x_wconf 91' lang='lat' dir='ltr'>qui</span> <span class='ocrx_word' id='word_1_18' title='bbox 1629 704 1750 768; x_wconf 89' lang='lat' dir='ltr'>ho-</span> 
     </span>
     <span class='ocr_line' id='line_1_6' title="bbox 551 792 1749 875; baseline 0.001 -18"><span class='ocrx_word' id='word_1_19' title='bbox 551 792 842 857; x_wconf 85' lang='lat' dir='ltr'>minibus</span> <span class='ocrx_word' id='word_1_20' title='bbox 903 792 1219 875; x_wconf 84' lang='lat' dir='ltr'>placent:</span> <span class='ocrx_word' id='word_1_21' title='bbox 1287 793 1544 857; x_wconf 88' lang='lat' dir='ltr'>confusi</span> <span class='ocrx_word' id='word_1_22' title='bbox 1593 804 1749 858; x_wconf 90' lang='lat' dir='ltr'>sunt</span> 
     </span>
     <span class='ocr_line' id='line_1_7' title="bbox 549 881 1749 965; baseline 0 -20"><span class='ocrx_word' id='word_1_23' title='bbox 549 882 867 965; x_wconf 90' lang='lat' dir='ltr'>quoniam</span> <span class='ocrx_word' id='word_1_24' title='bbox 899 881 1064 946; x_wconf 87' lang='lat' dir='ltr'>deus</span> <span class='ocrx_word' id='word_1_25' title='bbox 1095 883 1342 964; x_wconf 87' lang='lat' dir='ltr'>sprevit</span> <span class='ocrx_word' id='word_1_26' title='bbox 1371 902 1503 946; x_wconf 91' lang='lat' dir='ltr'>eos.</span> <span class='ocrx_word' id='word_1_27' title='bbox 1585 882 1749 961; x_wconf 93' lang='lat' dir='ltr'>Quis</span> 
     </span>
     <span class='ocr_line' id='line_1_8' title="bbox 547 970 1751 1051; baseline -0.001 -17"><span class='ocrx_word' id='word_1_28' title='bbox 547 970 739 1035; x_wconf 91' lang='lat' dir='ltr'>dabit</span> <span class='ocrx_word' id='word_1_29' title='bbox 792 991 882 1034; x_wconf 88' lang='lat' dir='ltr'>ex</span> <span class='ocrx_word' id='word_1_30' title='bbox 943 992 1110 1051; x_wconf 91' lang='lat' dir='ltr'>syon</span> <span class='ocrx_word' id='word_1_31' title='bbox 1165 972 1452 1035; x_wconf 87' lang='lat' dir='ltr'>salutare</span> <span class='ocrx_word' id='word_1_32' title='bbox 1505 970 1751 1034; x_wconf 82' lang='lat' dir='ltr'>israel:</span> 
     </span>
     <span class='ocr_line' id='line_1_9' title="bbox 545 1059 1751 1141; baseline -0.002 -17"><span class='ocrx_word' id='word_1_33' title='bbox 545 1078 699 1124; x_wconf 88' lang='lat' dir='ltr'>cum</span> <span class='ocrx_word' id='word_1_34' title='bbox 744 1060 1142 1123; x_wconf 87' lang='lat' dir='ltr'>converterit</span> <span class='ocrx_word' id='word_1_35' title='bbox 1185 1059 1496 1123; x_wconf 91' lang='lat' dir='ltr'>dominus</span> <span class='ocrx_word' id='word_1_36' title='bbox 1543 1060 1751 1141; x_wconf 89' lang='lat' dir='ltr'>capti-</span> 
     </span>
     <span class='ocr_line' id='line_1_10' title="bbox 549 1146 1753 1230; baseline 0 -19"><span class='ocrx_word' id='word_1_37' title='bbox 549 1148 830 1211; x_wconf 88' lang='lat' dir='ltr'>vitatem</span> <span class='ocrx_word' id='word_1_38' title='bbox 891 1147 1106 1230; x_wconf 87' lang='lat' dir='ltr'>plebis</span> <span class='ocrx_word' id='word_1_39' title='bbox 1173 1168 1342 1212; x_wconf 90' lang='lat' dir='ltr'>sue:</span> <span class='ocrx_word' id='word_1_40' title='bbox 1415 1146 1753 1211; x_wconf 90' lang='lat' dir='ltr'>exultabit</span> 
     </span>
     <span class='ocr_line' id='line_1_11' title="bbox 545 1234 1751 1319; baseline 0 -20"><span class='ocrx_word' id='word_1_41' title='bbox 545 1235 747 1319; x_wconf 90' lang='lat' dir='ltr'>jacob</span> <span class='ocrx_word' id='word_1_42' title='bbox 779 1246 847 1300; x_wconf 91' lang='lat' dir='ltr'>et</span> <span class='ocrx_word' id='word_1_43' title='bbox 877 1236 1193 1300; x_wconf 88' lang='lat' dir='ltr'>letabitur</span> <span class='ocrx_word' id='word_1_44' title='bbox 1222 1234 1455 1299; x_wconf 90' lang='lat' dir='ltr'>israel.¹</span> <span class='ocrx_word' id='word_1_45' title='bbox 1555 1235 1751 1299; x_wconf 88' lang='lat' dir='ltr'>Psal-</span> 
     </span>
     <span class='ocr_line' id='line_1_12' title="bbox 547 1321 1755 1457; baseline 0.002 -70"><span class='ocrx_word' id='word_1_46' title='bbox 547 1326 825 1457; x_wconf 86' lang='lat' dir='ltr'>Deus</span> <span class='ocrx_word' id='word_1_47' title='bbox 893 1325 962 1387; x_wconf 92' lang='lat' dir='ltr'>in</span> <span class='ocrx_word' id='word_1_48' title='bbox 1023 1324 1293 1388; x_wconf 91' lang='lat' dir='ltr'>nomine</span> <span class='ocrx_word' id='word_1_49' title='bbox 1351 1335 1470 1387; x_wconf 92' lang='lat' dir='ltr'>tuo</span> <span class='ocrx_word' id='word_1_50' title='bbox 1531 1321 1755 1409; x_wconf 67' lang='lat' dir='ltr'>[mus.²</span> 
     </span>
     <span class='ocr_line' id='line_1_13' title="bbox 706 1412 1751 1477; baseline 0.001 -2"><span class='ocrx_word' id='word_1_51' title='bbox 706 1412 966 1475; x_wconf 87' lang='lat' dir='ltr'>salvum</span> <span class='ocrx_word' id='word_1_52' title='bbox 1021 1432 1129 1476; x_wconf 91' lang='lat' dir='ltr'>me</span> <span class='ocrx_word' id='word_1_53' title='bbox 1180 1412 1324 1477; x_wconf 86' lang='lat' dir='ltr'>fac:</span> <span class='ocrx_word' id='word_1_54' title='bbox 1387 1422 1456 1476; x_wconf 91' lang='lat' dir='ltr'>et</span> <span class='ocrx_word' id='word_1_55' title='bbox 1504 1412 1570 1475; x_wconf 90' lang='lat' dir='ltr'>in</span> <span class='ocrx_word' id='word_1_56' title='bbox 1624 1413 1751 1477; x_wconf 91' lang='lat' dir='ltr'>vir-</span> 
     </span>
     <span class='ocr_line' id='line_1_14' title="bbox 551 1501 1755 1583; baseline 0.001 -20"><span class='ocrx_word' id='word_1_57' title='bbox 551 1506 698 1564; x_wconf 88' lang='lat' dir='ltr'>tute</span> <span class='ocrx_word' id='word_1_58' title='bbox 750 1509 868 1564; x_wconf 91' lang='lat' dir='ltr'>tua</span> <span class='ocrx_word' id='word_1_59' title='bbox 908 1501 1135 1583; x_wconf 91' lang='lat' dir='ltr'>judica</span> <span class='ocrx_word' id='word_1_60' title='bbox 1189 1521 1312 1567; x_wconf 88' lang='lat' dir='ltr'>me.</span> <span class='ocrx_word' id='word_1_61' title='bbox 1391 1501 1579 1565; x_wconf 89' lang='lat' dir='ltr'>Deus</span> <span class='ocrx_word' id='word_1_62' title='bbox 1633 1522 1755 1565; x_wconf 89' lang='lat' dir='ltr'>ex-</span> 
     </span>
     <span class='ocr_line' id='line_1_15' title="bbox 552 1590 1753 1655; baseline 0.002 -4"><span class='ocrx_word' id='word_1_63' title='bbox 552 1590 708 1653; x_wconf 85' lang='lat' dir='ltr'>audi</span> <span class='ocrx_word' id='word_1_64' title='bbox 758 1590 1126 1653; x_wconf 89' lang='lat' dir='ltr'>orationem</span> <span class='ocrx_word' id='word_1_65' title='bbox 1175 1609 1430 1655; x_wconf 74' lang='lat' dir='ltr'>meamz</span> <span class='ocrx_word' id='word_1_66' title='bbox 1485 1590 1753 1654; x_wconf 87' lang='lat' dir='ltr'>auribus</span> 
     </span>
     <span class='ocr_line' id='line_1_16' title="bbox 550 1677 1751 1761; baseline 0.003 -22"><span class='ocrx_word' id='word_1_67' title='bbox 550 1678 817 1761; x_wconf 88' lang='lat' dir='ltr'>percipe</span> <span class='ocrx_word' id='word_1_68' title='bbox 835 1679 1040 1742; x_wconf 88' lang='lat' dir='ltr'>verba</span> <span class='ocrx_word' id='word_1_69' title='bbox 1062 1678 1192 1741; x_wconf 88' lang='lat' dir='ltr'>oris</span> <span class='ocrx_word' id='word_1_70' title='bbox 1219 1680 1364 1743; x_wconf 90' lang='lat' dir='ltr'>mei.</span> <span class='ocrx_word' id='word_1_71' title='bbox 1419 1677 1751 1757; x_wconf 80' lang='lat' dir='ltr'><strong>Quoniam</strong></span> 
     </span>
     <span class='ocr_line' id='line_1_17' title="bbox 553 1765 1752 1831; baseline 0.003 -3"><span class='ocrx_word' id='word_1_72' title='bbox 553 1765 750 1829; x_wconf 89' lang='lat' dir='ltr'>alieni</span> <span class='ocrx_word' id='word_1_73' title='bbox 825 1766 1325 1831; x_wconf 89' lang='lat' dir='ltr'>insurrexerunt</span> <span class='ocrx_word' id='word_1_74' title='bbox 1399 1768 1752 1831; x_wconf 88' lang='lat' dir='ltr'>adversum</span> 
     </span>
     <span class='ocr_line' id='line_1_18' title="bbox 549 1854 1755 1938; baseline 0.002 -21"><span class='ocrx_word' id='word_1_75' title='bbox 549 1872 704 1921; x_wconf 82' lang='lat' dir='ltr'>me:</span> <span class='ocrx_word' id='word_1_76' title='bbox 779 1864 848 1919; x_wconf 91' lang='lat' dir='ltr'>et</span> <span class='ocrx_word' id='word_1_77' title='bbox 906 1854 1110 1919; x_wconf 85' lang='lat' dir='ltr'>fortes</span> <span class='ocrx_word' id='word_1_78' title='bbox 1171 1856 1552 1938; x_wconf 90' lang='lat' dir='ltr'>quesierunt</span> <span class='ocrx_word' id='word_1_79' title='bbox 1611 1855 1755 1919; x_wconf 89' lang='lat' dir='ltr'>ani·</span> 
     </span>
     <span class='ocr_line' id='line_1_19' title="bbox 551 1954 1755 2027; baseline 0.002 -21"><span class='ocrx_word' id='word_1_80' title='bbox 551 1962 733 2007; x_wconf 89' lang='lat' dir='ltr'>mam</span> <span class='ocrx_word' id='word_1_81' title='bbox 783 1964 1043 2009; x_wconf 87' lang='lat' dir='ltr'>meam:</span> <span class='ocrx_word' id='word_1_82' title='bbox 1089 1954 1156 2007; x_wconf 91' lang='lat' dir='ltr'>et</span> <span class='ocrx_word' id='word_1_83' title='bbox 1205 1964 1340 2008; x_wconf 91' lang='lat' dir='ltr'>non</span> <span class='ocrx_word' id='word_1_84' title='bbox 1391 1964 1755 2027; x_wconf 86' lang='lat' dir='ltr'>proposue-</span> 
     </span>
     <span class='ocr_line' id='line_1_20' title="bbox 549 2033 1751 2115; baseline 0 -20"><span class='ocrx_word' id='word_1_85' title='bbox 549 2042 706 2096; x_wconf 91' lang='lat' dir='ltr'>runt</span> <span class='ocrx_word' id='word_1_86' title='bbox 794 2033 996 2096; x_wconf 91' lang='lat' dir='ltr'>deum</span> <span class='ocrx_word' id='word_1_87' title='bbox 1076 2042 1232 2097; x_wconf 90' lang='lat' dir='ltr'>ante</span> <span class='ocrx_word' id='word_1_88' title='bbox 1321 2042 1751 2115; x_wconf 88' lang='lat' dir='ltr'>conspectum</span> 
     </span>
     <span class='ocr_line' id='line_1_21' title="bbox 545 2120 1756 2204; baseline 0 -20"><span class='ocrx_word' id='word_1_89' title='bbox 545 2140 758 2185; x_wconf 88' lang='lat' dir='ltr'>suum.</span> <span class='ocrx_word' id='word_1_90' title='bbox 848 2120 1029 2186; x_wconf 91' lang='lat' dir='ltr'>Ecce</span> <span class='ocrx_word' id='word_1_91' title='bbox 1073 2122 1248 2185; x_wconf 91' lang='lat' dir='ltr'>enim</span> <span class='ocrx_word' id='word_1_92' title='bbox 1283 2120 1448 2185; x_wconf 92' lang='lat' dir='ltr'>deus</span> <span class='ocrx_word' id='word_1_93' title='bbox 1479 2120 1756 2204; x_wconf 91' lang='lat' dir='ltr'>adjuvat</span> 
     </span>
     <span class='ocr_line' id='line_1_22' title="bbox 551 2210 1756 2292; baseline 0 -19"><span class='ocrx_word' id='word_1_94' title='bbox 551 2228 702 2274; x_wconf 80' lang='lat' dir='ltr'>me:</span> <span class='ocrx_word' id='word_1_95' title='bbox 750 2218 820 2273; x_wconf 91' lang='lat' dir='ltr'>et</span> <span class='ocrx_word' id='word_1_96' title='bbox 879 2210 1190 2273; x_wconf 89' lang='lat' dir='ltr'>dominus</span> <span class='ocrx_word' id='word_1_97' title='bbox 1248 2220 1594 2292; x_wconf 86' lang='lat' dir='ltr'>susceptor</span> <span class='ocrx_word' id='word_1_98' title='bbox 1651 2218 1756 2273; x_wconf 90' lang='lat' dir='ltr'>est</span> 
     </span>
     <span class='ocr_line' id='line_1_23' title="bbox 549 2298 1753 2363; baseline 0 -2"><span class='ocrx_word' id='word_1_99' title='bbox 549 2298 774 2362; x_wconf 90' lang='lat' dir='ltr'>anime</span> <span class='ocrx_word' id='word_1_100' title='bbox 806 2317 968 2363; x_wconf 87' lang='lat' dir='ltr'>mee.</span> <span class='ocrx_word' id='word_1_101' title='bbox 1037 2299 1292 2362; x_wconf 88' lang='lat' dir='ltr'>Averte</span> <span class='ocrx_word' id='word_1_102' title='bbox 1323 2298 1503 2363; x_wconf 89' lang='lat' dir='ltr'>mala</span> <span class='ocrx_word' id='word_1_103' title='bbox 1535 2298 1753 2361; x_wconf 89' lang='lat' dir='ltr'>inimi-</span> 
     </span>
     <span class='ocr_line' id='line_1_24' title="bbox 549 2386 1755 2451; baseline -0.002 0"><span class='ocrx_word' id='word_1_104' title='bbox 549 2388 642 2451; x_wconf 92' lang='lat' dir='ltr'>cis</span> <span class='ocrx_word' id='word_1_105' title='bbox 675 2386 880 2451; x_wconf 87' lang='lat' dir='ltr'>meis:</span> <span class='ocrx_word' id='word_1_106' title='bbox 927 2395 995 2451; x_wconf 92' lang='lat' dir='ltr'>et</span> <span class='ocrx_word' id='word_1_107' title='bbox 1041 2386 1107 2449; x_wconf 89' lang='lat' dir='ltr'>in</span> <span class='ocrx_word' id='word_1_108' title='bbox 1136 2388 1417 2450; x_wconf 90' lang='lat' dir='ltr'>veritate</span> <span class='ocrx_word' id='word_1_109' title='bbox 1461 2396 1579 2451; x_wconf 89' lang='lat' dir='ltr'>tua</span> <span class='ocrx_word' id='word_1_110' title='bbox 1621 2387 1755 2450; x_wconf 86' lang='lat' dir='ltr'>dis·</span> 
     </span>
     <span class='ocr_line' id='line_1_25' title="bbox 549 2473 1755 2559; baseline 0 -21"><span class='ocrx_word' id='word_1_111' title='bbox 549 2475 754 2559; x_wconf 91' lang='lat' dir='ltr'>perde</span> <span class='ocrx_word' id='word_1_112' title='bbox 801 2474 965 2540; x_wconf 81' lang='lat' dir='ltr'>illos,</span> <span class='ocrx_word' id='word_1_113' title='bbox 1073 2473 1458 2541; x_wconf 88' lang='lat' dir='ltr'>Voluntarie</span> <span class='ocrx_word' id='word_1_114' title='bbox 1504 2475 1755 2539; x_wconf 87' lang='lat' dir='ltr'>sacrifi-</span> 
     </span>
     <span class='ocr_line' id='line_1_26' title="bbox 547 2563 1754 2630; baseline 0 -2"><span class='ocrx_word' id='word_1_115' title='bbox 547 2564 718 2628; x_wconf 90' lang='lat' dir='ltr'>cabo</span> <span class='ocrx_word' id='word_1_116' title='bbox 763 2563 924 2630; x_wconf 89' lang='lat' dir='ltr'>tibi:</span> <span class='ocrx_word' id='word_1_117' title='bbox 971 2573 1041 2628; x_wconf 92' lang='lat' dir='ltr'>et</span> <span class='ocrx_word' id='word_1_118' title='bbox 1085 2564 1453 2629; x_wconf 86' lang='lat' dir='ltr'>confitebor</span> <span class='ocrx_word' id='word_1_119' title='bbox 1501 2565 1754 2628; x_wconf 89' lang='lat' dir='ltr'>nomini</span> 
     </span>
     <span class='ocr_line' id='line_1_27' title="bbox 549 2653 1755 2736; baseline 0.001 -20"><span class='ocrx_word' id='word_1_120' title='bbox 549 2661 669 2716; x_wconf 91' lang='lat' dir='ltr'>tuo</span> <span class='ocrx_word' id='word_1_121' title='bbox 699 2653 972 2717; x_wconf 91' lang='lat' dir='ltr'>domine</span> <span class='ocrx_word' id='word_1_122' title='bbox 1001 2653 1318 2736; x_wconf 89' lang='lat' dir='ltr'>quoniam</span> <span class='ocrx_word' id='word_1_123' title='bbox 1352 2653 1601 2717; x_wconf 91' lang='lat' dir='ltr'>bonum</span> <span class='ocrx_word' id='word_1_124' title='bbox 1633 2662 1755 2718; x_wconf 90' lang='lat' dir='ltr'>est.</span> 
     </span>
     <span class='ocr_line' id='line_1_28' title="bbox 557 2741 1755 2822; baseline 0.002 -18"><span class='ocrx_word' id='word_1_125' title='bbox 557 2741 889 2822; x_wconf 83' lang='lat' dir='ltr'>Quoniam</span> <span class='ocrx_word' id='word_1_126' title='bbox 944 2762 1034 2805; x_wconf 92' lang='lat' dir='ltr'>ex</span> <span class='ocrx_word' id='word_1_127' title='bbox 1084 2742 1266 2806; x_wconf 89' lang='lat' dir='ltr'>omni</span> <span class='ocrx_word' id='word_1_128' title='bbox 1326 2741 1755 2806; x_wconf 85' lang='lat' dir='ltr'>tribulatione</span> 
     </span>
     <span class='ocr_line' id='line_1_29' title="bbox 551 2831 1757 2913; baseline 0 -19"><span class='ocrx_word' id='word_1_129' title='bbox 551 2831 849 2913; x_wconf 85' lang='lat' dir='ltr'>eripuisti</span> <span class='ocrx_word' id='word_1_130' title='bbox 899 2850 1045 2895; x_wconf 90' lang='lat' dir='ltr'>me:</span> <span class='ocrx_word' id='word_1_131' title='bbox 1093 2838 1160 2893; x_wconf 91' lang='lat' dir='ltr'>et</span> <span class='ocrx_word' id='word_1_132' title='bbox 1205 2849 1402 2912; x_wconf 89' lang='lat' dir='ltr'>super</span> <span class='ocrx_word' id='word_1_133' title='bbox 1454 2831 1757 2895; x_wconf 89' lang='lat' dir='ltr'>inimicos</span> 
     </span>
     <span class='ocr_line' id='line_1_30' title="bbox 555 2918 1612 3000; baseline 0 -17"><span class='ocrx_word' id='word_1_134' title='bbox 555 2939 742 2983; x_wconf 88' lang='lat' dir='ltr'>meos</span> <span class='ocrx_word' id='word_1_135' title='bbox 772 2918 1086 3000; x_wconf 86' lang='lat' dir='ltr'>despexit</span> <span class='ocrx_word' id='word_1_136' title='bbox 1117 2918 1348 2982; x_wconf 89' lang='lat' dir='ltr'>oculus</span> <span class='ocrx_word' id='word_1_137' title='bbox 1381 2919 1612 2983; x_wconf 72' lang='lat' dir='ltr'>meus,⁸</span> 
     </span>
     <span class='ocr_line' id='line_1_31' title="bbox 549 3005 1757 3140; baseline 0.001 -71"><span class='ocrx_word' id='word_1_138' title='bbox 549 3007 913 3140; x_wconf 80' lang='lat' dir='ltr'>Exaudi</span> <span class='ocrx_word' id='word_1_139' title='bbox 933 3007 1096 3070; x_wconf 92' lang='lat' dir='ltr'>deus</span> <span class='ocrx_word' id='word_1_140' title='bbox 1115 3008 1356 3072; x_wconf 86' lang='lat' dir='ltr'>oratio·</span> <span class='ocrx_word' id='word_1_141' title='bbox 1373 3005 1757 3091; x_wconf 82' lang='lat' dir='ltr'>[Psalmus.⁴</span> 
     </span>
     <span class='ocr_line' id='line_1_32' title="bbox 706 3096 1758 3179; baseline 0.001 -21"><span class='ocrx_word' id='word_1_142' title='bbox 706 3115 859 3158; x_wconf 90' lang='lat' dir='ltr'>nem</span> <span class='ocrx_word' id='word_1_143' title='bbox 907 3115 1166 3160; x_wconf 90' lang='lat' dir='ltr'>meam:</span> <span class='ocrx_word' id='word_1_144' title='bbox 1223 3105 1291 3160; x_wconf 89' lang='lat' dir='ltr'>et</span> <span class='ocrx_word' id='word_1_145' title='bbox 1337 3117 1421 3160; x_wconf 90' lang='lat' dir='ltr'>ne</span> <span class='ocrx_word' id='word_1_146' title='bbox 1469 3096 1758 3179; x_wconf 89' lang='lat' dir='ltr'>despex-</span> 
     </span>
     <span class='ocr_line' id='line_1_33' title="bbox 555 3183 1758 3266; baseline -0.001 -18"><span class='ocrx_word' id='word_1_147' title='bbox 555 3185 682 3248; x_wconf 87' lang='lat' dir='ltr'>eris</span> <span class='ocrx_word' id='word_1_148' title='bbox 743 3183 1276 3266; x_wconf 89' lang='lat' dir='ltr'>deprecationem</span> <span class='ocrx_word' id='word_1_149' title='bbox 1333 3204 1596 3250; x_wconf 89' lang='lat' dir='ltr'>meam:</span> <span class='ocrx_word' id='word_1_150' title='bbox 1661 3185 1758 3247; x_wconf 88' lang='lat' dir='ltr'>in-</span> 
     </span>
     <span class='ocr_line' id='line_1_34' title="bbox 554 3271 1759 3339; baseline 0 -3"><span class='ocrx_word' id='word_1_151' title='bbox 554 3271 756 3336; x_wconf 90' lang='lat' dir='ltr'>tende</span> <span class='ocrx_word' id='word_1_152' title='bbox 789 3273 949 3336; x_wconf 89' lang='lat' dir='ltr'>mihi</span> <span class='ocrx_word' id='word_1_153' title='bbox 996 3282 1065 3337; x_wconf 91' lang='lat' dir='ltr'>et</span> <span class='ocrx_word' id='word_1_154' title='bbox 1093 3272 1340 3337; x_wconf 87' lang='lat' dir='ltr'>exaudi</span> <span class='ocrx_word' id='word_1_155' title='bbox 1389 3294 1513 3337; x_wconf 88' lang='lat' dir='ltr'>me.</span> <span class='ocrx_word' id='word_1_156' title='bbox 1589 3271 1759 3339; x_wconf 86' lang='lat' dir='ltr'>Con-</span> 
     </span>
     <span class='ocr_line' id='line_1_35' title="bbox 553 3360 1759 3426; baseline 0.002 -2"><span class='ocrx_word' id='word_1_157' title='bbox 553 3360 853 3425; x_wconf 91' lang='lat' dir='ltr'>tristatus</span> <span class='ocrx_word' id='word_1_158' title='bbox 929 3381 1076 3425; x_wconf 89' lang='lat' dir='ltr'>sum</span> <span class='ocrx_word' id='word_1_159' title='bbox 1149 3363 1219 3425; x_wconf 92' lang='lat' dir='ltr'>in</span> <span class='ocrx_word' id='word_1_160' title='bbox 1281 3361 1759 3426; x_wconf 87' lang='lat' dir='ltr'>exercitatione</span> 
     </span>
     <span class='ocr_line' id='line_1_36' title="bbox 558 3450 1761 3515; baseline 0.001 -2"><span class='ocrx_word' id='word_1_161' title='bbox 558 3469 749 3514; x_wconf 87' lang='lat' dir='ltr'>mea:</span> <span class='ocrx_word' id='word_1_162' title='bbox 842 3458 910 3513; x_wconf 91' lang='lat' dir='ltr'>et</span> <span class='ocrx_word' id='word_1_163' title='bbox 983 3450 1416 3515; x_wconf 90' lang='lat' dir='ltr'>conturbatus</span> <span class='ocrx_word' id='word_1_164' title='bbox 1493 3471 1640 3514; x_wconf 91' lang='lat' dir='ltr'>sum</span> <span class='ocrx_word' id='word_1_165' title='bbox 1719 3471 1761 3514; x_wconf 93' lang='lat' dir='ltr'>a</span> 
     </span>
     <span class='ocr_line' id='line_1_37' title="bbox 557 3537 1759 3603; baseline 0 -1"><span class='ocrx_word' id='word_1_166' title='bbox 557 3559 722 3603; x_wconf 92' lang='lat' dir='ltr'>voce</span> <span class='ocrx_word' id='word_1_167' title='bbox 782 3537 1029 3603; x_wconf 89' lang='lat' dir='ltr'>inimici</span> <span class='ocrx_word' id='word_1_168' title='bbox 1105 3547 1174 3602; x_wconf 91' lang='lat' dir='ltr'>et</span> <span class='ocrx_word' id='word_1_169' title='bbox 1233 3559 1274 3602; x_wconf 93' lang='lat' dir='ltr'>a</span> <span class='ocrx_word' id='word_1_170' title='bbox 1333 3538 1759 3602; x_wconf 82' lang='lat' dir='ltr'>tribulatione</span> 
     </span>
     <span class='ocr_line' id='line_1_38' title="bbox 557 3625 1763 3710; baseline 0.001 -19"><span class='ocrx_word' id='word_1_171' title='bbox 557 3628 940 3710; x_wconf 66' lang='lat' dir='ltr'>peccatoris</span> <span class='ocrx_word' id='word_1_172' title='bbox 1009 3625 1338 3706; x_wconf 82' lang='lat' dir='ltr'>Quoniam</span> <span class='ocrx_word' id='word_1_173' title='bbox 1387 3628 1763 3692; x_wconf 88' lang='lat' dir='ltr'>declinave-</span> 
     </span>
     <span class='ocr_line' id='line_1_39' title="bbox 561 3715 1761 3798; baseline 0.001 -20"><span class='ocrx_word' id='word_1_174' title='bbox 561 3725 716 3778; x_wconf 89' lang='lat' dir='ltr'>runt</span> <span class='ocrx_word' id='word_1_175' title='bbox 747 3716 814 3778; x_wconf 92' lang='lat' dir='ltr'>in</span> <span class='ocrx_word' id='word_1_176' title='bbox 847 3737 954 3778; x_wconf 91' lang='lat' dir='ltr'>me</span> <span class='ocrx_word' id='word_1_177' title='bbox 993 3715 1374 3798; x_wconf 91' lang='lat' dir='ltr'>iniquitates</span> <span class='ocrx_word' id='word_1_178' title='bbox 1403 3737 1417 3780; x_wconf 91' lang='lat'><strong>:</strong></span> <span class='ocrx_word' id='word_1_179' title='bbox 1463 3726 1532 3780; x_wconf 92' lang='lat' dir='ltr'>et</span> <span class='ocrx_word' id='word_1_180' title='bbox 1565 3717 1630 3779; x_wconf 93' lang='lat' dir='ltr'>in</span> <span class='ocrx_word' id='word_1_181' title='bbox 1663 3717 1761 3780; x_wconf 90' lang='lat' dir='ltr'>ira</span> 
     </span>
     <span class='ocr_line' id='line_1_40' title="bbox 561 3803 1759 3870; baseline 0 -2"><span class='ocrx_word' id='word_1_182' title='bbox 561 3804 822 3868; x_wconf 87' lang='lat' dir='ltr'>molesti</span> <span class='ocrx_word' id='word_1_183' title='bbox 871 3813 1059 3868; x_wconf 91' lang='lat' dir='ltr'>erant</span> <span class='ocrx_word' id='word_1_184' title='bbox 1101 3804 1278 3868; x_wconf 89' lang='lat' dir='ltr'>mihi.</span> <span class='ocrx_word' id='word_1_185' title='bbox 1377 3803 1504 3870; x_wconf 87' lang='lat' dir='ltr'>Cor</span> <span class='ocrx_word' id='word_1_186' title='bbox 1535 3825 1759 3868; x_wconf 90' lang='lat' dir='ltr'>meum</span> 
     </span>
     <span class='ocr_line' id='line_1_41' title="bbox 560 3891 1763 3959; baseline -0.001 -2"><span class='ocrx_word' id='word_1_187' title='bbox 560 3893 1029 3957; x_wconf 90' lang='lat' dir='ltr'>conturbatum</span> <span class='ocrx_word' id='word_1_188' title='bbox 1077 3901 1180 3956; x_wconf 91' lang='lat' dir='ltr'>est</span> <span class='ocrx_word' id='word_1_189' title='bbox 1225 3894 1291 3956; x_wconf 90' lang='lat' dir='ltr'>in</span> <span class='ocrx_word' id='word_1_190' title='bbox 1340 3912 1486 3959; x_wconf 88' lang='lat' dir='ltr'>me:</span> <span class='ocrx_word' id='word_1_191' title='bbox 1533 3903 1601 3957; x_wconf 91' lang='lat' dir='ltr'>et</span> <span class='ocrx_word' id='word_1_192' title='bbox 1631 3891 1763 3956; x_wconf 85' lang='lat' dir='ltr'>for-</span> 
     </span>
     <span class='ocr_line' id='line_1_42' title="bbox 563 3980 1760 4064; baseline 0.001 -21"><span class='ocrx_word' id='word_1_193' title='bbox 563 3982 747 4044; x_wconf 88' lang='lat' dir='ltr'>mido</span> <span class='ocrx_word' id='word_1_194' title='bbox 803 3983 1032 4045; x_wconf 87' lang='lat' dir='ltr'>mortis</span> <span class='ocrx_word' id='word_1_195' title='bbox 1092 3980 1332 4046; x_wconf 89' lang='lat' dir='ltr'>cecidit</span> <span class='ocrx_word' id='word_1_196' title='bbox 1383 4002 1584 4064; x_wconf 91' lang='lat' dir='ltr'>super</span> <span class='ocrx_word' id='word_1_197' title='bbox 1633 4001 1760 4045; x_wconf 90' lang='lat' dir='ltr'>me.</span> 
     </span>
     <span class='ocr_line' id='line_1_43' title="bbox 573 4070 1765 4152; baseline 0 -20"><span class='ocrx_word' id='word_1_198' title='bbox 573 4070 808 4135; x_wconf 86' lang='lat' dir='ltr'>Timor</span> <span class='ocrx_word' id='word_1_199' title='bbox 838 4079 904 4133; x_wconf 92' lang='lat' dir='ltr'>et</span> <span class='ocrx_word' id='word_1_200' title='bbox 935 4078 1184 4133; x_wconf 89' lang='lat' dir='ltr'>tremor</span> <span class='ocrx_word' id='word_1_201' title='bbox 1212 4079 1535 4134; x_wconf 89' lang='lat' dir='ltr'>venerunt</span> <span class='ocrx_word' id='word_1_202' title='bbox 1567 4090 1765 4152; x_wconf 91' lang='lat' dir='ltr'>super</span> 
     </span>
     <span class='ocr_line' id='line_1_44' title="bbox 561 4158 1761 4223; baseline 0.002 -2"><span class='ocrx_word' id='word_1_203' title='bbox 561 4178 672 4220; x_wconf 90' lang='lat' dir='ltr'>me</span> <span class='ocrx_word' id='word_1_204' title='bbox 699 4177 713 4220; x_wconf 91' lang='lat'>:</span> <span class='ocrx_word' id='word_1_205' title='bbox 761 4167 829 4221; x_wconf 90' lang='lat' dir='ltr'>et</span> <span class='ocrx_word' id='word_1_206' title='bbox 859 4168 1304 4222; x_wconf 90' lang='lat' dir='ltr'>contexerunt</span> <span class='ocrx_word' id='word_1_207' title='bbox 1334 4179 1442 4222; x_wconf 91' lang='lat' dir='ltr'>me</span> <span class='ocrx_word' id='word_1_208' title='bbox 1473 4158 1761 4223; x_wconf 89' lang='lat' dir='ltr'>tenebre.</span> 
     </span>
     <span class='ocr_line' id='line_1_45' title="bbox 558 4246 1765 4331; baseline 0.002 -21"><span class='ocrx_word' id='word_1_209' title='bbox 558 4246 655 4310; x_wconf 90' lang='lat' dir='ltr'>Et</span> <span class='ocrx_word' id='word_1_210' title='bbox 697 4246 841 4310; x_wconf 89' lang='lat' dir='ltr'>dixi</span> <span class='ocrx_word' id='word_1_211' title='bbox 885 4247 1034 4330; x_wconf 90' lang='lat' dir='ltr'>quis</span> <span class='ocrx_word' id='word_1_212' title='bbox 1078 4246 1269 4312; x_wconf 90' lang='lat' dir='ltr'>dabit</span> <span class='ocrx_word' id='word_1_213' title='bbox 1300 4247 1461 4312; x_wconf 85' lang='lat' dir='ltr'>mihi</span> <span class='ocrx_word' id='word_1_214' title='bbox 1507 4268 1765 4331; x_wconf 91' lang='lat' dir='ltr'>pennas</span> 
     </span>
    </p>
   </div>
   <div class='ocr_carea' id='block_1_4' title="bbox 561 4395 1760 4594">
    <p class='ocr_par' dir='ltr' id='par_1_4' title="bbox 561 4395 1760 4594">
     <span class='ocr_line' id='line_1_46' title="bbox 661 4395 1760 4462; baseline 0.002 -18"><span class='ocrx_word' id='word_1_215' title='bbox 661 4396 674 4426; x_wconf 86' lang='lat'>¹</span> <span class='ocrx_word' id='word_1_216' title='bbox 719 4398 733 4423; x_wconf 85' lang='lat'>‘</span> <span class='ocrx_word' id='word_1_217' title='bbox 750 4395 870 4445; x_wconf 82' lang='lat' dir='ltr'>Non</span> <span class='ocrx_word' id='word_1_218' title='bbox 893 4395 1080 4446; x_wconf 77' lang='lat' dir='ltr'>dicitur</span> <span class='ocrx_word' id='word_1_219' title='bbox 1098 4397 1170 4445; x_wconf 84' lang='lat' dir='ltr'>ad</span> <span class='ocrx_word' id='word_1_220' title='bbox 1187 4403 1486 4447; x_wconf 74' lang='lat' dir='ltr'>nocturnum</span> <span class='ocrx_word' id='word_1_221' title='bbox 1523 4397 1610 4448; x_wconf 78' lang='lat' dir='ltr'>iste</span> <span class='ocrx_word' id='word_1_222' title='bbox 1621 4395 1760 4462; x_wconf 82' lang='lat' dir='ltr'>psal·</span> 
     </span>
     <span class='ocr_line' id='line_1_47' title="bbox 561 4462 1114 4526; baseline 0 -14"><span class='ocrx_word' id='word_1_223' title='bbox 561 4479 672 4512; x_wconf 82' lang='lat' dir='ltr'>mus</span> <span class='ocrx_word' id='word_1_224' title='bbox 696 4471 757 4526; x_wconf 84' lang='lat'>53</span> <span class='ocrx_word' id='word_1_225' title='bbox 776 4462 789 4486; x_wconf 87' lang='lat'>’</span> <span class='ocrx_word' id='word_1_226' title='bbox 810 4463 942 4511; x_wconf 79' lang='lat' dir='ltr'>adel:</span> <span class='ocrx_word' id='word_1_227' title='bbox 975 4463 1114 4512; x_wconf 79' lang='lat' dir='ltr'><em>E-G.</em></span> 
     </span>
     <span class='ocr_line' id='line_1_48' title="bbox 659 4528 1379 4594; baseline 0.001 -17"><span class='ocrx_word' id='word_1_228' title='bbox 659 4531 678 4559; x_wconf 83' lang='lat'>²</span> <span class='ocrx_word' id='word_1_229' title='bbox 699 4534 779 4593; x_wconf 63' lang='lat' dir='ltr'>pf.</span> <span class='ocrx_word' id='word_1_230' title='bbox 809 4539 838 4592; x_wconf 82' lang='lat'>5</span> <span class='ocrx_word' id='word_1_231' title='bbox 843 4541 871 4591; x_wconf 86' lang='lat'>3</span> <span class='ocrx_word' id='word_1_232' title='bbox 892 4543 910 4577; x_wconf 91' lang='grc'>.·</span> <span class='ocrx_word' id='word_1_233' title='bbox 943 4529 1010 4578; x_wconf 81' lang='lat' dir='ltr'>E.</span> <span class='ocrx_word' id='word_1_234' title='bbox 1026 4529 1083 4577; x_wconf 90' lang='lat' dir='ltr'>G.</span> <span class='ocrx_word' id='word_1_235' title='bbox 1155 4528 1255 4594; x_wconf 83' lang='lat' dir='ltr'>liij.</span> <span class='ocrx_word' id='word_1_236' title='bbox 1273 4543 1291 4576; x_wconf 93' lang='grc'>.·</span> <span class='ocrx_word' id='word_1_237' title='bbox 1326 4530 1379 4578; x_wconf 90' lang='lat' dir='ltr'>S.</span> 
     </span>
    </p>
   </div>
   <div class='ocr_carea' id='block_1_5' title="bbox 2356 420 2503 475">
    <p class='ocr_par' dir='ltr' id='par_1_5' title="bbox 2356 420 2503 475">
     <span class='ocr_line' id='line_1_49' title="bbox 2356 420 2503 475; baseline 0 -1"><span class='ocrx_word' id='word_1_238' title='bbox 2356 420 2503 475; x_wconf 69' lang='lat'>79⁴</span> 
     </span>
    </p>
   </div>
   <div class='ocr_carea' id='block_1_6' title="bbox 1844 524 3076 4330">
    <p class='ocr_par' dir='ltr' id='par_1_6' title="bbox 1844 524 3076 4330">
     <span class='ocr_line' id='line_1_50' title="bbox 1844 524 3059 591; baseline 0.001 -1"><span class='ocrx_word' id='word_1_239' title='bbox 1844 526 2017 591; x_wconf 90' lang='lat' dir='ltr'>sicut</span> <span class='ocrx_word' id='word_1_240' title='bbox 2058 524 2369 591; x_wconf 88' lang='lat' dir='ltr'>columbe</span> <span class='ocrx_word' id='word_1_241' title='bbox 2396 546 2413 590; x_wconf 75' lang='grc' dir='ltr'><strong><em>ε</em></strong></span> <span class='ocrx_word' id='word_1_242' title='bbox 2470 536 2538 591; x_wconf 89' lang='lat' dir='ltr'>et</span> <span class='ocrx_word' id='word_1_243' title='bbox 2568 526 2815 591; x_wconf 91' lang='lat' dir='ltr'>volabo</span> <span class='ocrx_word' id='word_1_244' title='bbox 2850 536 2923 591; x_wconf 89' lang='lat' dir='ltr'>et</span> <span class='ocrx_word' id='word_1_245' title='bbox 2950 548 3059 591; x_wconf 89' lang='lat' dir='ltr'>re-</span> 
     </span>
     <span class='ocr_line' id='line_1_51' title="bbox 1846 616 3058 697; baseline 0.002 -20"><span class='ocrx_word' id='word_1_246' title='bbox 1846 616 2205 697; x_wconf 89' lang='lat' dir='ltr'>quiescam.</span> <span class='ocrx_word' id='word_1_247' title='bbox 2314 616 2495 679; x_wconf 90' lang='lat' dir='ltr'>Ecce</span> <span class='ocrx_word' id='word_1_248' title='bbox 2566 616 2875 697; x_wconf 90' lang='lat' dir='ltr'>elongavi</span> <span class='ocrx_word' id='word_1_249' title='bbox 2949 617 3058 679; x_wconf 86' lang='lat' dir='ltr'>fu-</span> 
     </span>
     <span class='ocr_line' id='line_1_52' title="bbox 1846 704 3056 785; baseline 0.002 -20"><span class='ocrx_word' id='word_1_250' title='bbox 1846 706 2079 785; x_wconf 89' lang='lat' dir='ltr'>giens:</span> <span class='ocrx_word' id='word_1_251' title='bbox 2144 714 2213 767; x_wconf 93' lang='lat' dir='ltr'>et</span> <span class='ocrx_word' id='word_1_252' title='bbox 2276 705 2488 768; x_wconf 89' lang='lat' dir='ltr'>mansi</span> <span class='ocrx_word' id='word_1_253' title='bbox 2544 705 2608 767; x_wconf 90' lang='lat' dir='ltr'>in</span> <span class='ocrx_word' id='word_1_254' title='bbox 2672 704 3056 769; x_wconf 85' lang='lat' dir='ltr'>solitudine.</span> 
     </span>
     <span class='ocr_line' id='line_1_53' title="bbox 1845 791 3057 875; baseline 0.002 -20"><span class='ocrx_word' id='word_1_255' title='bbox 1845 791 2319 875; x_wconf 88' lang='lat' dir='ltr'>Expectabam</span> <span class='ocrx_word' id='word_1_256' title='bbox 2386 812 2539 856; x_wconf 92' lang='lat' dir='ltr'>eum</span> <span class='ocrx_word' id='word_1_257' title='bbox 2600 794 2715 875; x_wconf 90' lang='lat' dir='ltr'>qui</span> <span class='ocrx_word' id='word_1_258' title='bbox 2790 792 3057 857; x_wconf 88' lang='lat' dir='ltr'>salvum</span> 
     </span>
     <span class='ocr_line' id='line_1_54' title="bbox 1850 880 3059 966; baseline 0.002 -23"><span class='ocrx_word' id='word_1_259' title='bbox 1850 900 1958 943; x_wconf 86' lang='lat' dir='ltr'>me</span> <span class='ocrx_word' id='word_1_260' title='bbox 2053 880 2259 946; x_wconf 87' lang='lat' dir='ltr'>fecit:</span> <span class='ocrx_word' id='word_1_261' title='bbox 2365 902 2407 945; x_wconf 93' lang='lat' dir='ltr'>a</span> <span class='ocrx_word' id='word_1_262' title='bbox 2502 882 3059 966; x_wconf 88' lang='lat' dir='ltr'>pusillanimitate</span> 
     </span>
     <span class='ocr_line' id='line_1_55' title="bbox 1848 969 3060 1053; baseline 0.001 -22"><span class='ocrx_word' id='word_1_263' title='bbox 1848 969 2117 1051; x_wconf 89' lang='lat' dir='ltr'>spiritus</span> <span class='ocrx_word' id='word_1_264' title='bbox 2147 980 2219 1033; x_wconf 90' lang='lat' dir='ltr'>et</span> <span class='ocrx_word' id='word_1_265' title='bbox 2240 980 2657 1053; x_wconf 87' lang='lat' dir='ltr'>tempestate.</span> <span class='ocrx_word' id='word_1_266' title='bbox 2710 971 3060 1052; x_wconf 87' lang='lat' dir='ltr'>Precipita</span> 
     </span>
     <span class='ocr_line' id='line_1_56' title="bbox 1848 1058 3058 1141; baseline 0.003 -21"><span class='ocrx_word' id='word_1_267' title='bbox 1848 1058 2119 1121; x_wconf 91' lang='lat' dir='ltr'>domine</span> <span class='ocrx_word' id='word_1_268' title='bbox 2174 1060 2399 1123; x_wconf 89' lang='lat' dir='ltr'>divide</span> <span class='ocrx_word' id='word_1_269' title='bbox 2458 1058 2719 1141; x_wconf 84' lang='lat' dir='ltr'>ling-uas</span> <span class='ocrx_word' id='word_1_270' title='bbox 2778 1079 3058 1124; x_wconf 87' lang='lat' dir='ltr'>eorum:</span> 
     </span>
     <span class='ocr_line' id='line_1_57' title="bbox 1849 1148 3059 1229; baseline 0 -20"><span class='ocrx_word' id='word_1_271' title='bbox 1849 1148 2165 1229; x_wconf 91' lang='lat' dir='ltr'>quoniam</span> <span class='ocrx_word' id='word_1_272' title='bbox 2192 1148 2325 1211; x_wconf 89' lang='lat' dir='ltr'>vidi</span> <span class='ocrx_word' id='word_1_273' title='bbox 2360 1148 2779 1229; x_wconf 90' lang='lat' dir='ltr'>iniquitatem</span> <span class='ocrx_word' id='word_1_274' title='bbox 2802 1156 2871 1211; x_wconf 89' lang='lat' dir='ltr'>et</span> <span class='ocrx_word' id='word_1_275' title='bbox 2892 1168 3059 1209; x_wconf 89' lang='lat' dir='ltr'>con-</span> 
     </span>
     <span class='ocr_line' id='line_1_58' title="bbox 1850 1235 3059 1299; baseline 0 0"><span class='ocrx_word' id='word_1_276' title='bbox 1850 1235 2315 1299; x_wconf 87' lang='lat' dir='ltr'>tradictionem</span> <span class='ocrx_word' id='word_1_277' title='bbox 2348 1237 2415 1298; x_wconf 92' lang='lat' dir='ltr'>in</span> <span class='ocrx_word' id='word_1_278' title='bbox 2448 1237 2731 1299; x_wconf 88' lang='lat' dir='ltr'>civitate.</span> <span class='ocrx_word' id='word_1_279' title='bbox 2812 1236 2942 1299; x_wconf 88' lang='lat' dir='ltr'>Die</span> <span class='ocrx_word' id='word_1_280' title='bbox 2974 1256 3059 1299; x_wconf 90' lang='lat' dir='ltr'>ac</span> 
     </span>
     <span class='ocr_line' id='line_1_59' title="bbox 1852 1325 3059 1405; baseline 0 -19"><span class='ocrx_word' id='word_1_281' title='bbox 1852 1333 2051 1387; x_wconf 90' lang='lat' dir='ltr'>nocte</span> <span class='ocrx_word' id='word_1_282' title='bbox 2080 1325 2487 1387; x_wconf 88' lang='lat' dir='ltr'>circundabit</span> <span class='ocrx_word' id='word_1_283' title='bbox 2506 1345 2655 1388; x_wconf 89' lang='lat' dir='ltr'>earn</span> <span class='ocrx_word' id='word_1_284' title='bbox 2680 1344 2879 1405; x_wconf 89' lang='lat' dir='ltr'>super</span> <span class='ocrx_word' id='word_1_285' title='bbox 2908 1344 3059 1387; x_wconf 87' lang='lat' dir='ltr'>mu-</span> 
     </span>
     <span class='ocr_line' id='line_1_60' title="bbox 1852 1412 3057 1495; baseline 0 -21"><span class='ocrx_word' id='word_1_286' title='bbox 1852 1432 1959 1475; x_wconf 87' lang='lat' dir='ltr'>ros</span> <span class='ocrx_word' id='word_1_287' title='bbox 2020 1413 2162 1493; x_wconf 91' lang='lat' dir='ltr'>ejus</span> <span class='ocrx_word' id='word_1_288' title='bbox 2216 1414 2567 1495; x_wconf 89' lang='lat' dir='ltr'>iniquitas:</span> <span class='ocrx_word' id='word_1_289' title='bbox 2626 1422 2697 1476; x_wconf 90' lang='lat' dir='ltr'>et</span> <span class='ocrx_word' id='word_1_290' title='bbox 2744 1412 2934 1475; x_wconf 88' lang='lat' dir='ltr'>labor</span> <span class='ocrx_word' id='word_1_291' title='bbox 2988 1414 3057 1475; x_wconf 89' lang='lat' dir='ltr'>in</span> 
     </span>
     <span class='ocr_line' id='line_1_61' title="bbox 1854 1500 3057 1582; baseline 0 -19"><span class='ocrx_word' id='word_1_292' title='bbox 1854 1500 2075 1563; x_wconf 90' lang='lat' dir='ltr'>medio</span> <span class='ocrx_word' id='word_1_293' title='bbox 2107 1501 2249 1582; x_wconf 88' lang='lat' dir='ltr'>ejus</span> <span class='ocrx_word' id='word_1_294' title='bbox 2279 1510 2348 1565; x_wconf 89' lang='lat' dir='ltr'>et</span> <span class='ocrx_word' id='word_1_295' title='bbox 2380 1502 2719 1582; x_wconf 88' lang='lat' dir='ltr'>injustitia.</span> <span class='ocrx_word' id='word_1_296' title='bbox 2792 1501 2887 1563; x_wconf 90' lang='lat' dir='ltr'>Et</span> <span class='ocrx_word' id='word_1_297' title='bbox 2916 1520 3057 1564; x_wconf 88' lang='lat' dir='ltr'>non</span> 
     </span>
     <span class='ocr_line' id='line_1_62' title="bbox 1852 1588 3060 1672; baseline 0.001 -20"><span class='ocrx_word' id='word_1_298' title='bbox 1852 1588 2096 1653; x_wconf 84' lang='lat' dir='ltr'>defecit</span> <span class='ocrx_word' id='word_1_299' title='bbox 2124 1590 2211 1653; x_wconf 92' lang='lat' dir='ltr'>de</span> <span class='ocrx_word' id='word_1_300' title='bbox 2242 1590 2481 1672; x_wconf 89' lang='lat' dir='ltr'>plateis</span> <span class='ocrx_word' id='word_1_301' title='bbox 2526 1589 2667 1670; x_wconf 90' lang='lat' dir='ltr'>ejus</span> <span class='ocrx_word' id='word_1_302' title='bbox 2695 1612 2710 1654; x_wconf 88' lang='lat'><strong>:</strong></span> <span class='ocrx_word' id='word_1_303' title='bbox 2757 1610 2957 1652; x_wconf 89' lang='lat' dir='ltr'>usura</span> <span class='ocrx_word' id='word_1_304' title='bbox 2988 1600 3060 1653; x_wconf 86' lang='lat' dir='ltr'>et</span> 
     </span>
     <span class='ocr_line' id='line_1_63' title="bbox 1854 1677 3059 1756; baseline 0.001 -16"><span class='ocrx_word' id='word_1_305' title='bbox 1854 1678 2063 1741; x_wconf 78' lang='lat' dir='ltr'>dolus,</span> <span class='ocrx_word' id='word_1_306' title='bbox 2116 1677 2445 1756; x_wconf 82' lang='lat' dir='ltr'>Quoniam</span> <span class='ocrx_word' id='word_1_307' title='bbox 2463 1680 2519 1741; x_wconf 91' lang='lat' dir='ltr'>si</span> <span class='ocrx_word' id='word_1_308' title='bbox 2540 1679 2843 1742; x_wconf 92' lang='lat' dir='ltr'>inimicus</span> <span class='ocrx_word' id='word_1_309' title='bbox 2868 1698 3059 1741; x_wconf 88' lang='lat' dir='ltr'>meus</span> 
     </span>
     <span class='ocr_line' id='line_1_64' title="bbox 1854 1765 3057 1832; baseline 0 -3"><span class='ocrx_word' id='word_1_310' title='bbox 1854 1765 2033 1829; x_wconf 90' lang='lat' dir='ltr'>male</span> <span class='ocrx_word' id='word_1_311' title='bbox 2056 1765 2337 1830; x_wconf 89' lang='lat' dir='ltr'>dixisset</span> <span class='ocrx_word' id='word_1_312' title='bbox 2362 1766 2521 1830; x_wconf 91' lang='lat' dir='ltr'>mihi</span> <span class='ocrx_word' id='word_1_313' title='bbox 2546 1788 2561 1832; x_wconf 90' lang='lat'>:</span> <span class='ocrx_word' id='word_1_314' title='bbox 2592 1768 3057 1830; x_wconf 86' lang='lat' dir='ltr'>sustinuissem</span> 
     </span>
     <span class='ocr_line' id='line_1_65' title="bbox 1854 1854 3061 1937; baseline 0 -18"><span class='ocrx_word' id='word_1_315' title='bbox 1854 1855 2102 1937; x_wconf 91' lang='lat' dir='ltr'>utique.</span> <span class='ocrx_word' id='word_1_316' title='bbox 2176 1854 2271 1919; x_wconf 91' lang='lat' dir='ltr'>Et</span> <span class='ocrx_word' id='word_1_317' title='bbox 2318 1856 2371 1919; x_wconf 92' lang='lat' dir='ltr'>si</span> <span class='ocrx_word' id='word_1_318' title='bbox 2420 1857 2473 1918; x_wconf 91' lang='lat' dir='ltr'>is</span> <span class='ocrx_word' id='word_1_319' title='bbox 2520 1856 2633 1937; x_wconf 92' lang='lat' dir='ltr'>qui</span> <span class='ocrx_word' id='word_1_320' title='bbox 2680 1855 2913 1919; x_wconf 88' lang='lat' dir='ltr'>oderat</span> <span class='ocrx_word' id='word_1_321' title='bbox 2948 1875 3061 1919; x_wconf 90' lang='lat' dir='ltr'>me</span> 
     </span>
     <span class='ocr_line' id='line_1_66' title="bbox 1854 1943 3061 2027; baseline 0.002 -21"><span class='ocrx_word' id='word_1_322' title='bbox 1854 1962 2052 2025; x_wconf 90' lang='lat' dir='ltr'>super</span> <span class='ocrx_word' id='word_1_323' title='bbox 2084 1964 2191 2007; x_wconf 91' lang='lat' dir='ltr'>me</span> <span class='ocrx_word' id='word_1_324' title='bbox 2224 1963 2467 2027; x_wconf 86' lang='lat' dir='ltr'>magna</span> <span class='ocrx_word' id='word_1_325' title='bbox 2498 1943 2759 2007; x_wconf 88' lang='lat' dir='ltr'>locutus</span> <span class='ocrx_word' id='word_1_326' title='bbox 2789 1945 3061 2009; x_wconf 83' lang='lat' dir='ltr'>fuisset:</span> 
     </span>
     <span class='ocr_line' id='line_1_67' title="bbox 1854 2030 3063 2096; baseline 0 -1"><span class='ocrx_word' id='word_1_327' title='bbox 1854 2031 2349 2096; x_wconf 88' lang='lat' dir='ltr'>abscondissem</span> <span class='ocrx_word' id='word_1_328' title='bbox 2395 2052 2503 2096; x_wconf 90' lang='lat' dir='ltr'>me</span> <span class='ocrx_word' id='word_1_329' title='bbox 2532 2030 2807 2095; x_wconf 87' lang='lat' dir='ltr'>forsitan</span> <span class='ocrx_word' id='word_1_330' title='bbox 2840 2032 2925 2095; x_wconf 91' lang='lat' dir='ltr'>ab</span> <span class='ocrx_word' id='word_1_331' title='bbox 2958 2052 3063 2095; x_wconf 76' lang='lat' dir='ltr'>eo,</span> 
     </span>
     <span class='ocr_line' id='line_1_68' title="bbox 1866 2120 3061 2185; baseline -0.001 -1"><span class='ocrx_word' id='word_1_332' title='bbox 1866 2120 1967 2184; x_wconf 88' lang='lat' dir='ltr'>Tu</span> <span class='ocrx_word' id='word_1_333' title='bbox 2016 2140 2175 2183; x_wconf 90' lang='lat' dir='ltr'>vero</span> <span class='ocrx_word' id='word_1_334' title='bbox 2226 2120 2431 2184; x_wconf 90' lang='lat' dir='ltr'>homo</span> <span class='ocrx_word' id='word_1_335' title='bbox 2484 2121 2859 2185; x_wconf 88' lang='lat' dir='ltr'>unanimis:</span> <span class='ocrx_word' id='word_1_336' title='bbox 2912 2122 3061 2184; x_wconf 92' lang='lat' dir='ltr'>dux</span> 
     </span>
     <span class='ocr_line' id='line_1_69' title="bbox 1858 2208 3062 2287; baseline 0.001 -16"><span class='ocrx_word' id='word_1_337' title='bbox 1858 2228 2043 2272; x_wconf 89' lang='lat' dir='ltr'>meus</span> <span class='ocrx_word' id='word_1_338' title='bbox 2074 2219 2143 2272; x_wconf 93' lang='lat' dir='ltr'>et</span> <span class='ocrx_word' id='word_1_339' title='bbox 2174 2218 2371 2273; x_wconf 89' lang='lat' dir='ltr'>notus</span> <span class='ocrx_word' id='word_1_340' title='bbox 2404 2229 2606 2273; x_wconf 88' lang='lat' dir='ltr'>meus.</span> <span class='ocrx_word' id='word_1_341' title='bbox 2698 2208 2825 2287; x_wconf 94' lang='lat' dir='ltr'>Qui</span> <span class='ocrx_word' id='word_1_342' title='bbox 2858 2210 3062 2273; x_wconf 88' lang='lat' dir='ltr'>simul</span> 
     </span>
     <span class='ocr_line' id='line_1_70' title="bbox 1856 2297 3061 2380; baseline 0.002 -21"><span class='ocrx_word' id='word_1_343' title='bbox 1856 2316 2118 2361; x_wconf 91' lang='lat' dir='ltr'>mecum</span> <span class='ocrx_word' id='word_1_344' title='bbox 2179 2298 2407 2362; x_wconf 92' lang='lat' dir='ltr'>dulces</span> <span class='ocrx_word' id='word_1_345' title='bbox 2458 2297 2769 2380; x_wconf 87' lang='lat' dir='ltr'>capiebas</span> <span class='ocrx_word' id='word_1_346' title='bbox 2828 2298 3061 2362; x_wconf 90' lang='lat' dir='ltr'>cibos:</span> 
     </span>
     <span class='ocr_line' id='line_1_71' title="bbox 1856 2385 3063 2451; baseline -0.001 -2"><span class='ocrx_word' id='word_1_347' title='bbox 1856 2386 1923 2449; x_wconf 90' lang='lat' dir='ltr'>in</span> <span class='ocrx_word' id='word_1_348' title='bbox 1969 2385 2175 2450; x_wconf 92' lang='lat' dir='ltr'>domo</span> <span class='ocrx_word' id='word_1_349' title='bbox 2220 2387 2327 2451; x_wconf 93' lang='lat' dir='ltr'>dei</span> <span class='ocrx_word' id='word_1_350' title='bbox 2372 2386 2859 2451; x_wconf 87' lang='lat' dir='ltr'>ambulavimus</span> <span class='ocrx_word' id='word_1_351' title='bbox 2904 2406 3063 2449; x_wconf 89' lang='lat' dir='ltr'>cum</span> 
     </span>
     <span class='ocr_line' id='line_1_72' title="bbox 1857 2474 3065 2558; baseline -0.001 -20"><span class='ocrx_word' id='word_1_352' title='bbox 1857 2494 2202 2538; x_wconf 89' lang='lat' dir='ltr'>consensu.</span> <span class='ocrx_word' id='word_1_353' title='bbox 2310 2474 2549 2539; x_wconf 88' lang='lat' dir='ltr'>Veniat</span> <span class='ocrx_word' id='word_1_354' title='bbox 2616 2494 2795 2538; x_wconf 91' lang='lat' dir='ltr'>mors</span> <span class='ocrx_word' id='word_1_355' title='bbox 2860 2496 3065 2558; x_wconf 87' lang='lat' dir='ltr'>super</span> 
     </span>
     <span class='ocr_line' id='line_1_73' title="bbox 1856 2563 3061 2629; baseline 0 -1"><span class='ocrx_word' id='word_1_356' title='bbox 1856 2563 2043 2629; x_wconf 91' lang='lat' dir='ltr'>illos:</span> <span class='ocrx_word' id='word_1_357' title='bbox 2092 2574 2160 2629; x_wconf 89' lang='lat' dir='ltr'>et</span> <span class='ocrx_word' id='word_1_358' title='bbox 2183 2564 2596 2629; x_wconf 89' lang='lat' dir='ltr'>descendant</span> <span class='ocrx_word' id='word_1_359' title='bbox 2625 2565 2693 2628; x_wconf 91' lang='lat' dir='ltr'>in</span> <span class='ocrx_word' id='word_1_360' title='bbox 2726 2564 3061 2628; x_wconf 83' lang='lat' dir='ltr'>infernum</span> 
     </span>
     <span class='ocr_line' id='line_1_74' title="bbox 1853 2653 3061 2736; baseline 0 -20"><span class='ocrx_word' id='word_1_361' title='bbox 1853 2653 2170 2717; x_wconf 77' lang='lat' dir='ltr'>viventes,</span> <span class='ocrx_word' id='word_1_362' title='bbox 2268 2653 2599 2732; x_wconf 78' lang='lat' dir='ltr'>Quoniam</span> <span class='ocrx_word' id='word_1_363' title='bbox 2642 2654 2945 2736; x_wconf 88' lang='lat' dir='ltr'>nequicie</span> <span class='ocrx_word' id='word_1_364' title='bbox 2991 2653 3061 2716; x_wconf 90' lang='lat' dir='ltr'>in</span> 
     </span>
     <span class='ocr_line' id='line_1_75' title="bbox 1856 2739 3065 2807; baseline 0 -3"><span class='ocrx_word' id='word_1_365' title='bbox 1856 2739 2255 2805; x_wconf 88' lang='lat' dir='ltr'>habitaculis</span> <span class='ocrx_word' id='word_1_366' title='bbox 2330 2761 2559 2807; x_wconf 87' lang='lat' dir='ltr'>eorum</span> <span class='ocrx_word' id='word_1_367' title='bbox 2595 2764 2612 2807; x_wconf 75' lang='lat' dir='ltr'>z</span> <span class='ocrx_word' id='word_1_368' title='bbox 2692 2741 2759 2804; x_wconf 92' lang='lat' dir='ltr'>in</span> <span class='ocrx_word' id='word_1_369' title='bbox 2836 2742 3065 2804; x_wconf 88' lang='lat' dir='ltr'>medio</span> 
     </span>
     <span class='ocr_line' id='line_1_76' title="bbox 1856 2829 3066 2914; baseline -0.002 -20"><span class='ocrx_word' id='word_1_370' title='bbox 1856 2849 2105 2894; x_wconf 88' lang='lat' dir='ltr'>eorum.</span> <span class='ocrx_word' id='word_1_371' title='bbox 2196 2829 2359 2914; x_wconf 84' lang='lat' dir='ltr'>Ego</span> <span class='ocrx_word' id='word_1_372' title='bbox 2418 2841 2641 2895; x_wconf 91' lang='lat' dir='ltr'>autem</span> <span class='ocrx_word' id='word_1_373' title='bbox 2697 2829 2783 2893; x_wconf 92' lang='lat' dir='ltr'>ad</span> <span class='ocrx_word' id='word_1_374' title='bbox 2844 2830 3066 2893; x_wconf 90' lang='lat' dir='ltr'>domi-</span> 
     </span>
     <span class='ocr_line' id='line_1_77' title="bbox 1858 2917 3063 2984; baseline -0.001 -2"><span class='ocrx_word' id='word_1_375' title='bbox 1858 2939 2020 2982; x_wconf 90' lang='lat' dir='ltr'>num</span> <span class='ocrx_word' id='word_1_376' title='bbox 2073 2917 2395 2984; x_wconf 87' lang='lat' dir='ltr'>clamavi:</span> <span class='ocrx_word' id='word_1_377' title='bbox 2450 2929 2520 2983; x_wconf 89' lang='lat' dir='ltr'>et</span> <span class='ocrx_word' id='word_1_378' title='bbox 2568 2919 2879 2982; x_wconf 89' lang='lat' dir='ltr'>dominus</span> <span class='ocrx_word' id='word_1_379' title='bbox 2930 2919 3063 2981; x_wconf 87' lang='lat' dir='ltr'>sal-</span> 
     </span>
     <span class='ocr_line' id='line_1_78' title="bbox 1856 3007 3067 3091; baseline -0.002 -19"><span class='ocrx_word' id='word_1_380' title='bbox 1856 3007 2039 3072; x_wconf 88' lang='lat' dir='ltr'>vavit</span> <span class='ocrx_word' id='word_1_381' title='bbox 2072 3026 2195 3074; x_wconf 91' lang='lat' dir='ltr'>me.</span> <span class='ocrx_word' id='word_1_382' title='bbox 2304 3007 2590 3091; x_wconf 83' lang='lat' dir='ltr'>Vespere</span> <span class='ocrx_word' id='word_1_383' title='bbox 2636 3015 2705 3072; x_wconf 94' lang='lat' dir='ltr'>et</span> <span class='ocrx_word' id='word_1_384' title='bbox 2752 3027 2951 3072; x_wconf 88' lang='lat' dir='ltr'>mane</span> <span class='ocrx_word' id='word_1_385' title='bbox 2994 3016 3067 3070; x_wconf 90' lang='lat' dir='ltr'>et</span> 
     </span>
     <span class='ocr_line' id='line_1_79' title="bbox 1860 3095 3065 3161; baseline 0.002 -3"><span class='ocrx_word' id='word_1_386' title='bbox 1860 3095 2135 3159; x_wconf 89' lang='lat' dir='ltr'>meridie</span> <span class='ocrx_word' id='word_1_387' title='bbox 2166 3096 2448 3160; x_wconf 89' lang='lat' dir='ltr'>narrabo</span> <span class='ocrx_word' id='word_1_388' title='bbox 2494 3105 2563 3161; x_wconf 90' lang='lat' dir='ltr'>et</span> <span class='ocrx_word' id='word_1_389' title='bbox 2592 3096 3017 3160; x_wconf 89' lang='lat' dir='ltr'>annunciabo</span> <span class='ocrx_word' id='word_1_390' title='bbox 3046 3117 3065 3160; x_wconf 89' lang='lat'>:</span> 
     </span>
     <span class='ocr_line' id='line_1_80' title="bbox 1859 3184 3069 3249; baseline -0.001 -2"><span class='ocrx_word' id='word_1_391' title='bbox 1859 3192 1928 3248; x_wconf 91' lang='lat' dir='ltr'>et</span> <span class='ocrx_word' id='word_1_392' title='bbox 1973 3185 2291 3249; x_wconf 88' lang='lat' dir='ltr'>exaudiet</span> <span class='ocrx_word' id='word_1_393' title='bbox 2319 3205 2551 3248; x_wconf 89' lang='lat' dir='ltr'>vocem</span> <span class='ocrx_word' id='word_1_394' title='bbox 2600 3204 2834 3249; x_wconf 87' lang='lat' dir='ltr'>meam.</span> <span class='ocrx_word' id='word_1_395' title='bbox 2926 3184 3069 3247; x_wconf 86' lang='lat' dir='ltr'>Re-</span> 
     </span>
     <span class='ocr_line' id='line_1_81' title="bbox 1858 3272 3067 3356; baseline 0 -20"><span class='ocrx_word' id='word_1_396' title='bbox 1858 3272 2073 3336; x_wconf 91' lang='lat' dir='ltr'>dimet</span> <span class='ocrx_word' id='word_1_397' title='bbox 2133 3273 2199 3336; x_wconf 90' lang='lat' dir='ltr'>in</span> <span class='ocrx_word' id='word_1_398' title='bbox 2262 3293 2425 3356; x_wconf 89' lang='lat' dir='ltr'>pace</span> <span class='ocrx_word' id='word_1_399' title='bbox 2482 3273 2778 3338; x_wconf 89' lang='lat' dir='ltr'>animam</span> <span class='ocrx_word' id='word_1_400' title='bbox 2840 3292 3067 3336; x_wconf 86' lang='lat' dir='ltr'>meam</span> 
     </span>
     <span class='ocr_line' id='line_1_82' title="bbox 1860 3360 3069 3444; baseline 0.001 -19"><span class='ocrx_word' id='word_1_401' title='bbox 1860 3360 1949 3425; x_wconf 92' lang='lat' dir='ltr'>ab</span> <span class='ocrx_word' id='word_1_402' title='bbox 1981 3360 2083 3424; x_wconf 92' lang='lat' dir='ltr'>his</span> <span class='ocrx_word' id='word_1_403' title='bbox 2130 3362 2241 3444; x_wconf 90' lang='lat' dir='ltr'>qui</span> <span class='ocrx_word' id='word_1_404' title='bbox 2288 3361 2829 3444; x_wconf 90' lang='lat' dir='ltr'>appropinquant</span> <span class='ocrx_word' id='word_1_405' title='bbox 2859 3360 3069 3426; x_wconf 90' lang='lat' dir='ltr'>mihi:</span> 
     </span>
     <span class='ocr_line' id='line_1_83' title="bbox 1862 3450 3069 3532; baseline 0 -20"><span class='ocrx_word' id='word_1_406' title='bbox 1862 3451 2179 3532; x_wconf 90' lang='lat' dir='ltr'>quoniam</span> <span class='ocrx_word' id='word_1_407' title='bbox 2211 3450 2383 3513; x_wconf 89' lang='lat' dir='ltr'>inter</span> <span class='ocrx_word' id='word_1_408' title='bbox 2412 3450 2659 3514; x_wconf 90' lang='lat' dir='ltr'>multos</span> <span class='ocrx_word' id='word_1_409' title='bbox 2704 3459 2895 3514; x_wconf 89' lang='lat' dir='ltr'>erant</span> <span class='ocrx_word' id='word_1_410' title='bbox 2926 3469 3069 3512; x_wconf 84' lang='lat' dir='ltr'>me—</span> 
     </span>
     <span class='ocr_line' id='line_1_84' title="bbox 1860 3537 3073 3602; baseline -0.002 0"><span class='ocrx_word' id='word_1_411' title='bbox 1860 3557 2032 3602; x_wconf 90' lang='lat' dir='ltr'>cum.</span> <span class='ocrx_word' id='word_1_412' title='bbox 2123 3537 2470 3602; x_wconf 88' lang='lat' dir='ltr'>Exaudiet</span> <span class='ocrx_word' id='word_1_413' title='bbox 2498 3539 2702 3602; x_wconf 89' lang='lat' dir='ltr'>deus:</span> <span class='ocrx_word' id='word_1_414' title='bbox 2748 3547 2817 3602; x_wconf 90' lang='lat' dir='ltr'>et</span> <span class='ocrx_word' id='word_1_415' title='bbox 2846 3537 3073 3602; x_wconf 90' lang='lat' dir='ltr'>humi-</span> 
     </span>
     <span class='ocr_line' id='line_1_85' title="bbox 1862 3625 3068 3711; baseline 0.002 -22"><span class='ocrx_word' id='word_1_416' title='bbox 1862 3625 2052 3690; x_wconf 91' lang='lat' dir='ltr'>liabit</span> <span class='ocrx_word' id='word_1_417' title='bbox 2106 3625 2253 3690; x_wconf 92' lang='lat' dir='ltr'>illos</span> <span class='ocrx_word' id='word_1_418' title='bbox 2300 3627 2415 3711; x_wconf 91' lang='lat' dir='ltr'>qui</span> <span class='ocrx_word' id='word_1_419' title='bbox 2464 3637 2567 3691; x_wconf 90' lang='lat' dir='ltr'>est</span> <span class='ocrx_word' id='word_1_420' title='bbox 2618 3637 2775 3690; x_wconf 88' lang='lat' dir='ltr'>ante</span> <span class='ocrx_word' id='word_1_421' title='bbox 2823 3627 3068 3692; x_wconf 84' lang='lat' dir='ltr'>secula.</span> 
     </span>
     <span class='ocr_line' id='line_1_86' title="bbox 1861 3715 3069 3780; baseline 0.001 -1"><span class='ocrx_word' id='word_1_422' title='bbox 1861 3715 2025 3779; x_wconf 89' lang='lat' dir='ltr'>Non</span> <span class='ocrx_word' id='word_1_423' title='bbox 2073 3715 2249 3780; x_wconf 91' lang='lat' dir='ltr'>enim</span> <span class='ocrx_word' id='word_1_424' title='bbox 2304 3725 2407 3780; x_wconf 90' lang='lat' dir='ltr'>est</span> <span class='ocrx_word' id='word_1_425' title='bbox 2456 3715 2582 3779; x_wconf 89' lang='lat' dir='ltr'>illis</span> <span class='ocrx_word' id='word_1_426' title='bbox 2625 3716 3069 3780; x_wconf 88' lang='lat' dir='ltr'>commutatio</span> 
     </span>
     <span class='ocr_line' id='line_1_87' title="bbox 1864 3803 3069 3868; baseline 0 0"><span class='ocrx_word' id='word_1_427' title='bbox 1864 3813 1932 3868; x_wconf 91' lang='lat' dir='ltr'>et</span> <span class='ocrx_word' id='word_1_428' title='bbox 1966 3823 2098 3867; x_wconf 89' lang='lat' dir='ltr'>non</span> <span class='ocrx_word' id='word_1_429' title='bbox 2131 3803 2495 3868; x_wconf 89' lang='lat' dir='ltr'>timuerunt</span> <span class='ocrx_word' id='word_1_430' title='bbox 2534 3805 2780 3868; x_wconf 90' lang='lat' dir='ltr'>deum:</span> <span class='ocrx_word' id='word_1_431' title='bbox 2828 3814 3069 3868; x_wconf 87' lang='lat' dir='ltr'>exten-</span> 
     </span>
     <span class='ocr_line' id='line_1_88' title="bbox 1864 3891 3068 3958; baseline 0.002 -4"><span class='ocrx_word' id='word_1_432' title='bbox 1864 3891 1964 3956; x_wconf 92' lang='lat' dir='ltr'>dit</span> <span class='ocrx_word' id='word_1_433' title='bbox 1996 3912 2269 3956; x_wconf 90' lang='lat' dir='ltr'>manum</span> <span class='ocrx_word' id='word_1_434' title='bbox 2298 3912 2489 3958; x_wconf 91' lang='lat' dir='ltr'>suam</span> <span class='ocrx_word' id='word_1_435' title='bbox 2522 3893 2589 3956; x_wconf 93' lang='lat' dir='ltr'>in</span> <span class='ocrx_word' id='word_1_436' title='bbox 2621 3892 3068 3956; x_wconf 82' lang='lat' dir='ltr'>retribuendo,</span> 
     </span>
     <span class='ocr_line' id='line_1_89' title="bbox 1869 3980 3071 4047; baseline -0.001 -1"><span class='ocrx_word' id='word_1_437' title='bbox 1869 3980 2504 4047; x_wconf 85' lang='lat' dir='ltr'>Contaminaverunt</span> <span class='ocrx_word' id='word_1_438' title='bbox 2584 3989 3071 4045; x_wconf 89' lang='lat' dir='ltr'>testamentum</span> 
     </span>
     <span class='ocr_line' id='line_1_90' title="bbox 1866 4069 3072 4151; baseline 0.002 -19"><span class='ocrx_word' id='word_1_439' title='bbox 1866 4069 2051 4151; x_wconf 88' lang='lat' dir='ltr'>ejus:</span> <span class='ocrx_word' id='word_1_440' title='bbox 2110 4070 2301 4134; x_wconf 89' lang='lat' dir='ltr'>divisi</span> <span class='ocrx_word' id='word_1_441' title='bbox 2354 4079 2510 4134; x_wconf 90' lang='lat' dir='ltr'>sunt</span> <span class='ocrx_word' id='word_1_442' title='bbox 2561 4069 2651 4133; x_wconf 92' lang='lat' dir='ltr'>ab</span> <span class='ocrx_word' id='word_1_443' title='bbox 2698 4071 2795 4133; x_wconf 90' lang='lat' dir='ltr'>ira</span> <span class='ocrx_word' id='word_1_444' title='bbox 2843 4069 3072 4134; x_wconf 89' lang='lat' dir='ltr'>vultus</span> 
     </span>
     <span class='ocr_line' id='line_1_91' title="bbox 1864 4157 3073 4242; baseline 0.001 -21"><span class='ocrx_word' id='word_1_445' title='bbox 1864 4158 2007 4239; x_wconf 88' lang='lat' dir='ltr'>ejus</span> <span class='ocrx_word' id='word_1_446' title='bbox 2040 4166 2107 4221; x_wconf 90' lang='lat' dir='ltr'>et</span> <span class='ocrx_word' id='word_1_447' title='bbox 2138 4159 2696 4242; x_wconf 86' lang='lat' dir='ltr'>appropinquavit</span> <span class='ocrx_word' id='word_1_448' title='bbox 2731 4178 2845 4223; x_wconf 89' lang='lat' dir='ltr'>cor</span> <span class='ocrx_word' id='word_1_449' title='bbox 2874 4157 3073 4222; x_wconf 82' lang='lat' dir='ltr'>illius,</span> 
     </span>
     <span class='ocr_line' id='line_1_92' title="bbox 1862 4245 3076 4330; baseline 0.001 -19"><span class='ocrx_word' id='word_1_450' title='bbox 1862 4245 2117 4311; x_wconf 90' lang='lat' dir='ltr'>Molliti</span> <span class='ocrx_word' id='word_1_451' title='bbox 2148 4256 2304 4311; x_wconf 92' lang='lat' dir='ltr'>sunt</span> <span class='ocrx_word' id='word_1_452' title='bbox 2325 4267 2664 4312; x_wconf 88' lang='lat' dir='ltr'>sermones</span> <span class='ocrx_word' id='word_1_453' title='bbox 2694 4246 2839 4329; x_wconf 88' lang='lat' dir='ltr'>ejus</span> <span class='ocrx_word' id='word_1_454' title='bbox 2868 4267 3076 4330; x_wconf 86' lang='lat' dir='ltr'>super</span> 
     </span>
    </p>
   </div>
   <div class='ocr_carea' id='block_1_7' title="bbox 2061 4395 2846 4530">
    <p class='ocr_par' dir='ltr' id='par_1_7' title="bbox 2061 4395 2846 4530">
     <span class='ocr_line' id='line_1_93' title="bbox 2061 4395 2846 4461; baseline 0.006 -17"><span class='ocrx_word' id='word_1_455' title='bbox 2061 4395 2081 4424; x_wconf 83' lang='lat'>⁸</span> <span class='ocrx_word' id='word_1_456' title='bbox 2125 4395 2331 4446; x_wconf 69' lang='lat' dir='ltr'>⁸010n22</span> <span class='ocrx_word' id='word_1_457' title='bbox 2342 4397 2512 4461; x_wconf 57' lang='lat' dir='ltr'>pacm</span> <span class='ocrx_word' id='word_1_458' title='bbox 2536 4397 2671 4446; x_wconf 82' lang='lat' dir='ltr'>add:</span> <span class='ocrx_word' id='word_1_459' title='bbox 2702 4397 2846 4450; x_wconf 61' lang='lat' dir='ltr'>EG.</span> 
     </span>
     <span class='ocr_line' id='line_1_94' title="bbox 2062 4463 2795 4530; baseline 0 -15"><span class='ocrx_word' id='word_1_460' title='bbox 2062 4467 2081 4496; x_wconf 79' lang='lat'>⁴</span> <span class='ocrx_word' id='word_1_461' title='bbox 2104 4469 2185 4530; x_wconf 64' lang='lat' dir='ltr'>pr.</span> <span class='ocrx_word' id='word_1_462' title='bbox 2216 4472 2281 4526; x_wconf 83' lang='lat'>54</span> <span class='ocrx_word' id='word_1_463' title='bbox 2294 4477 2314 4513; x_wconf 90' lang='lat'>.·</span> <span class='ocrx_word' id='word_1_464' title='bbox 2346 4465 2415 4516; x_wconf 76' lang='lat' dir='ltr'>E.</span> <span class='ocrx_word' id='word_1_465' title='bbox 2428 4463 2487 4516; x_wconf 83' lang='lat' dir='ltr'>G.</span> <span class='ocrx_word' id='word_1_466' title='bbox 2556 4463 2706 4529; x_wconf 63' lang='lat'>113332:</span> <span class='ocrx_word' id='word_1_467' title='bbox 2738 4465 2795 4515; x_wconf 89' lang='lat' dir='ltr'>S.</span> 
     </span>
    </p>
   </div>
   <div class='ocr_carea' id='block_1_8' title="bbox 3253 158 3259 856">
    <p class='ocr_par' dir='ltr' id='par_1_8' title="bbox 3253 158 3259 856">
     <span class='ocr_line' id='line_1_95' title="bbox 3253 158 3259 856; baseline 0 0"><span class='ocrx_word' id='word_1_468' title='bbox 3253 158 3259 856; x_wconf 95' lang='lat' dir='ltr'> </span> 
     </span>
    </p>
   </div>
  </div>
 </body>
</html>
