3375 5100
1175 349 1237 404 Ε
1236 342 1499 404 ΡΙΡΗΑ
1506 349 1664 406 NIE
1705 349 2036 407 DOMINI.

867 456 987 511 161

334 557 405 618 'et
462 557 845 640 'myrrham
922 569 1029 644 pf.
1122 561 1533 646 Magnificat.

340 642 570 708 Oratio
602 647 825 713 Corda
856 658 1099 715 nostra.
1188 652 1403 715 Nulla
1440 671 1536 716 se-

332 743 579 812 quatur
604 738 933 803 memoria.

416 821 481 884 A
491 822 545 883 d
564 825 1037 906 completorium
1068 827 1171 890 ut¹
1215 837 1417 910 supra
1460 827 1532 892 in

331 907 566 990 vig-ilia
596 913 976 977 nativitatis
1001 914 1270 979 domini.

414 997 543 1060 Ad
614 1003 983 1065 matutinas
1060 1003 1533 1068 Invitatorium

316 1084 449 1148 -kac
476 1097 649 1150 nocte
690 1109 815 1152 non
844 1090 1124 1154 dicimus
1150 1114 1173 1154 .·
1214 1092 1333 1155 sed
1363 1093 1532 1156 dicto

318 1172 622 1239 Domine
670 1176 846 1242 labia
889 1188 954 1242 et
996 1179 1181 1243 Deus
1225 1180 1294 1243 in
1343 1180 1529 1261 adju-

327 1263 571 1328 torium
611 1274 676 1327 et
715 1266 941 1330 Gloria
972 1269 1145 1350 patri
1188 1288 1333 1332 cum
1378 1269 1531 1332 all'a

329 1349 399 1412 in
410 1350 560 1432 fine
575 1375 601 1415 .·
625 1355 855 1418 statim
883 1377 1027 1420 cum
1044 1355 1281 1436 hymno
1304 1353 1528 1440 incipi-

326 1457 476 1502 mus
505 1443 887 1506 matutinas.
976 1444 1305 1524 Hymnus,

318 1529 481 1664 A
533 1537 724 1611 patre
784 1532 1164 1614 unigenitus
1238 1533 1327 1596 ad
1404 1552 1526 1596 nos

492 1619 675 1682 venit
702 1639 823 1702 per
838 1621 1159 1703 virginem
1194 1620 1529 1702 baptisma

320 1723 518 1768 cruce
549 1726 941 1772 consecrans
979 1718 1251 1772 cunctos
1297 1708 1527 1772 fideles

325 1811 667 1874 generans,
728 1796 839 1859 De
864 1796 1007 1860 celo
1039 1796 1253 1860 celsus
1282 1797 1529 1879 prodiit

326 1882 907 1963 excepit-sormam
940 1884 1268 1948 hominis:
1320 1885 1529 1949 sactu-

326 1989 469 2032 ram
498 1979 710 2034 morte
729 1973 1060 2036 redimens
1084 1995 1097 2036 :
1131 1973 1377 2054 gaudia
1395 1972 1531 2038 vite

326 2056 629 2139 largiens,
689 2061 849 2124 Hoc
872 2071 941 2125 te
964 2062 1348 2143 redemptor
1370 2080 1529 2144 que-

324 2166 555 2210 sumus
572 2147 842 2213 illabere
860 2149 1217 2232 propicius:
1252 2151 1532 2214 clarum-

326 2254 459 2316 que
482 2237 725 2300 nostris
747 2238 1051 2301 sensibus
1083 2237 1309 2301 lumen
1328 2237 1531 2321 prebe

321 2321 651 2388 fidelibus
742 2325 957 2389 Mane
1006 2327 1349 2390 nobiscum
1412 2326 1531 2389 do-

258 2403 268 2415 “
320 2410 543 2476 mine:
576 2421 839 2476 noctem
860 2413 1209 2477 obscuram
1232 2433 1530 2480 remove:

326 2519 529 2563 omne
558 2499 877 2566 delictum
912 2501 1109 2566 ablue
1139 2522 1154 2567 ι
1185 2502 1367 2586 piam
1394 2522 1531 2567 me-

325 2588 549 2651 delam
580 2590 814 2655 tribue.
866 2590 1080 2670 Quem
1109 2591 1249 2673 jam
1274 2592 1531 2655 venisse

326 2677 633 2741 novimus
654 2679 865 2744 redire
884 2680 1046 2743 item
1070 2680 1431 2744 credimus:
1456 2686 1531 2743 tu

322 2774 663 2846 sceptrum
732 2776 923 2830 tuum
990 2768 1311 2850 inclytum
1337 2789 1351 2831 ε
1413 2775 1531 2831 tuo

323 2852 611 2917 defende
642 2853 946 2937 cly'ppe0.
1016 2856 1239 2920 Gloria
1270 2854 1391 2920 tibi
1412 2855 1532 2920 do-

324 2942 507 3005 mine
536 2943 651 3024 qui
683 2944 1048 3026 apparuisti
1076 2943 1293 3009 hodie.

414 3030 500 3093 In
515 3030 741 3111 primo
769 3041 1075 3095 nocturno
1106 3040 1211 3095 ar‘i.

496 3118 685 3183 fferte
721 3120 997 3185 domino
1026 3120 1143 3184 filii
1175 3119 1322 3185 dei:
1369 3121 1531 3184 ado·

330 3276 339 3283 ,
496 3216 636 3271 rate
667 3209 1013 3272 dominum
1047 3208 1115 3273 in
1136 3208 1289 3272 aula
1304 3218 1535 3272 sancta

325 3294 489 3376 ejuS.
542 3305 645 3376 ps.
739 3297 988 3379 Ipsum.
1020 3298 1083 3361 A
1095 3306 1155 3361 ἢ.
1209 3295 1535 3361 Fluminis

329 3384 621 3466 impetus
653 3383 927 3449 letificat
957 3384 1260 3449 alleluia:
1304 3386 1533 3449 civita·

323 3482 467 3537 tem
500 3472 606 3535 dei
648 3472 927 3537 alleluia.
1002 3482 1103 3557 pii
1168 3474 1355 3539 Deus
1386 3494 1535 3537 nos-

327 3570 433 3624 ter
462 3560 805 3642 refugium.
896 3561 1033 3627 Αῆ.
1105 3562 1377 3626 Psallite
1408 3561 1537 3626 deo

328 3656 560 3712 nostro
583 3649 847 3731 psallite
873 3671 888 3714 :
933 3650 1199 3733 psallite
1222 3650 1360 3734 regi
1386 3662 1537 3714 nos-

326 3746 475 3801 tro:
507 3736 773 3819 psallite
795 3739 1145 3821 sapienter.
1201 3747 1301 3822 p5.
1369 3738 1534 3803 Om-

326 3844 449 3889 nes
478 3833 733 3906 gentes.
823 3842 873 3911 γ
916 3827 1139 3909 Reges
1180 3826 1421 3891 tharsis
1467 3835 1537 3892 et

328 3913 563 3977 insule.
1241 3915 1461 3979 Lectio
1469 3916 1531 3996 j.

522 4021 598 4065 ec
650 4009 752 4066 est
802 4000 1137 4066 hereditas
1195 4023 1532 4068 servorum

520 4089 773 4154 domini
839 4099 910 4154 et
976 4090 1244 4172 justicia
1304 4110 1533 4156 eorum

330 4178 514 4259 apud
548 4197 657 4241 me
687 4177 849 4241 dicit
879 4178 1207 4244 dominus,
1277 4177 1535 4244 Omnes

330 4265 637 4329 sitientes
668 4266 891 4329 venite
909 4267 995 4330 ad
1027 4287 1275 4350 aquas:
1322 4276 1391 4331 et
1422 4266 1537 4350 qui

330 4373 469 4419 non
488 4352 751 4419 habetis
780 4364 1133 4437 argentum
1154 4366 1535 4439 properate:

2163 457 2306 514 162

1615 555 1864 627 emite:
1896 570 1966 626 et
1989 563 2334 627 comedite.
2367 561 2611 627 Venite
2631 545 2835 628 emite

1632 651 1888 733 absque
1928 660 2236 732 argento:
2292 658 2360 714 et
2406 652 2659 734 absque
2700 652 2836 716 ulla

1634 739 2156 803 commutatione
2230 740 2457 802 vinum
2552 750 2620 804 et
2715 740 2834 804 lac.

1634 826 1862 910 Quare
1893 827 2272 910 appenditis
2309 835 2657 909 argentum
2699 847 2834 891 non

1633 915 1702 978 in
1734 915 2058 998 panibus:
2109 924 2176 978 et
2208 914 2506 979 laborem
2537 924 2832 980 vestrum

1632 1004 1866 1067 nonin
1913 1003 2312 1067 saturitate?
2401 1003 2660 1069 Audite
2713 1025 2829 1068 au-

1630 1092 1890 1156 dientes
1923 1112 2058 1154 me:
2106 1101 2174 1155 et
2193 1093 2523 1156 comedite
2549 1093 2833 1158 bonum:

1630 1188 1700 1243 et
1760 1179 2199 1243 delectabitur
2257 1181 2325 1242 in
2396 1181 2834 1246 crassitudine

1626 1267 1854 1332 anima
1882 1276 2116 1332 vestra.
2215 1268 2362 1332 Hec
2408 1269 2570 1333 dicit
2615 1269 2834 1332 domi-

1628 1375 1754 1419 nus
1815 1357 1979 1419 deus
2040 1354 2154 1438 qui
2214 1355 2534 1420 hodierna
2592 1358 2704 1421 die
2765 1358 2832 1421 in

1618 1442 1902 1526 jordane
1948 1444 2268 1527 baptizari
2322 1444 2635 1525 dignatus
2688 1454 2834 1511 est:

1626 1533 2086 1596 convertimini
2111 1532 2197 1606 ad
2223 1552 2330 1596 me
2354 1542 2423 1596 et
2445 1532 2610 1596 salvi
2634 1533 2831 1598 eritis.

1628 1620 1744 1683 Re.
1827 1620 2053 1684 Hodie
2085 1620 2152 1683 in
2178 1620 2460 1702 jordane
2493 1621 2833 1705 baptizato

1629 1709 1904 1773 domino
1934 1709 2145 1791 aperti
2182 1718 2338 1772 sunt
2361 1709 2524 1774 celi:
2570 1720 2639 1773 et
2663 1711 2834 1774 sicut

1629 1797 1939 1861 columba
1961 1817 2158 1880 super
2180 1816 2333 1860 eum
2353 1798 2622 1879 spiritus
2647 1818 2837 1862 man-

1630 1885 1716 1949 sit
1745 1907 1759 1949 :
1799 1894 1865 1948 et
1895 1906 2032 1948 vox
2063 1886 2269 1967 patris
2301 1886 2604 1950 intonuit.
2700 1887 2833 1950 Hic

1631 1983 1734 2036 est
1787 1972 1958 2035 filius
2005 1992 2192 2035 meus
2229 1972 2555 2037 dilectus:
2585 1972 2665 2056 [in
2699 1995 2835 2056 quo

1632 2060 1795 2124 mihi
1833 2059 2278 2142 complacuit.8
2349 2077 2399 2146 γ
2447 2061 2590 2126 Celi
2620 2063 2832 2144 aperti

1632 2157 1788 2212 sunt
1835 2168 2033 2230 super
2072 2168 2265 2212 eum:
2327 2157 2394 2213 et
2445 2169 2581 2212 vox
2627 2151 2835 2232 patris

1618 2236 1865 2300 audita
1894 2245 2010 2299 est.
2107 2236 2240 2300 Hic
2271 2244 2390 2302 est.
2510 2236 2730 2300 Lectio
2761 2238 2835 2319 ij.

1630 2326 1920 2459 surge
1992 2323 2362 2387 illuminare
2435 2321 2832 2390 hierusalem

1763 2413 1922 2495 quia
1962 2411 2184 2477 venit:
2231 2409 2456 2476 lumen
2489 2420 2717 2478 tuum:
2765 2423 2835 2478 et

1633 2501 1844 2584 gloria
1875 2499 2128 2565 domini
2165 2520 2363 2583 super
2406 2509 2476 2566 te
2521 2510 2668 2566 orta
2712 2511 2830 2573 est.

1635 2589 1814 2672 Quia
1847 2608 2000 2654 ecce
2040 2591 2313 2653 tenebre
2358 2589 2661 2672 operient
2705 2600 2836 2655 ter-

1635 2699 1775 2741 ram
1797 2700 1810 2741 :
1843 2687 1911 2741 et
1933 2677 2149 2760 caligo
2169 2678 2473 2760 populos,
2528 2678 2747 2763 Super
2764 2688 2833 2745 te

1634 2777 1859 2831 autem
1881 2767 2126 2830 orietur
2148 2766 2490 2831 dominus:
2524 2777 2592 2831 et
2621 2768 2834 2849 gloria

1634 2854 1777 2935 ejus
1810 2856 1877 2918 in
1904 2862 1970 2919 te
1999 2854 2346 2921 videbitur.
2411 2856 2502 2919 Et
2533 2856 2835 2920 ambula-

1632 2942 1804 3007 bunt
1848 2952 2084 3025 gentes
2129 2942 2197 3005 in
2242 2941 2492 3007 lumine
2551 2953 2710 3009 tuo:
2764 2953 2833 3008 et

1632 3052 1824 3114 reges
1898 3032 1966 3094 in
2035 3030 2386 3112 splendore
2461 3040 2642 3096 ortus
2717 3034 2834 3097 tui.

1636 3120 1824 3203 Leva
1867 3118 1935 3182 in
1982 3119 2255 3199 circuitu
2299 3118 2526 3183 oculos
2567 3128 2719 3184 tuos
2765 3130 2835 3185 et

1633 3208 1784 3272 vide
1812 3228 1826 3271 :
1865 3227 2097 3271 omnes
2117 3208 2224 3271 isti
2251 3210 2634 3291 congregati
2676 3218 2833 3274 sunt

1632 3304 1956 3361 venerunt
1987 3296 2127 3359 tibi.
2208 3296 2358 3359 Filii
2391 3297 2486 3359 tui
2519 3296 2606 3360 de
2637 3296 2834 3379 longe

1641 3385 1940 3449 venient:
1974 3392 2042 3447 et
2065 3382 2196 3447 filie
2217 3392 2334 3448 tue
2351 3384 2437 3447 de
2462 3383 2666 3448 latere
2695 3406 2836 3449 sur-

1632 3481 1815 3556 gent.
1910 3473 2059 3536 Hec
2119 3471 2282 3535 dicit
2342 3471 2668 3536 dominus,
2759 3482 2839 3536 ut

1633 3572 1850 3645 supra.
1941 3560 2057 3623 Re:
2151 3558 2532 3622 Illuminare
2593 3559 2835 3624 illumi-

1638 3670 1797 3713 nare
1826 3645 2266 3712 hierusalem:
2314 3645 2498 3708 venit
2527 3644 2647 3710 lux
2697 3657 2832 3712 tua.

1638 3737 1733 3802 Et
1779 3736 1990 3820 gloria
2033 3732 2285 3798 domini
2329 3752 2530 3815 super
2572 3743 2641 3798 te
2686 3744 2835 3801 orta

1637 3834 1757 3890 est.
1847 3840 1897 3909 γ
1949 3823 2042 3887 Et
2101 3821 2543 3887 ambulabunt
2599 3832 2834 3905 gentes

1636 3915 1705 3978 in
1736 3912 1985 3977 lumine
2004 3920 2160 3974 tuo:
2208 3918 2275 3974 et
2307 3930 2494 3993 reges
2521 3910 2587 3975 in
2611 3913 2835 3997 splen-

1635 4004 1797 4066 dore
1815 4008 1999 4064 ortus
2020 3998 2137 4064 tui.
2186 3998 2277 4062 Et
2297 3998 2525 4081 gloria.
2572 4000 2712 4065 Lec.
2735 4003 2836 4086 izj.

1647 4089 2020 4226 Gaudens
2070 4089 2379 4170 gaudebo
2411 4086 2478 4151 in
2519 4089 2838 4155 domino:

1767 4185 1838 4240 et
1897 4175 2232 4240 exultabit
2291 4177 2518 4240 anima
2566 4198 2716 4242 mea
2768 4180 2838 4242 in

1636 4268 1768 4331 deo
1791 4285 1969 4329 meo:
1990 4265 2148 4347 quia
2165 4264 2382 4329 induit
2401 4284 2509 4330 me
2527 4266 2840 4331 dominus

1637 4356 2038 4419 vestimento
2056 4352 2315 4419 salutis:
2358 4363 2426 4419 et
2445 4356 2839 4420 indumento

699 4490 713 4521 ¹
756 4494 770 4519 ‘
784 4497 989 4542 notatur
1028 4491 1167 4558 [post
1186 4492 1484 4558 psalterium
1503 4508 1523 4542 .·
1564 4491 1651 4557 6.]
1686 4498 1802 4556 post
1807 4490 2044 4556 psalterii
2040 4489 2172 4555 folio
2191 4490 2386 4556 lxxxii’
2399 4507 2417 4541 :
2453 4492 2519 4543 E.

702 4558 723 4588 ¹
754 4558 1037 4623 complacui
1059 4577 1073 4608 z
1108 4559 1171 4610 G.

2615 4644 2670 4689 Μ·
