3375 5100
1587 303 1691 358 IN
1736 302 2005 358 FESTO

1138 415 1238 470 79

601 521 1008 655 Consurge-
1069 539 1428 602 consurge:
1505 517 1779 582 induere

713 609 1099 674 fortitudine
1115 619 1232 672 tua
1249 627 1436 690 syon.
1493 607 1777 670 Induere

585 699 1002 763 vestimentis
1082 697 1290 781 glorie
1371 705 1485 760 tue
1563 695 1777 758 hieru-

583 787 792 851 salem
840 788 1072 852 civitas
1119 795 1392 849 sancta:
1437 784 1594 866 quia
1641 803 1775 846 non

583 876 854 958 adjiciet
893 875 1065 938 ultra
1101 884 1174 938 ut
1210 881 1620 956 pertranseat
1657 891 1777 954 per

582 973 654 1027 te
729 963 1187 1028 incircumsisus
1247 971 1314 1026 et
1375 961 1773 1024 immundus.

587 1052 925 1116 Excutere
969 1051 1056 1114 de
1099 1049 1366 1134 pulvere
1407 1069 1775 1130 consurge:

585 1141 745 1204 sede
765 1139 1177 1204 hierusalem.
1245 1138 1446 1204 Solve
1476 1136 1771 1200 vincula¹

585 1228 736 1292 colli
766 1229 863 1292 tui
893 1229 1158 1310 captiva
1187 1227 1322 1290 filia
1365 1246 1572 1308 syon:
1617 1227 1775 1307 quia

584 1316 708 1380 hec
737 1317 898 1381 dicit
930 1317 1237 1380 dominus
1273 1314 1496 1380 Gratis
1525 1334 1774 1378 venun-

583 1405 724 1468 dati
756 1406 952 1470 estis:
999 1415 1068 1468 et
1101 1405 1242 1468 sine
1287 1412 1561 1485 argento
1609 1404 1773 1466 redi-

581 1494 895 1558 memini:
941 1493 1098 1576 quia
1125 1493 1249 1556 hec
1278 1492 1434 1554 dicit
1465 1491 1773 1554 dominus

581 1583 788 1646 deus:
863 1581 943 1646 In
1021 1590 1344 1663 egyptum
1432 1579 1775 1643 descendit

583 1669 868 1752 populus
922 1690 1107 1733 meus
1160 1671 1228 1732 in
1280 1669 1644 1751 principio:
1700 1677 1774 1732 ut

583 1759 858 1822 colonus
901 1767 1076 1822 esset
1119 1758 1250 1822 ibi:
1295 1767 1364 1820 et
1407 1777 1596 1820 assur
1623 1756 1771 1820 abs·

581 1867 715 1928 que
761 1847 900 1910 ulla
945 1866 1144 1910 causa
1187 1846 1626 1910 calumniatus
1668 1856 1773 1909 est

583 1955 754 2000 eum.
849 1935 998 1998 Hec
1051 1935 1226 1999 dicit.
1316 1934 1428 1997 Re.
1475 1934 1769 1997 Verbum

585 2044 738 2088 caro
781 2024 1030 2088 sactum
1076 2033 1177 2088 est
1223 2033 1292 2087 et
1335 2023 1662 2086 habitavit
1702 2023 1771 2086 in

581 2112 812 2177 nobis:
857 2121 928 2176 et
966 2113 1252 2176 vidimus
1299 2111 1576 2194 gloriam
1626 2110 1771 2191 ejus

579 2201 856 2284 gloriam
888 2202 1074 2284 quasi
1116 2201 1434 2282 unigeniti
1479 2220 1521 2262 a
1563 2209 1771 2282 patre.

581 2289 855 2355 Plenum
886 2289 1096 2373 gratie
1125 2299 1195 2353 et
1224 2289 1534 2352 veritatis,
1609 2303 1654 2374 y
1690 2288 1770 2351 In

577 2379 900 2461 principio
919 2387 1057 2441 erat
1077 2377 1350 2440 verbum
1369 2397 1384 2439 ε
1409 2385 1476 2440 et
1493 2375 1767 2439 verbum

577 2477 720 2531 erat
774 2465 953 2549 apud
1004 2467 1244 2529 deum:
1288 2473 1356 2528 et
1415 2465 1578 2528 deus
1627 2475 1769 2528 erat

577 2558 868 2620 verbum.
941 2554 1236 2619 Plenum.
1304 2554 1547 2619 Gloria.
1624 2553 1771 2617 Ple-

579 2664 758 2708 num.
1535 2641 1767 2706 Prosa.

717 2751 868 2795 uem
925 2729 1151 2795 ethera
1209 2738 1278 2793 et
1335 2739 1508 2794 terra
1566 2739 1769 2812 atque

717 2840 895 2883 mare
953 2840 1088 2883 non
1150 2818 1488 2900 prevalent
1547 2827 1765 2882 totum

577 2929 830 2991 capere.
919 2925 967 2994 γ
1013 2907 1209 2971 Asini
1239 2927 1510 2990 presepe
1551 2907 1767 2971 infans

579 2998 899 3080 implens:
990 2996 1168 3060 celos
1242 3016 1478 3078 regens
1561 2998 1765 3060 ubera

575 3086 867 3168 sugens?
952 3102 1000 3171 γ
1043 3086 1282 3149 Factor
1311 3084 1538 3148 matris
1570 3096 1765 3148 natus

576 3174 777 3239 hodie
821 3182 922 3237 est
969 3175 1056 3237 de
1103 3182 1328 3237 matre.
1423 3190 1468 3258 γ
1514 3173 1765 3237 Creans

577 3264 756 3327 diem
786 3262 1028 3327 hodie:
1073 3271 1332 3325 creatus
1377 3270 1478 3325 est
1523 3262 1590 3324 in
1635 3263 1760 3326 die.

575 3368 624 3439 γ
678 3352 990 3416 Nascitur
1060 3350 1324 3414 mundo.
1418 3368 1464 3435 γ
1525 3348 1764 3414 Oriens

568 3440 824 3523 gabriel
883 3460 1082 3522 quem
1136 3438 1397 3502 vocavit
1456 3438 1763 3502 emanuel

571 3530 917 3594 nobiscum
950 3530 1130 3593 deus,

658 3620 742 3682 In
767 3620 828 3702 {j
841 3626 1146 3682 nocturno
1166 3624 1269 3680 ari.
1337 3614 1763 3697 Suscepimus

563 3708 734 3772 deus
766 3706 1278 3771 misericordiam
1311 3714 1497 3768 tuam
1529 3706 1595 3767 in
1627 3724 1766 3768 me-

563 3797 683 3860 dio
710 3796 946 3879 templi
978 3796 1091 3859 tui.
1168 3804 1267 3876 pf.
1325 3795 1612 3875 Magnus
1643 3794 1762 3855 do-

567 3886 804 3949 minus
893 3884 1025 3948 Αῆ.
1105 3883 1374 3948 Orietur
1416 3883 1482 3945 in
1527 3882 1760 3945 diebus

562 3974 821 4036 domini
895 3972 1352 4035 habundantia
1433 3972 1615 4053 pacis
1691 3980 1759 4033 et

563 4060 1032 4125 dominabitur.
1079 4069 1178 4141 pf.
1227 4060 1409 4123 Deus
1435 4059 1759 4140 judicium

561 4158 674 4214 ar‘i.
705 4149 970 4214 Veritas
1003 4149 1086 4211 de
1117 4158 1289 4210 terra
1325 4157 1470 4211 orta
1501 4157 1640 4211 est:
1690 4157 1759 4211 et

556 4239 828 4322 justicia
875 4239 962 4300 de
1008 4236 1155 4299 celo
1215 4237 1575 4318 prospexit.
1652 4245 1754 4317 pf.

567 4326 984 4393 Benedixisti
1016 4324 1300 4388 domine.
1363 4323 1414 4398 Ϋ
1458 4324 1755 4388 Verbum

875 4463 888 4492 ¹
925 4460 1126 4510 vincla:
1161 4460 1242 4509 W.

2422 411 2529 470 80

1876 537 2032 581 caro
2084 515 2333 583 sactum
2386 529 2505 584 est.
2598 519 2693 584 Et
2742 519 3073 587 habitavit

1878 607 1945 670 in
1978 607 2183 672 nobis.
2273 606 2469 673 All’a.

1880 693 2109 758 Sermo
2130 695 2241 758 bea
2250 696 2303 758 ti
2316 696 2517 760 leonis
2523 707 2707 779 pape.
2772 697 2912 760 Lec.
2940 697 3067 780 iigj.

2042 783 2259 848 lvator
2344 795 2569 850 noster
2650 784 3061 850 dilectissimi

1986 872 2187 937 hodie
2270 884 2465 938 natus
2538 885 2685 938 est:
2770 876 3064 958 gaudea-

1876 979 2041 1024 mus.
2140 961 2378 1045 Neque
2436 963 2615 1026 enim
2678 961 2899 1026 locum
2960 963 3063 1028 fas

1874 1059 1979 1112 est
2052 1069 2197 1114 esse
2269 1051 2585 1116 tristicie:
2660 1051 2771 1115 ubi
2824 1051 3063 1116 natalis

1874 1146 1975 1201 est
2020 1139 2171 1202 vite.
2262 1137 2411 1221 Que
2464 1150 2859 1222 consumpto
2890 1161 3063 1205 mor-

1874 1225 2151 1290 talitatis
2211 1227 2496 1292 timore:
2572 1229 2811 1310 ingerit
2868 1231 3061 1293 nobis

1874 1314 1961 1376 de
1997 1315 2321 1397 promissa
2365 1317 2717 1381 eternitate
2754 1318 3057 1381 leticiam.

1878 1402 2159 1466 Exultet
2202 1424 2363 1486 ergo
2400 1415 2710 1469 sanctus:
2756 1407 2913 1490 quia
2942 1427 3057 1490 ap-

1873 1493 2276 1575 propinquat
2324 1493 2412 1558 ad
2460 1494 2772 1575 palmam.
2880 1493 3059 1559 Gau·

1872 1579 2031 1643 deat
2062 1591 2371 1663 peccator
2412 1583 2569 1664 quia
2614 1583 2933 1647 invitatur
2970 1585 3057 1648 ad

1872 1669 2152 1733 veniam.
2295 1669 2653 1734 Animetur
2740 1673 3007 1754 gentilis
3042 1693 3057 1737 :

1871 1758 2027 1839 quia
2055 1766 2329 1821 vocatur
2370 1759 2455 1821 ad
2486 1759 2709 1823 vitam.
2800 1760 2905 1824 Tu
2943 1781 3059 1824 au-

1872 1853 2027 1908 tem.
2124 1846 2240 1909 Re.
2316 1845 2535 1929 Quem
2594 1848 2849 1912 vidistis
2908 1869 3059 1932 pas-

1870 1942 2049 1997 tores
2079 1935 2279 1998 dicite
2322 1935 2719 1999 annunciate
2762 1937 2953 2001 nobis
2990 1939 3059 2002 in

1871 2022 2059 2085 terris
2132 2025 2281 2104 quis
2354 2025 2677 2107 apparuit.
2801 2025 3059 2090 Natum

1870 2112 2153 2174 vidimus
2186 2113 2251 2174 in
2283 2111 2483 2175 choro
2513 2113 2897 2194 angelorum
2928 2115 3061 2178 sal-

1868 2207 2165 2263 vatorem
2231 2200 2593 2265 dominum.
2711 2200 2763 2276 Ῡ
2810 2203 3059 2268 Secun-

1870 2288 2029 2351 dum
2076 2289 2256 2370 quod
2303 2288 2554 2353 dictum
2602 2299 2705 2353 est
2744 2293 2935 2355 nobis
2970 2292 3061 2357 ab

1870 2376 2111 2458 angelo
2163 2377 2248 2440 de
2297 2398 2501 2460 puero
2562 2377 2739 2444 isto:
2807 2382 3060 2444 inveni-

1872 2485 2017 2528 mus
2049 2465 2369 2529 infantem
2416 2467 2651 2549 pannis
2688 2467 3057 2534 involutum

1871 2564 1938 2616 et
1990 2556 2279 2638 positum
2342 2556 2407 2618 in
2454 2558 2758 2639 presepio
2805 2559 2869 2622 in
2920 2580 3059 2623 me·-

1871 2642 1983 2705 dio
2029 2642 2234 2707 duum
2283 2644 2687 2709 animalium.
2780 2647 3057 2713 Natum.

1865 2731 1999 2794 Iste
2026 2752 2247 2795 versus
2274 2733 2535 2797 dicatur
2558 2734 2681 2797 isto
2708 2734 2816 2798 die
2852 2745 2914 2798 et
2954 2737 3065 2800 die

1866 2819 2343 2883 circ-unsisionis·
2403 2822 2585 2886 Aliis
2642 2844 2791 2887 vero
2834 2824 3063 2889 diebus

1866 2908 2116 2973 dicetur
2142 2930 2379 2973 versus,
2470 2910 2691 2975 Dicite
2732 2913 3055 2995 quidnam

1866 2997 2173 3060 vidistis:
2241 3008 2307 3061 et
2358 3002 2758 3064 annunciate
2808 3003 3059 3066 Christi

1868 3085 2302 3149 nativitatem.
2397 3086 2649 3152 Natum
2680 3091 2986 3155 vidimus,

1872 3174 2101 3237 Sermo
2132 3174 2303 3237 beati
2327 3174 2527 3239 leonis
2542 3188 2723 3259 pape.
2754 3180 2967 3243 Lectio
2995 3202 3057 3245 v.

2114 3263 2351 3327 ltemus
2395 3265 2462 3327 in
2523 3267 2797 3330 domino
2855 3268 3058 3333 dilec-

2014 3352 2299 3415 tissimi:
2371 3362 2439 3415 et
2492 3356 2767 3436 spiritali
2821 3356 3057 3438 jocun-

1864 3439 2070 3503 ditate
2096 3439 2411 3505 letemur:
2443 3445 2598 3524 quia
2622 3444 2843 3508 illuxit
2864 3448 3059 3511 nobis

1864 3527 2007 3591 dies
2100 3530 2572 3611 redemptionis
2654 3552 2874 3598 nove:
2954 3556 3057 3598 re-

1864 3616 2225 3699 parationis
2301 3620 2621 3701 antique:
2720 3622 3059 3688 felicitatis

1868 3715 2107 3768 eterne.
2203 3707 2575 3789 Reparatur
2620 3711 2797 3773 enim
2862 3714 3059 3777 nobis

1864 3794 2095 3857 salutis
2140 3805 2361 3858 nostre
2398 3817 2617 3860 annua
2648 3800 3059 3866 revolutione

1862 3893 2345 3947 sacramentum
2383 3906 2397 3948 :
2474 3886 2560 3949 ab
2635 3889 2823 3952 initio
2904 3911 3059 3970 pro-

1863 3971 2178 4035 missum:
2248 3973 2313 4035 in
2359 3972 2490 4037 fine
2534 3977 2865 4041 redditum
2912 3981 3061 4045 sine

1861 4058 1991 4122 fine
2039 4062 2468 4125 mansurum.⁸
2563 4064 2678 4128 Re.
2742 4066 2805 4131 O
2868 4088 3058 4150 mag-

1860 4168 2019 4210 num
2083 4151 2471 4230 mysterium
2535 4164 2605 4216 et
2664 4155 3059 4221 admirabile

1858 4248 2343 4301 sacramentum
2370 4261 2383 4303 :
2432 4250 2504 4304 ut
2529 4242 2841 4307 animalia
2872 4247 3057 4309 vide-

1860 4334 2003 4389 rent
2034 4327 2379 4391 dominum
2427 4339 2658 4394 natum
2704 4332 3057 4413 Jacentem

2149 4502 2157 4510 .
2211 4463 2231 4491 ²
2265 4478 2477 4526 suggens
2508 4484 2519 4513 ε
2556 4467 2638 4517 W.

1121 4530 1140 4558 ⁸
1179 4532 1192 4554 ‘
1209 4526 1287 4575 Tu
1311 4532 1473 4575 autern
1498 4524 1701 4575 domine
1724 4524 1953 4575 miserere
1973 4526 1985 4547 ’
2009 4527 2105 4575 add
2128 4546 2139 4576 :
2176 4528 2233 4577 E.
2246 4529 2309 4578 G.
2320 4530 2397 4578 W.
