3375 5100
861 361 968 417 IN
1015 360 1320 417 VIGJLJA
1371 360 1490 415 NA
1504 358 1594 415 TI
1595 358 1785 415 VITA
1796 360 1931 415 TIS
1974 360 2307 416 DOMINI.

872 470 976 525 69

318 578 496 642 enim
531 576 596 641 in
627 596 708 641 ea
737 586 968 641 natum
999 584 1134 641 est:
1166 575 1250 640 de
1273 574 1504 657 spiritu

317 676 552 731 sancto
583 675 700 730 est.
789 663 1068 729 alleluia.
1169 672 1276 729 an'.
1325 663 1506 727 Dicit

321 756 632 819 dominus
735 754 1168 836 penitentiam
1281 752 1460 835 agite
1486 773 1502 817 τ

322 842 886 927 appropinquabit
957 842 1136 905 enim
1226 860 1502 923 regnum
1585 910 1589 917 ‚

325 932 632 996 celorum.
697 929 976 995 alleluia.
1063 938 1168 993 an.
1217 929 1502 995 Consur-

321 1040 408 1103 ge
465 1039 786 1101 consurge
846 1019 1118 1082 induere
1173 1016 1502 1081 fortitudi-

323 1128 478 1173 nem
511 1108 852 1171 brachium
881 1106 1150 1171 domini.
1207 1114 1314 1171 an.
1349 1105 1502 1170 Ele-

321 1218 480 1261 vare
496 1196 753 1260 elevare
771 1214 1090 1277 consurge
1109 1193 1500 1258 hierusalem

321 1285 507 1349 solve
547 1283 852 1348 vincula¹
901 1282 1053 1347 colli
1097 1284 1196 1347 tui
1239 1284 1503 1365 captiva

323 1373 460 1437 filia
508 1392 691 1456 syon.
782 1380 886 1435 an.
937 1372 1188 1435 Ponam
1233 1371 1300 1434 in
1333 1391 1501 1453 syon

321 1461 628 1525 salutem:
650 1470 718 1525 et
743 1460 808 1523 in
822 1459 1210 1524 hierusalem
1223 1459 1500 1542 gloriam

325 1570 562 1614 meam.
621 1548 902 1613 alleluia.
919 1557 1024 1612 an.
1052 1547 1502 1614 consolamini

321 1638 756 1703 consolamini
817 1636 1063 1719 popule
1111 1656 1296 1700 meus
1343 1636 1504 1701 dicit

321 1728 488 1791 deus
516 1736 750 1791 vester.
807 1734 914 1789 an.
991 1726 1321 1789 Letamini
1353 1744 1504 1789 cum

325 1814 716 1879 hierusalem
741 1822 808 1877 et
831 1812 1130 1878 exultate
1153 1814 1221 1877 in
1252 1834 1332 1877 ea
1363 1834 1504 1877 orn-

324 1924 442 1967 nes
466 1904 580 1986 qui
610 1902 880 1986 diligitis
909 1922 1058 1966 eam
1089 1903 1154 1965 in
1187 1910 1503 1966 eternum.

327 1996 392 2071 ([
436 1992 522 2057 In
581 1991 816 2074 vigilia
863 1990 1234 2055 nativitatis
1295 1990 1506 2053 domi-

321 2080 440 2143 ni:
483 2079 582 2143 ad
631 2079 990 2143 matutinas
1032 2078 1504 2143 invitatorium.

328 2167 770 2233 Prestolantes
853 2168 1338 2250 redemptorem
1413 2166 1505 2230 le·

321 2266 480 2321 vate
535 2257 758 2339 capita
814 2266 1050 2321 vestra.
1168 2254 1504 2338 Quoniam

323 2365 532 2429 prope
562 2354 663 2409 est
693 2344 1062 2425 redemptio
1093 2353 1328 2408 vestra.
1402 2354 1502 2427 pf.

321 2434 584 2498 Venite.
674 2432 984 2515 Hymnus
1038 2431 1334 2496 Verbum
1399 2454 1504 2497 su-

321 2542 622 2608 pernum.
754 2520 1124 2605 Antiphone
1225 2522 1509 2604 feriales

319 2633 466 2676 cum
497 2611 838 2675 nocturnis.
901 2627 946 2698 y
995 2610 1218 2674 Hodie
1248 2610 1505 2676 scietis:

322 2701 486 2784 quia
542 2699 760 2764 veniet
819 2699 1145 2763 dominus.
1244 2700 1360 2763 Re.
1417 2699 1509 2763 Et

323 2808 523 2852 mane
594 2787 902 2852 videbitis
989 2787 1266 2871 gloriam
1351 2788 1508 2870 ejuS.

321 2876 604 2941 alleluia.
717 2875 1082 2940 Secundum
1136 2875 1507 2942 mattheum.

319 2967 473 3100 In
525 2964 636 3028 illo
683 2973 1026 3048 tempore:
1105 2964 1276 3030 Cum
1336 2975 1511 3030 esset

411 3053 812 3136 desponsata
849 3063 1060 3116 mater
1101 3053 1257 3136 Jesu
1306 3055 1510 3118 maria

311 3141 571 3227 joseph.
661 3141 1048 3224 Antequam
1086 3143 1514 3206 convenirent

321 3231 593 3295 inventa
639 3239 740 3294 est
788 3230 853 3293 in
898 3238 1088 3294 utero
1128 3230 1378 3294 habens
1426 3230 1512 3295 de

322 3319 556 3402 spiritu
587 3327 832 3382 sancte.
926 3319 1016 3382 Et
1047 3318 1313 3402 reliqua.

330 3407 584 3474 Omelia
611 3407 892 3489 origenis
919 3405 1204 3472 doctoris.
1235 3405 1447 3472 Lectio
1445 3407 1508 3489 j.

339 3497 590 3630 Cum
623 3503 798 3559 esset
846 3496 1248 3578 desponsata
1295 3505 1508 3560 mater

446 3583 605 3666 Jesu
712 3583 918 3648 maria
1007 3583 1258 3668 Joseph
1355 3583 1504 3667 Que

328 3671 453 3736 suit
528 3673 886 3737 necessitas
959 3683 1032 3736 ut
1104 3672 1507 3754 desponsata

328 3769 508 3826 esset
555 3761 762 3824 maria
807 3760 1094 3842 joseph?
1139 3761 1262 3824 nisi
1309 3781 1504 3846 prop-

328 3859 512 3915 terea
531 3858 856 3932 quatenus
878 3848 1004 3912 hoc
1028 3860 1512 3914 sacramentum

329 3937 602 4002 diabolo
634 3937 996 4002 celaretur:
1045 3947 1110 4002 et
1143 3939 1252 4003 ille
1286 3938 1516 4022 malig-

331 4047 456 4091 nus
489 4025 734 4089 fraudis
783 4036 1161 4090 commenta
1209 4028 1518 4092 adversus

330 4116 804 4198 desponsatam
815 4114 1134 4197 virginem
1149 4115 1327 4180 nulla
1340 4117 1520 4200 peni-

329 4213 440 4267 tus
474 4203 808 4266 inveniret.
857 4203 968 4267 Re.
1006 4203 1522 4269 sanctificamini

333 4293 535 4356 hodie
564 4300 634 4355 et
663 4301 878 4355 estote
918 4294 1171 4373 parati:
1217 4295 1373 4376 quia
1417 4294 1525 4357 die

331 4380 625 4444 crastina
707 4379 1020 4446 videbitis
1097 4381 1524 4464 Majestatem

332 4470 442 4535 dei
505 4469 572 4532 in
618 4469 824 4534 vobis.
944 4486 989 4557 y
1040 4469 1262 4536 Hodie
1309 4471 1528 4537 scietis

474 4613 486 4642 ¹
521 4612 706 4663 vincla:
729 4613 861 4664 EG.
872 4613 952 4662 W.

1354 4615 1374 4644 ²
1414 4611 1518 4664 ‘et’
1545 4612 1676 4663 add:
1712 4611 1845 4662 E.G.

2157 469 2257 525 70

1607 574 1766 657 quia
1816 574 2039 639 veniet
2085 574 2433 640 dominus:
2478 581 2547 639 et
2600 594 2799 639 mane

1607 662 1933 727 videbitis.
1984 664 2428 745 Majestatem.
2476 662 2692 726 Lectio
2725 663 2794 745 ij.

1623 752 1836 884 Vel
1896 753 2047 817 ideo
2119 751 2331 816 suerat
2396 751 2800 833 desponsata

1768 841 2007 925 joseph
2036 862 2075 927 ε,
2098 848 2171 906 ut
2217 849 2377 905 nato
2421 838 2655 903 infanti
2685 840 2791 903 vel

1605 926 1730 1012 ipsi
1832 929 2039 993 marie
2146 948 2371 993 curam
2460 928 2795 991 videretur

1604 1036 1835 1101 gerere
1872 1016 2153 1100 joseph:
2199 1018 2338 1082 sive
2369 1016 2437 1081 in
2468 1026 2789 1100 egyptum

1603 1106 1747 1169 iens
1819 1106 1927 1171 vel
1989 1106 2145 1171 inde
2217 1107 2438 1170 denuo
2512 1106 2789 1171 redienS.

1605 1194 1827 1259 Mater
1856 1195 2070 1277 inquit
2110 1195 2253 1277 ejus
2299 1203 2512 1257 mater
2555 1194 2791 1257 imma-

1601 1283 1859 1348 culata:
1890 1294 2103 1347 mater
2131 1284 2544 1365 incorrupta:
2576 1292 2791 1345 mater

1603 1370 1869 1437 intacta.
2006 1372 2228 1436 Mater
2298 1371 2455 1453 ejus,
2580 1370 2787 1452 Cujus

1603 1459 1793 1541 ejus?
1883 1460 2103 1525 Mater
2131 1460 2239 1524 dei
2270 1459 2627 1543 unigeniti:
2670 1459 2789 1523 do-

1604 1548 1765 1612 mini
1796 1555 1865 1613 et
1895 1549 2065 1632 regis
2114 1549 2411 1613 omnium
2441 1570 2457 1612 τ
2502 1546 2790 1631 plasma-

1603 1638 1765 1701 toris
1795 1647 2197 1702 cunctorum.
2242 1638 2356 1701 Re.
2389 1637 2789 1702 Constantes

1605 1735 1819 1790 estote
1848 1726 2155 1790 videbitis
2185 1725 2509 1789 auxilium
2535 1725 2790 1789 domini

1601 1834 1802 1897 super
1851 1834 2013 1877 vos:
2053 1814 2261 1896 judea
2299 1822 2365 1878 et
2394 1813 2787 1877 hierusalem

1605 1901 1812 1966 nolite
1840 1902 2087 1967 timere.
2168 1902 2331 1967 Cras
2362 1901 2789 1985 egrediemini

1604 2000 1674 2055 et
1734 1990 2041 2057 dominus
2101 1991 2224 2055 erit
2290 1990 2647 2054 vobiscum.
2738 2006 2789 2076 γ

1603 2078 1745 2143 Vos
1813 2080 1925 2161 qui
1988 2079 2053 2143 in
2119 2078 2388 2161 pulvere
2445 2080 2603 2142 estis
2664 2098 2787 2141 ex-

1605 2167 2051 2250 pergiscimini
2112 2176 2179 2231 et
2236 2166 2566 2231 clamate:
2634 2186 2788 2230 ecce

1606 2255 1917 2320 dominus
2000 2257 2221 2320 veniet
2311 2275 2463 2320 cum
2556 2254 2786 2319 salute.

1609 2344 1791 2411 Cras».
2438 2342 2655 2406 Lectio
2685 2342 2785 2424 iij.

1605 2434 1935 2570 Mater
1962 2432 2199 2497 effecta
2228 2440 2373 2497 est:
2426 2432 2543 2496 sed
2591 2430 2789 2513 virgi-

1791 2524 2065 2588 nitatem
2091 2542 2225 2587 non
2249 2520 2484 2586 amisit.
2543 2518 2791 2586 Genuit

1607 2609 1968 2676 infantem:
2016 2621 2089 2676 ut
2131 2612 2381 2676 dictum
2431 2611 2576 2675 est²
2603 2610 2791 2691 virgo

1609 2701 1987 2783 permansit.
2074 2699 2284 2783 Virgo
2314 2720 2471 2782 ergo
2516 2699 2789 2780 genuit:

1608 2798 1679 2853 et
1708 2789 1895 2872 virgo
1940 2789 2318 2873 permansit.
2411 2790 2631 2853 Mater
2673 2786 2791 2850 filii

1611 2875 1788 2942 facta
1819 2887 1962 2942 est:
2009 2886 2076 2941 et
2128 2877 2449 2942 castitatis
2502 2876 2790 2959 sigillum

1611 2985 1747 3029 non
1830 2967 2137 3049 perdidit.
2245 2964 2525 3048 Quare?
2616 2962 2795 3046 Quia

1612 3074 1745 3117 non
1777 3054 1979 3118 homo
2011 3055 2133 3119 iste
2178 3063 2439 3118 tantum
2471 3053 2585 3136 qui
2614 3052 2796 3116 vide-

1611 3141 1845 3208 batur:
1876 3142 2033 3208 sed⁸
2063 3143 2439 3226 unigenitus
2469 3150 2611 3205 erat
2628 3141 2795 3204 deus

1612 3231 1727 3314 qui
1782 3231 1849 3294 in
1902 3251 2095 3296 carne
2156 3232 2527 3296 advenerat.
2649 3229 2796 3294 Nec

1611 3319 1833 3383 subito
1893 3320 2241 3385 carnaliter
2298 3321 2601 3402 genitus:
2677 3317 2795 3380 sed

1609 3408 1900 3490 perfecta
1930 3409 2141 3472 deitas
2172 3409 2237 3472 in
2280 3427 2553 3490 corpore
2597 3407 2797 3471 venit.

1607 3497 1720 3562 Re.
1747 3497 2265 3564 Sanctificamini
2289 3495 2403 3560 filii
2428 3493 2617 3559 israel
2637 3495 2800 3558 dicit

1608 3587 1918 3649 dominus
1978 3586 2045 3648 in
2106 3585 2215 3649 die
2273 3585 2450 3647 enim
2512 3583 2799 3648 crastina

1609 3674 1969 3739 descendet
2000 3674 2328 3737 dominus,
2418 3672 2510 3735 Et
2546 3669 2799 3734 auferet

1613 3783 1654 3826 a
1698 3762 1889 3826 vobis
1933 3781 2201 3826 omnem
2253 3759 2661 3841 languorem.
2750 3775 2801 3845 γ

1617 3851 1924 3916 Crastina
1965 3850 2074 3913 die
2118 3849 2444 3913 delebitur
2489 3847 2805 3930 iniquitas

1617 3949 1789 4004 terre
1819 3947 1887 4004 et
1919 3937 2222 4021 regnabit
2268 3957 2465 4020 super
2508 3957 2631 4000 nos
2674 3937 2805 4000 sal-

1617 4037 1809 4092 vator
1838 4027 2086 4092 mundi.
2136 4027 2229 4091 Et
2246 4026 2513 4090 auferet.
2562 4024 2807 4092 Gloria.

1625 4117 1719 4180 Et
1750 4114 2017 4181 auferet.
2108 4132 2159 4202 y
2206 4115 2511 4180 Crastina
2540 4117 2665 4179 erit
2692 4137 2809 4179 vo·-

1621 4205 1727 4268 bis
1771 4203 1963 4269 salus
2057 4205 2237 4269 Dicit
2267 4205 2577 4268 dominus
2623 4224 2811 4267 exer-

1626 4295 1896 4357 cituum.
2264 4293 2349 4356 In
2372 4291 2675 4356 laudibus
2701 4301 2810 4357 an.

1738 4383 1912 4446 udea
1984 4391 2054 4446 et
2132 4381 2525 4446 hierusalem
2606 4379 2811 4444 nolite

1719 4471 1996 4536 timere:
2069 4491 2215 4535 cras
2274 4468 2699 4553 egrediemini
2746 4479 2815 4533 et

2246 4609 2267 4644 ⁸
2304 4607 2665 4659 ‘et’add:G.
