3375 5100
701 344 1017 400 SANCTJ
1057 343 1502 400 STEPHANI
1539 345 2328 402 PROTHOMARTVRJS.

828 455 922 510 97

273 561 640 644 ligarentur
673 583 688 624 ε
744 559 880 626 Sed
914 560 1262 624 memorati
1294 579 1466 623 mar·

270 651 444 732 tyris
518 647 959 732 opitulatione
1027 670 1178 713 cum
1239 649 1466 712 tunica

275 738 424 820 ejus
454 759 650 821 super
695 737 978 819 jacentis
1025 757 1262 820 corpus
1293 746 1468 800 esset

277 828 516 891 missa:
547 827 902 890 suscitatus
933 835 1050 890 est.
1097 825 1208 890 Re.
1245 826 1465 908 Impe-

276 925 426 978 tum
457 914 753 978 fecerunt
783 915 1182 978 unanimiter
1209 915 1280 977 in
1311 934 1464 977 eum

279 1014 352 1068 et
397 1003 732 1086 ejecerunt
785 1024 936 1067 eum
986 1013 1181 1067 extra
1234 1003 1464 1066 civita·

279 1102 436 1155 tem.
527 1093 958 1156 Invocantem
1001 1101 1069 1155 et
1114 1093 1462 1156 dicentem.

282 1181 576 1244 Domine
606 1181 832 1262 accipe
875 1181 1174 1264 spiritum
1223 1200 1462 1244 meum.

277 1269 416 1332 Iste
444 1289 668 1332 versus
694 1269 939 1333 dzketur
968 1269 1037 1331 in
1067 1268 1175 1332 die
1189 1278 1461 1333 tantum.

279 1375 328 1444 γ
378 1357 758 1440 Stephanus
811 1359 916 1422 dei
965 1358 1179 1439 gratia
1231 1357 1466 1440 plenus

277 1454 454 1510 erat:
486 1447 552 1510 in
586 1445 778 1528 plebe
810 1445 1020 1510 multa
1049 1446 1238 1528 signa
1269 1445 1463 1508 facie·

278 1534 440 1598 bat:
516 1533 692 1597 celos
765 1543 1029 1617 apertos
1103 1533 1468 1617 aspiciebat

277 1623 506 1704 Jesum
532 1631 819 1686 stantem
846 1622 1116 1688 videbat
1139 1643 1180 1686 a
1209 1623 1462 1686 dextris

276 1711 385 1774 dei
417 1719 484 1773 et
513 1711 776 1775 dicebat
803 1733 818 1776 ε
855 1712 1158 1775 Domine.
1236 1710 1464 1776 Gloria

277 1798 448 1862 de0¹
481 1819 600 1881 per
641 1799 942 1863 inmensa
983 1801 1152 1882 patri
1198 1819 1462 1863 summo

275 1887 552 1971 ejusque
577 1888 744 1970 proli
765 1888 889 1952 sibi
921 1887 1123 1970 digne
1155 1899 1313 1952 nato
1344 1887 1460 1951 ac²

277 1976 618 2059 utriusque
641 1975 892 2040 flamini
917 1997 1102 2040 sacro
1125 1977 1296 2041 sicut
1316 1985 1459 2040 erat

277 2065 495 2146 primo
519 2073 586 2127 et
606 2085 780 2130 nunc
805 2075 872 2128 et
894 2085 1157 2148 semper
1178 2075 1246 2128 et
1271 2067 1337 2128 in
1357 2085 1457 2128 se-

274 2152 443 2216 cula.
489 2173 701 2218 amen.
747 2154 1056 2218 Domine.
1100 2153 1302 2216 Alius
1319 2174 1458 2217 ver-

273 2261 389 2304 sus
411 2242 480 2304 in
503 2251 727 2304 octava
748 2242 856 2305 die
875 2252 1127 2305 tantum
1158 2241 1460 2305 dicendus

273 2329 341 2391 si
365 2329 686 2394 dominica
709 2330 945 2411 fuerit.
1039 2347 1084 2416 y
1134 2331 1223 2394 Et
1254 2339 1457 2394 testes

274 2418 723 2499 deposuerunt
751 2419 1148 2483 vestimenta
1186 2439 1304 2482 sua
1357 2440 1458 2482 se-

272 2527 390 2570 cus
421 2507 624 2589 pedes
655 2507 1090 2572 adolescentis
1121 2507 1234 2591 qui
1266 2527 1457 2572 voca-

274 2594 471 2658 batur
499 2596 722 2659 saulus
769 2606 838 2661 et
891 2596 1278 2680 lapidabant
1326 2606 1455 2661 ste-

271 2684 584 2766 phanum.
692 2685 1138 2749 Invocantem.
1230 2685 1456 2750 Gloria

270 2773 462 2854 patri.
577 2774 866 2837 Domine
927 2775 1166 2857 accipe.
1258 2774 1341 2837 In
1375 2774 1465 2856 νὴ·

271 2870 576 2925 nocturno
634 2871 739 2926 αφῖ.
834 2864 913 2925 In
984 2864 1259 2926 domino
1326 2864 1454 2926 deo

271 2969 395 3011 suo
446 2950 732 3014 confisus
780 2950 966 3014 fortis
1019 2950 1268 3015 athleta
1321 2962 1451 3014 ste-

269 3038 532 3119 phanus
553 3039 848 3121 lapidum
870 3039 1127 3103 fortiter
1143 3040 1454 3103 sustinuit

271 3128 441 3189 ictus
472 3136 539 3189 et
580 3128 821 3191 idcirco
867 3127 953 3191 ad
999 3138 1295 3191 montem
1326 3129 1452 3191 vir-

270 3224 492 3278 tutum
524 3218 1015 3298 transmigravit
1045 3218 1451 3283 victoriosus·

251 3312 356 3385 pf.
444 3303 524 3366 In
598 3305 870 3368 domino
945 3304 1226 3369 confid0.
1314 3306 1449 3369 Αῆ.

270 3391 433 3456 Sine
484 3392 748 3457 macula
798 3393 1032 3456 beatus
1089 3392 1451 3477 stephanus

269 3481 602 3562 ingressus
645 3489 749 3544 est
799 3482 1067 3545 domine
1113 3484 1181 3545 in
1233 3482 1449 3545 taber-

267 3569 508 3631 nacula
552 3579 668 3632 tua
712 3580 779 3634 et
826 3571 978 3652 quia
1011 3580 1320 3653 operatus
1352 3580 1454 3635 est

261 3658 599 3739 justiciam
661 3660 1007 3741 requiescit
1082 3660 1148 3723 in
1225 3669 1452 3722 monte

267 3755 501 3809 sancto
561 3756 693 3810 tuo.
792 3757 890 3830 pf.
954 3749 1245 3812 Domine
1305 3748 1453 3829 quis

267 3833 614 3899 habitabit.
726 3837 856 3899 Αὶὶ.
917 3837 1206 3901 Domine
1250 3837 1457 3899 virtus

268 3932 338 3985 et
385 3922 601 3987 leticia
651 3932 975 3988 rectorum
1022 3926 1336 4007 quoniam
1383 3934 1456 3989 tu

267 4012 624 4093 prevenisti
659 4012 975 4077 dilectum
1021 4013 1144 4077 tibi
1189 4012 1455 4095 stepha-

271 4120 432 4163 num
482 4101 661 4164 dono
720 4103 1007 4183 gratuite
1051 4102 1456 4166 benedictio-

271 4190 372 4251 nis
403 4198 472 4251 te
517 4190 768 4272 primus
814 4200 1080 4255 secutus
1109 4199 1212 4254 est
1243 4199 1458 4255 morte

267 4277 556 4359 gloriose
641 4279 966 4361 passionis
1041 4281 1218 4344 unde
1305 4298 1456 4344 cum

375 4467 388 4496 ¹
430 4464 585 4515 ‘deo’
609 4482 737 4515 om.:
774 4466 996 4517 E.G.W.

370 4533 392 4562 ²
429 4532 694 4582 ‘ac'om.:
728 4533 951 4584 E.G.W.

373 4600 394 4628 ³
426 4600 690 4663 synagogis
710 4618 723 4650 ε
759 4600 819 4649 E.
829 4600 892 4650 G.

2110 455 2211 512 98

1572 579 1817 624 corona
1850 562 2146 643 martyrii
2178 561 2423 624 dedisti
2455 562 2515 625 ei
2547 563 2754 628 vitam

1571 647 1638 711 in
1671 649 1966 713 seculum
2014 648 2231 713 seculi.
2310 659 2413 731 pf.
2463 651 2757 715 Domine

1571 737 1639 799 in
1683 738 1944 802 virtute.
2020 755 2065 824 γ
2112 739 2365 820 Magna
2406 747 2523 803 est.
2620 739 2752 804 Sec.

1568 825 1935 888 Matheum.

1566 916 1714 1046 ln
1747 913 1859 977 illo
1888 924 2220 996 tempore:
2258 914 2754 996 DicebatJesus

1667 1004 1877 1067 turbis
1886 1003 1909 1084 j
1919 1004 2237 1066 udeorum
2258 1013 2325 1068 et
2349 1005 2754 1087 principibus

1567 1092 2003 1155 sacerdotum.
2082 1092 2258 1156 Ecce
2289 1113 2415 1175 ego
2448 1093 2643 1156 mitto
2666 1093 2752 1158 ad

1564 1200 1684 1243 vos
1744 1181 2102 1263 prophetas
2164 1190 2229 1244 et
2289 1183 2624 1264 sapientes
2684 1191 2752 1245 et

1565 1267 1815 1332 scribas
1866 1279 1936 1333 et
1994 1290 2085 1332 ex
2138 1269 2265 1333 illis
2325 1270 2638 1334 occidetis
2684 1280 2751 1334 et

1568 1357 2003 1439 crucifigetis:
2049 1366 2118 1420 et
2171 1379 2259 1422 ex
2308 1359 2401 1420 eis
2456 1358 2749 1441 flagella-

1567 1443 1723 1508 bitis
1762 1445 1829 1508 in
1875 1447 2210 1528 sinagogis
2232 1447 2257 1484 ³
2315 1449 2563 1510 vestris,
2658 1447 2751 1510 Et

1566 1532 1705 1597 Re.⁴
1756 1533 1984 1598 Sermo
2012 1556 2093 1596 ex
2114 1536 2567 1598 commentario
2586 1535 2755 1598 beati

1563 1622 1923 1703 hieronymi
1979 1623 2343 1706 presbyteri
2396 1624 2477 1686 de
2531 1623 2749 1686 eadem

1562 1711 1831 1775 lectione.
2387 1712 2603 1776 Lectio
2634 1713 2747 1794 wj

1645 1802 1659 1815 '
1744 1819 1823 1863 oc
1914 1800 2093 1882 quod
2184 1809 2340 1864 ante
2428 1800 2695 1864 dixerat
2732 1822 2746 1866 :

1740 1909 1859 1951 vos
1890 1888 2161 1971 implete
2206 1908 2583 1952 mensuram
2631 1909 2746 1971 pa-

1559 1985 1735 2039 trum
1794 1986 2204 2041 vestrorum:
2249 1977 2335 2040 ad
2396 1997 2747 2059 personam

1559 2065 1813 2128 domini
1834 2065 2154 2147 pertinere
2178 2065 2438 2130 videtur
2459 2085 2540 2128 eo
2563 2065 2746 2147 quod

1559 2152 1960 2217 occidendus
1991 2164 2164 2216 esset
2196 2153 2281 2215 ab
2312 2153 2421 2216 eis,
2518 2153 2743 2217 Potest

1559 2251 1628 2304 et
1703 2242 1789 2305 ad
1860 2240 2215 2324 discipulos
2276 2241 2417 2322 ejus
2478 2240 2743 2305 referri:

1559 2329 1645 2394 de
1694 2328 1933 2412 quibus
1994 2349 2166 2392 nunc
2220 2329 2473 2392 dicitur.
2568 2329 2744 2393 Ecce

1559 2438 1687 2500 ego
1758 2419 1952 2480 mitto
2028 2419 2114 2481 ad
2193 2437 2311 2481 vos
2384 2417 2741 2500 prophetas

1559 2516 1628 2571 et
1687 2507 2019 2590 sapientes
2070 2515 2138 2570 et
2186 2505 2431 2571 scribas
2492 2515 2611 2571 etc.
2668 2516 2743 2571 ut

1561 2596 1891 2679 impleatis
1912 2616 2283 2659 mensuram
2310 2606 2573 2678 patrum
2598 2616 2739 2659 ves-

1558 2694 1828 2750 trorum.
1918 2685 2029 2749 Re.
2080 2683 2460 2767 Stephanus
2519 2705 2744 2747 servus

1557 2775 1664 2837 dei
1698 2794 1897 2856 quem
1930 2774 2317 2856 lapidabant
2356 2773 2538 2855 judei
2576 2774 2743 2837 vidit

1556 2862 1733 2925 celos
1778 2872 2087 2945 apertos:
2131 2862 2299 2925 vidit
2331 2872 2399 2925 et
2430 2862 2741 2927 introivit.

1561 2951 1808 3014 Beatus
1854 2950 2055 3013 homo
2084 2951 2190 3013 cui
2220 2950 2343 3013 celi
2376 2949 2743 3033 patebant.⁵

1555 3056 1604 3125 γ
1681 3040 1957 3103 Intuens
2033 3036 2144 3101 ἰῐι6
2204 3038 2417 3102 celum
2509 3038 2743 3103 beatus

1555 3127 1917 3209 stephanus
1989 3127 2155 3191 vidit
2230 3126 2509 3209 gloriam
2615 3127 2741 3191 dei.

1555 3216 1800 3280 Beatus
1831 3215 2047 3279 homo,
2364 3215 2574 3279 Lectio
2604 3216 2747 3298 viij.

1551 3306 1674 3438 S
1693 3304 1989 3387 imulque
2020 3304 2296 3367 observa
2321 3304 2519 3385 juxta
2550 3323 2743 3386 apos·

1693 3393 1907 3457 tolum
1974 3393 2370 3455 scribentem
2466 3394 2551 3455 ad
2634 3413 2744 3455 co-

1555 3481 1832 3545 rinthios
1864 3481 2044 3545 varia
2076 3483 2253 3544 dona
2285 3501 2428 3543 esse
2458 3480 2743 3563 discipu-

1553 3570 2029 3634 lorumChristi.
2056 3568 2250 3631 Alios
2264 3568 2618 3651 prophetas
2632 3570 2745 3649 qui

1552 3668 1828 3722 ventura
1842 3658 2183 3741 predicant
2200 3678 2213 3719 :
2236 3656 2398 3719 alios
2412 3658 2744 3737 sapientes

1556 3746 1671 3830 qui
1734 3754 2055 3809 noverunt
2115 3744 2379 3827 quando
2453 3743 2745 3809 debeant

1557 3834 1847 3918 proferre
1864 3852 2237 3897 sermonem
2262 3853 2277 3896 ε
2309 3831 2473 3895 alios
2497 3832 2745 3895 scribas

1558 3925 1624 3986 in
1675 3924 1820 4005 lege
1852 3921 2313 3985 doctissimos:
2360 3942 2447 3983 ex
2501 3922 2745 4004 quibus

1558 4012 1893 4093 lapidatus
1924 4018 2025 4073 est
2056 4010 2419 4091 stephanus
2448 4032 2462 4074 ε
2510 4009 2748 4092 paulus

1557 4102 1853 4164 occisus:
1900 4098 2253 4162 crucifixus
2316 4108 2583 4181 petrus:
2631 4098 2746 4163 fla-

1557 4188 1787 4271 gellati
1850 4189 1918 4251 in
1978 4187 2233 4251 actibus
2294 4187 2748 4270 apostolorum

1558 4276 1904 4359 discipuli:
1958 4285 2026 4339 et
2057 4278 2382 4359 persecuti
2427 4286 2583 4341 sunt
2635 4298 2749 4340 eos

1673 4468 1693 4496 ⁴
1716 4472 1814 4528 pro
1842 4468 1855 4493 ‘
1871 4463 1976 4513 Re.'
1994 4440 2179 4527 reiiqua
2198 4479 2215 4513 .·
2248 4463 2313 4511 E.
2327 4462 2382 4512 G.
2400 4462 2477 4511 W.

1671 4534 1693 4562 ⁸
1726 4532 1987 4595 patebunt:
2013 4530 2142 4581 EG.
2282 4532 2301 4559 ⁸
2331 4528 2437 4577 ‘in’
2462 4544 2590 4579 om.=
2628 4528 2709 4581 W.

2438 4676 2491 4724 H
