3375 5100
1686 349 1855 405 PRE
1857 350 1907 407 C
1901 351 1961 405 E
1961 350 2022 405 S.

1095 456 1255 513 885

554 576 757 651 supra
780 574 1047 631 notatur
1066 565 1139 629 in
1172 564 1513 649 temporali
1535 573 1599 631 et
1602 576 1756 648 pre-

558 665 661 719 ter
670 655 857 737 festa
888 654 971 719 ix.
1019 654 1355 719 lectionum
1382 653 1667 736 duplicia
1697 664 1762 717 et

556 742 895 827 simplicia.
925 744 987 808 A
999 745 1082 807 ἢ]
1104 744 1128 777 “
1156 742 1257 807 Te
1276 742 1477 807 deum
1499 753 1760 826 patrem

562 834 979 916 ingenitum:
1056 842 1125 895 te
1186 830 1395 895 filium
1457 832 1762 914 unigeni-

560 931 751 986 tum:
798 929 867 985 te
926 920 1535 1005 spiritumsanctum
1568 940 1760 1003 para-

561 1010 835 1075 clitum:
880 1017 1185 1073 sanctam
1216 1018 1285 1073 et
1345 1009 1760 1073 individuam

561 1098 927 1164 trinitatem
960 1106 1109 1162 toto
1136 1096 1337 1161 corde
1367 1107 1436 1161 et
1466 1117 1579 1161 ore
1604 1118 1761 1161 con-

564 1186 867 1252 fitemur:
914 1185 1265 1251 laudamus
1296 1195 1500 1269 atque
1560 1186 1762 1250 bene-

558 1276 882 1340 dicimus:
928 1276 1049 1339 tibi
1079 1274 1292 1358 gloria
1322 1274 1388 1337 in
1420 1274 1658 1339 secula.

679 1364 765 1427 In
783 1364 810 1401 ⁸
855 1365 1031 1444 fisto
1094 1364 1178 1427 ix,
1241 1362 1579 1428 lectionum
1641 1363 1765 1426 du-

547 1452 717 1535 plici
766 1452 872 1517 vel
922 1450 1243 1534 simplici:
1306 1461 1535 1535 preter
1590 1461 1768 1515 certa

551 1542 735 1624 sc’sta
768 1549 995 1603 notata
1026 1539 1097 1605 in
1131 1540 1475 1622 temporali
1498 1550 1564 1603 et
1580 1560 1771 1603 sanc·

564 1640 795 1693 torum.
884 1630 1046 1693 Aa!
1124 1628 1389 1695 Gratias
1439 1629 1559 1692 tibi
1602 1630 1770 1692 deus

568 1720 821 1802 gratias
879 1717 1005 1783 tibi
1052 1737 1210 1781 vera
1270 1738 1405 1781 una
1464 1718 1770 1781 trinitas:

568 1827 702 1872 una
746 1815 816 1871 et
845 1827 1109 1871 summa
1138 1805 1393 1871 deitas:
1437 1814 1671 1871 sancta
1703 1813 1774 1870 et

564 1916 700 1961 una
728 1896 968 1960 unitas.

683 1986 768 2048 In
792 1985 817 2021 ⁶
867 1983 1078 2067 striis
1121 1992 1343 2069 preter
1396 1992 1571 2045 certa
1614 1992 1774 2045 tem-

548 2082 719 2156 pora
744 2095 769 2135 ,-
814 2082 892 2135 ut
936 2083 1138 2156 supra
1198 2071 1507 2136 notatur!
1572 2070 1774 2135 Feria

561 2161 835 2225 secunda
864 2158 890 2200 ⁷
947 2172 1140 2245 snper
1204 2159 1537 2243 psalmum
1606 2158 1776 2242 Qui-

563 2271 829 2333 cunque
901 2258 1011 2315 aii,
1054 2249 1319 2315 Adesto
1380 2248 1547 2313 deus
1600 2268 1774 2313 unus

566 2340 1038 2421 omnipotens:
1100 2347 1293 2421 pater
1352 2344 1424 2401 et
1484 2334 1661 2402 filius
1703 2345 1773 2401 et

566 2428 1120 2509 spiritussanctuS.
1212 2424 1412 2489 Feria
1436 2425 1632 2489 tertia
1661 2434 1769 2492 αῆ.

566 2516 669 2581 Te
701 2536 909 2580 unum
960 2517 1027 2580 in
1078 2514 1457 2580 substantia
1508 2515 1773 2580 trinita-

567 2614 705 2669 tem
782 2606 851 2669 in
954 2605 1253 2690 personis
1358 2602 1770 2670 confitemur.

566 2693 766 2758 Feria
824 2704 1064 2776 quarta
1122 2702 1230 2758 aii,
1342 2693 1445 2756 Te
1506 2713 1772 2776 semper

569 2782 748 2846 idem
798 2803 945 2846 esse
1004 2784 1226 2847 vivere
1269 2791 1339 2846 et
1399 2781 1771 2865 intelligere

569 2871 973 2955 profitemur,
1095 2871 1301 2934 Feria
1372 2869 1608 2953 quinta
1658 2880 1767 2936 αῆ,

569 2961 670 3026 Te
696 2961 1088 3024 invocamus
1116 2981 1132 3024 :
1164 2969 1233 3024 te
1265 2960 1621 3023 adoramus
1658 2981 1672 3024 :
1699 2969 1769 3025 te

563 3049 917 3114 laudamus
947 3069 990 3113 o
1022 3049 1223 3112 beata
1244 3049 1520 3111 trinitas,
1566 3047 1770 3112 Feria

565 3147 745 3201 sexta
806 3146 913 3201 αῆ.
1006 3138 1181 3222 Spes
1241 3145 1512 3201 nostra:
1584 3137 1767 3202 salus

666 3273 683 3306 ¹
724 3273 819 3322 ‘In
838 3271 1066 3322 omnibus
1086 3271 1347 3322 dominicis
1380 3269 1771 3336 qnmdoeunque

564 3341 759 3390 dicz'tur
782 3341 1011 3404 psalmus
1050 3338 1189 3388 Deus
1232 3337 1356 3387 deus
1400 3352 1541 3386 meus
1577 3339 1770 3402 respice

564 3423 679 3457 cum
720 3405 927 3470 reliquis
951 3405 1163 3469 psalmis
1196 3403 1290 3454 Ad
1307 3403 1537 3468 primam
1578 3403 1773 3454 dicetur

566 3481 717 3570 w:
728 3468 1550 3600 amasam&
1561 3470 1768 3600 ,εξ-4

568 3622 697 3656 num
718 3612 863 3655 extra
881 3605 993 3654 ebdo
1134 3619 1185 3652 m
1196 3609 1359 3652 sancte
1372 3602 1627 3652 trinitatis
1643 3604 1768 3653 dici·

566 3669 1247 3802 ‘2'12‘122253202120552
1262 3667 1375 3784 4’
1395 3657 1769 3786 “affl-m.

564 3811 731 3855 torum
746 3803 760 3828 ’
783 3805 1093 3853 mniumstur
1111 3801 1253 3866 apud
1268 3801 1343 3852 E.
1358 3751 1521 3852 geta

669 3874 689 3904 ⁴
727 3875 742 3899 ⁴
758 3869 1163 3948 Ista-antiphona
1194 3883 1396 3957 sequens
1414 3867 1608 3918 dic-etin
1626 3869 1669 3931 [⁴
1684 3884 1769 3947 su·-

553 3945 655 4004 per
671 3943 749 4002 ps.
780 3937 1077 4001 Quicunque
1111 3935 1217 3984 vult
1278 3933 1380 3983 add
1405 3952 1418 3983 ε
1442 3934 1534 3997 G.]
1558 3934 1773 3999 infestus

566 4006 639 4054 ix.
690 4003 951 4052 lectionum
989 4001 1269 4066 duplicium
1312 4000 1613 4064 [duplicibus
1623 4015 1643 4050 .·
1681 4001 1769 4064 G.]

2381 460 2542 515 886

1863 578 2097 633 nostra
2167 568 2385 633 honor
2458 577 2686 632 noster
2757 588 2802 631 ο
2879 568 3085 633 beata

1863 658 2155 722 trinitas,
2255 657 2544 723 Sabbato
2631 665 2738 721 aii.
2837 656 3086 721 Libera

1869 766 2032 810 nos:
2078 744 2264 810 salva
2331 767 2453 810 nos
2510 744 2801 828 justifica
2863 766 2990 809 nos
3039 766 3084 809 o

1869 834 2073 899 beata
2101 836 2390 899 trinitas,
2673 834 3080 916 Capitulum,

1863 924 2241 1056 Domine
2309 924 2618 987 miserere
2709 924 2920 986 nostri
3007 931 3080 986 te

2020 1013 2196 1075 enim
2287 1011 2834 1094 expectavimus:
2930 1020 3084 1075 esto

1864 1100 2206 1165 brachium
2239 1110 2540 1164 nostrum
2599 1101 2667 1163 in
2718 1119 2964 1163 mane:
3009 1109 3084 1164 et

1868 1189 2048 1253 salus
2081 1198 2313 1254 nostra
2343 1190 2410 1251 in
2452 1197 2756 1271 tempore
2794 1187 3083 1252 tribula-

1867 1278 2088 1341 tionis,
2183 1278 2335 1341 Deo
2365 1276 2658 1359 gratias,⁸
2719 1276 2836 1340 Re,
2911 1277 3082 1359 Jesu

1871 1366 2138 1432 Christe
2172 1365 2266 1430 fili
2307 1366 2416 1429 dei
2447 1366 2580 1429 vivi
2613 1364 2920 1429 miserere
2955 1386 3080 1429 no-

1869 1455 1990 1519 bis,
2077 1455 2236 1537 Jesu
2259 1452 2566 1520 Christe.⁹
2629 1470 2677 1541 γ
2721 1452 2854 1537 Qui
2875 1454 3080 1517 sedes

1871 1543 1958 1607 ad
2011 1543 2362 1607 dexteram
2417 1542 2642 1625 patris,
2735 1542 3078 1607 Miserere.

1873 1631 2103 1698 Gloria
2134 1632 2322 1714 patri.
2381 1631 2544 1713 Jesu
2594 1629 2932 1696 Christe,¹⁰
3027 1648 3080 1716 γ

1875 1720 2150 1803 Exurge
2180 1720 2450 1784 domine
2483 1720 2728 1801 adjuva
2755 1738 2880 1782 nos
2909 1740 2924 1782 :
2977 1718 3076 1782 Et

1871 1808 2080 1873 libera
2111 1828 2232 1872 nos
2281 1816 2552 1891 propter
2581 1827 2826 1871 nomen
2853 1816 3074 1871 tuum.

1871 1897 2312 1979 Kyrieleison.
2359 1896 2459 1979 iij.
2531 1894 3080 1961 Christeeleison,

1873 1986 1972 2069 iij,
2093 1985 2538 2069 Kyrieleison.
2657 1983 2754 2066 iij,
2875 1984 3085 2047 Pater

1875 2083 2120 2139 noster.
2201 2074 2295 2138 Et
2325 2094 2412 2137 ne
2443 2093 2580 2137 nos,
2673 2072 2810 2137 Sed
2865 2071 3084 2137 libera

1873 2183 2014 2229 nos
2107 2162 2299 2229 Vivet
2320 2163 2546 2225 anima
2563 2181 2714 2224 mea
2743 2170 2812 2225 et
2843 2160 3080 2225 lauda·

1873 2251 1974 2317 bit
1991 2260 2060 2318 te
2085 2273 2102 2317 :
2135 2251 2228 2315 Et
2253 2250 2505 2333 judicia
2525 2259 2644 2313 tua
2659 2249 2763 2331 adj
2772 2250 3084 2314 uvabunt

1873 2360 1999 2405 me.
2132 2340 2372 2403 Erravi
2449 2340 2626 2403 sicut
2707 2339 2857 2401 ovis
2945 2358 3084 2421 que

1875 2428 2087 2513 periit.
2237 2426 2461 2510 Quere
2534 2447 2795 2491 servum
2875 2434 3080 2489 tuum

1872 2517 2146 2583 domine
2174 2518 2334 2601 quia
2385 2516 2706 2580 mandata
2766 2524 2885 2580 tua
2939 2534 3082 2580 non

1873 2627 2021 2670 sum
2081 2606 2347 2671 oblitus
2445 2605 2665 2672 Credo
2726 2605 2794 2668 in
2851 2604 3078 2670 deum.

1878 2694 2104 2762 Carnis
2129 2695 2691 2758 resurrectionem.
2739 2693 2832 2756 Et
2861 2695 3080 2758 vitam

1868 2784 2234 2848 eternam,¹¹
2296 2783 2399 2848 Et
2429 2803 2556 2866 ego
2579 2783 2665 2845 ad
2687 2791 2760 2844 te
2792 2782 3078 2846 domine

1871 2872 2176 2936 clamavi.
2269 2871 2362 2936 Et
2423 2891 2622 2935 mane
2674 2872 2892 2934 oratio
2925 2891 3082 2934 mea

1872 2961 2215 3045 preveniet
2232 2969 2316 3025 te.
2365 2959 2737 3042 Repleatur
2755 2979 2834 3021 os
2847 2979 3080 3023 meum

1872 3048 2089 3114 laude,
2138 3049 2240 3114 Ut
2267 3057 2534 3112 cantem
2567 3046 2852 3130 gloriam
2885 3055 3078 3113 tuam

1871 3147 2018 3204 tota
2077 3139 2188 3202 die
2271 3137 2803 3220 magnitudinem
2863 3145 3076 3200 tuam,

1971 3275 1990 3303 ⁷
2029 3271 2306 3322 ‘secunda'
2328 3288 2421 3321 om.
2447 3286 2467 3321 .·
2499 3271 2554 3322 S.

1969 3341 1990 3371 ⁸
2029 3343 2044 3366 ‘
2065 3339 2211 3388 Tunc
2228 3339 2374 3404 fiant
2397 3345 2563 3404 preces
2595 3353 2711 3386 cum
2741 3337 3085 3402 pmtranbne

1867 3405 2118 3455 adomim
2139 3404 2317 3495 horas:
2337 3405 2474 3454 add:
2509 3403 2643 3453 E.G.

1966 3473 1988 3502 0
2027 3476 2042 3500 C
2472 3489 2485 3502 ι

1958 3538 1994 3568 ··
2033 3471 2453 3586 5353&ss
2473 3471 2664 3586 ,3444
2694 3533 2799 3599 Qui
2831 3535 2982 3586 ..aa
3003 3537 3078 3584 di-

1867 3603 2004 3653 citur
2011 3611 2111 3668 per
2127 3610 2282 3654 totum
2314 3619 2514 3653 annum
2539 3609 2652 3667 post
2681 3602 2966 3666 pudic-tum
3002 3619 3076 3651 re·

1867 3671 2174 3735 sponson’um
2197 3671 2303 3719 nisi
2329 3669 2389 3719 in
2417 3669 2496 3719 die
2525 3667 2804 3718 nativitatis
2841 3669 3074 3718 dominun·

1867 3743 1916 3784 et
1931 3737 2108 3786 abbia
2128 3753 2282 3801 usque
2310 3737 2366 3784 in
2397 3736 2671 3785 crastinum
2697 3734 3076 3800 punsscatzbmls

1868 3809 1914 3852 et
1931 3819 1965 3852 a
1993 3803 2218 3866 passione
2235 3802 2430 3852 domini
2462 3818 2614 3866 usqsoe
2645 3801 2718 3850 ad
2743 3802 3072 3850 ascenssbnen

1867 3868 2066 3919 domini
2076 3887 2094 3919 .·
2125 3875 2172 3918 a
2210 3869 2318 3918 niu’
2349 3869 2550 3934 quando
2581 3866 2777 3917 dicitur
2807 3867 2866 3916 de
2899 3875 3074 3916 sancta

1871 3937 2034 3984 marth
2055 3941 2102 3984 et
2123 3934 2227 3984 ,αἰεί
2245 3936 2302 3984 in
2305 3935 2580 3999 festivitate
2601 3933 2779 3998 [fano.-
2810 3933 2898 3996 G.]
2921 3940 2968 3982 et
2981 3941 3078 3998 per

1867 4007 2061 4051 octavas
2081 4001 2291 4066 corporis
2317 4001 2512 4052 Christi
2525 4015 2544 4049 .·
2573 3999 2773 4066 quando
2803 3999 2864 4048 de
2891 4000 3074 4048 octa-tals

564 4072 646 4122 vel
659 4070 967 4134 simplicium
992 4067 1324 4133 [simplicibus
1340 4081 1359 4116 .·
1386 4067 1471 4130 G.]
1485 4073 1654 4131 preter
1670 4083 1768 4116 cer·
1855 4068 1929 4133 fit
1945 4083 2013 4118 ser
2021 4068 2206 4117 vitium
2227 4075 2276 4117 et
2294 4068 2402 4116 nisi
2422 4068 2479 4116 in
2479 4066 2748 4131 festivitate
2769 4065 2926 4130 [sisto
2938 4081 2958 4115 ,·
2985 4066 3072 4129 G.]

563 4137 989 4252 taffztzdnotgt}
1006 4135 1063 4184 in
1100 4133 1361 4200 temporali
1390 4139 1439 4183 et
1474 4133 1760 4184 sanctorali.

664 4273 685 4302 ⁸
730 4269 882 4318 Verba
926 4268 987 4316 ab
1036 4265 1158 4316 ‘In’
1194 4281 1349 4330 usque
1391 4266 1466 4316 ad
1502 4265 1765 4315 ‘notatur’

562 4337 873 4387 omittuntur
888 4335 1031 4398 apud
1046 4334 1114 4383 E.
1146 4333 1215 4382 ὁ*
1240 4333 1297 4383 G.

665 4404 686 4433 ⁸
720 4399 766 4452 ⁴1
808 4407 821 4430 ⁴
839 4403 908 4450 In
928 4401 1087 4466 feriis
1108 4407 1151 4449 et
1166 4398 1535 4465 festivitatibus
1558 4397 1732 4464 [festis
1751 4414 1770 4448 .-

570 4469 659 4534 G.]
690 4470 851 4518 trium
896 4468 1157 4516 lectionum
1203 4466 1312 4515 sine
1352 4465 1591 4530 regimine
1629 4465 1768 4514 chori

554 4543 727 4602 preter
744 4542 873 4584 certa
908 4541 1127 4598 tempora
1162 4538 1222 4580 ut
1253 4538 1409 4596 supra
1448 4537 1656 4580 notatur
1685 4531 1762 4581 di·

564 4609 756 4652 cuntur
775 4601 833 4650 ke
852 4599 1121 4664 antiphone
1140 4605 1387 4663 sequentes
1400 4598 1413 4620 ’
1434 4598 1567 4649 add:
1599 4599 1667 4650 E.
1676 4599 1736 4648 G,

1867 4133 2359 4200 transfigumthnis:
2372 4141 2418 4184 et
2431 4132 2765 4197 infistivitate
2779 4131 2960 4196 [festm
2985 4133 3070 4194 G.]

1864 4207 1911 4250 et
1943 4209 2042 4279 per
2080 4205 2274 4250 octavas
2315 4201 2537 4250 nominis
2575 4199 2735 4263 Jesu:
2767 4198 2973 4262 quando
3017 4199 3073 4247 de

1869 4268 1893 4317 i
1921 4283 1994 4316 sis
2012 4267 2196 4316 octavis
2207 4266 2275 4329 fit
2291 4266 2550 4315 servitium
2563 4264 2789 4330 sequitur
2796 4265 3072 4313 versiculus

1917 4347 2071 4398 xurge
2091 4333 2294 4382 domine
2316 4332 2499 4397 adjuva
2519 4347 2627 4381 nos.
2687 4331 2773 4380 Re.
2819 4329 2888 4379 Et
2911 4329 3070 4379 libera

1869 4415 1963 4448 nos
1995 4407 2197 4464 propter
2236 4413 2420 4448 nomen
2465 4405 2623 4447 tuum,
2695 4397 2771 4446 Et
2805 4397 2892 4445 his
2928 4397 3070 4446 dictis

1861 4473 2142 4530 sequuntur
2179 4473 2336 4528 preces
2364 4465 2450 4514 hoc
2483 4465 2634 4513 modo,
2703 4463 3067 4528 Kyrieleyson'

1862 4533 1952 4584 &c-
1992 4531 2123 4580 add:
2155 4531 2296 4582 EG.

1965 4600 1996 4630 ²¹
2043 4597 2247 4650 ‘amen'
2271 4597 2372 4648 add
2397 4615 2414 4648 :
2447 4595 2644 4648 EGE-
