<?xml version="1.0" encoding="UTF-8"?>
<!DOCTYPE html PUBLIC "-//W3C//DTD XHTML 1.0 Transitional//EN"
    "http://www.w3.org/TR/xhtml1/DTD/xhtml1-transitional.dtd">
<html xmlns="http://www.w3.org/1999/xhtml" xml:lang="en" lang="en">
 <head>
  <title>
</title>
<meta http-equiv="Content-Type" content="text/html;charset=utf-8" />
  <meta name='ocr-system' content='tesseract 3.04.00' />
  <meta name='ocr-capabilities' content='ocr_page ocr_carea ocr_par ocr_line ocrx_word'/>
</head>
<body>
  <div class='ocr_page' id='page_1' title='image "./publicationssur05unkngoog_0066.png"; bbox 0 0 3375 5100; ppageno 0'>
   <div class='ocr_carea' id='block_1_1' title="bbox 819 354 2236 448">
    <p class='ocr_par' dir='ltr' id='par_1_1' title="bbox 819 354 2236 448">
     <span class='ocr_line' id='line_1_1' title="bbox 819 354 2236 448; baseline 0.001 -36"><span class='ocrx_word' id='word_1_1' title='bbox 819 357 926 414; x_wconf 86' lang='lat' dir='ltr'>IN</span> <span class='ocrx_word' id='word_1_2' title='bbox 966 357 1232 414; x_wconf 86' lang='lat' dir='ltr'><em>FESTO</em></span> <span class='ocrx_word' id='word_1_3' title='bbox 1280 356 1396 412; x_wconf 83' lang='lat' dir='ltr'>NA</span> <span class='ocrx_word' id='word_1_4' title='bbox 1411 354 1841 412; x_wconf 77' lang='lat' dir='ltr'><em>TJVJTATJS</em></span> <span class='ocrx_word' id='word_1_5' title='bbox 1888 357 2236 448; x_wconf 64' lang='lat' dir='ltr'>CHRJsTI.</span> 
     </span>
    </p>
   </div>
   <div class='ocr_carea' id='block_1_2' title="bbox 851 468 942 520">
    <p class='ocr_par' dir='ltr' id='par_1_2' title="bbox 851 468 942 520">
     <span class='ocr_line' id='line_1_2' title="bbox 851 468 942 520; baseline 0 0"><span class='ocrx_word' id='word_1_6' title='bbox 851 468 942 520; x_wconf 83' lang='lat'>7⁷</span> 
     </span>
    </p>
   </div>
   <div class='ocr_carea' id='block_1_3' title="bbox 301 571 1498 743">
    <p class='ocr_par' dir='ltr' id='par_1_3' title="bbox 301 571 1498 743">
     <span class='ocr_line' id='line_1_3' title="bbox 301 571 1496 640; baseline -0.003 -2"><span class='ocrx_word' id='word_1_7' title='bbox 301 571 610 640; x_wconf 85' lang='lat' dir='ltr'>Christus</span> <span class='ocrx_word' id='word_1_8' title='bbox 667 579 864 636; x_wconf 73' lang='lat' dir='ltr'>natus</span> <span class='ocrx_word' id='word_1_9' title='bbox 914 581 1015 636; x_wconf 90' lang='lat' dir='ltr'>est</span> <span class='ocrx_word' id='word_1_10' title='bbox 1061 571 1274 638; x_wconf 75' lang='lat' dir='ltr'>nobis,</span> <span class='ocrx_word' id='word_1_11' title='bbox 1360 571 1496 636; x_wconf 89' lang='lat' dir='ltr'>Ve-</span> 
     </span>
     <span class='ocr_line' id='line_1_4' title="bbox 304 659 1498 743; baseline -0.003 -17"><span class='ocrx_word' id='word_1_12' title='bbox 304 664 444 726; x_wconf 90' lang='lat' dir='ltr'>nite</span> <span class='ocrx_word' id='word_1_13' title='bbox 472 662 840 725; x_wconf 79' lang='lat' dir='ltr'>adoremus,</span> <span class='ocrx_word' id='word_1_14' title='bbox 857 671 964 743; x_wconf 59' lang='lat' dir='ltr'>pff.</span> <span class='ocrx_word' id='word_1_15' title='bbox 995 661 1253 726; x_wconf 88' lang='lat' dir='ltr'>Venite.</span> <span class='ocrx_word' id='word_1_16' title='bbox 1286 659 1498 742; x_wconf 88' lang='lat' dir='ltr'>Hym-</span> 
     </span>
    </p>
   </div>
   <div class='ocr_carea' id='block_1_4' title="bbox 297 837 1510 4456">
    <p class='ocr_par' dir='ltr' id='par_1_4' title="bbox 297 837 1510 4456">
     <span class='ocr_line' id='line_1_5' title="bbox 320 837 1498 974; baseline -0.001 -72"><span class='ocrx_word' id='word_1_17' title='bbox 320 837 638 974; x_wconf 78' lang='lat' dir='ltr'>Christe</span> <span class='ocrx_word' id='word_1_18' title='bbox 669 837 1050 920; x_wconf 87' lang='lat' dir='ltr'>redemptor</span> <span class='ocrx_word' id='word_1_19' title='bbox 1079 837 1375 901; x_wconf 90' lang='lat' dir='ltr'>omnium</span> <span class='ocrx_word' id='word_1_20' title='bbox 1409 857 1498 900; x_wconf 89' lang='lat' dir='ltr'>ex</span> 
     </span>
     <span class='ocr_line' id='line_1_6' title="bbox 437 925 1500 1010; baseline -0.002 -19"><span class='ocrx_word' id='word_1_21' title='bbox 437 937 624 1010; x_wconf 82' lang='lat' dir='ltr'>patre</span> <span class='ocrx_word' id='word_1_22' title='bbox 656 927 863 1008; x_wconf 87' lang='lat' dir='ltr'>patris</span> <span class='ocrx_word' id='word_1_23' title='bbox 894 927 1082 990; x_wconf 90' lang='lat' dir='ltr'>unice</span> <span class='ocrx_word' id='word_1_24' title='bbox 1120 925 1299 989; x_wconf 92' lang='lat' dir='ltr'>solus</span> <span class='ocrx_word' id='word_1_25' title='bbox 1345 935 1500 990; x_wconf 87' lang='lat' dir='ltr'>ante</span> 
     </span>
     <span class='ocr_line' id='line_1_7' title="bbox 308 1014 1499 1098; baseline 0 -20"><span class='ocrx_word' id='word_1_26' title='bbox 308 1017 703 1098; x_wconf 90' lang='lat' dir='ltr'>principium</span> <span class='ocrx_word' id='word_1_27' title='bbox 773 1023 974 1077; x_wconf 78' lang='lat' dir='ltr'>natus</span> <span class='ocrx_word' id='word_1_28' title='bbox 1067 1014 1499 1078; x_wconf 84' lang='lat' dir='ltr'>ineffabiliter.</span> 
     </span>
     <span class='ocr_line' id='line_1_8' title="bbox 322 1103 1498 1186; baseline -0.002 -18"><span class='ocrx_word' id='word_1_29' title='bbox 322 1105 432 1168; x_wconf 90' lang='lat' dir='ltr'>Tu</span> <span class='ocrx_word' id='word_1_30' title='bbox 464 1103 687 1167; x_wconf 89' lang='lat' dir='ltr'>lumen</span> <span class='ocrx_word' id='word_1_31' title='bbox 718 1111 791 1166; x_wconf 90' lang='lat' dir='ltr'>tu</span> <span class='ocrx_word' id='word_1_32' title='bbox 821 1103 1137 1184; x_wconf 88' lang='lat' dir='ltr'>splendor</span> <span class='ocrx_word' id='word_1_33' title='bbox 1179 1103 1384 1186; x_wconf 88' lang='lat' dir='ltr'>patris</span> <span class='ocrx_word' id='word_1_34' title='bbox 1426 1111 1498 1166; x_wconf 92' lang='lat' dir='ltr'>tu</span> 
     </span>
     <span class='ocr_line' id='line_1_9' title="bbox 309 1191 1502 1275; baseline -0.002 -19"><span class='ocrx_word' id='word_1_35' title='bbox 309 1211 466 1275; x_wconf 89' lang='lat' dir='ltr'>spes</span> <span class='ocrx_word' id='word_1_36' title='bbox 519 1191 872 1274; x_wconf 79' lang='lat' dir='ltr'>perhennis</span> <span class='ocrx_word' id='word_1_37' title='bbox 903 1193 1200 1254; x_wconf 89' lang='lat' dir='ltr'>omnium</span> <span class='ocrx_word' id='word_1_38' title='bbox 1233 1191 1502 1254; x_wconf 86' lang='lat' dir='ltr'>intende</span> 
     </span>
     <span class='ocr_line' id='line_1_10' title="bbox 307 1278 1502 1362; baseline -0.002 -18"><span class='ocrx_word' id='word_1_39' title='bbox 307 1300 478 1362; x_wconf 88' lang='lat' dir='ltr'>quas</span> <span class='ocrx_word' id='word_1_40' title='bbox 507 1279 794 1343; x_wconf 78' lang='lat' dir='ltr'>fundunt</span> <span class='ocrx_word' id='word_1_41' title='bbox 829 1299 1056 1362; x_wconf 69' lang='lat' dir='ltr'>precoe</span> <span class='ocrx_word' id='word_1_42' title='bbox 1099 1278 1196 1342; x_wconf 91' lang='lat' dir='ltr'>tui</span> <span class='ocrx_word' id='word_1_43' title='bbox 1241 1299 1361 1362; x_wconf 89' lang='lat' dir='ltr'>per</span> <span class='ocrx_word' id='word_1_44' title='bbox 1399 1299 1502 1342; x_wconf 90' lang='lat' dir='ltr'>or-</span> 
     </span>
     <span class='ocr_line' id='line_1_11' title="bbox 310 1367 1504 1432; baseline -0.002 0"><span class='ocrx_word' id='word_1_45' title='bbox 310 1369 466 1432; x_wconf 91' lang='lat' dir='ltr'>bem</span> <span class='ocrx_word' id='word_1_46' title='bbox 525 1367 774 1431; x_wconf 81' lang='lat' dir='ltr'>famuli.</span> <span class='ocrx_word' id='word_1_47' title='bbox 861 1367 1216 1430; x_wconf 88' lang='lat' dir='ltr'>Memento</span> <span class='ocrx_word' id='word_1_48' title='bbox 1273 1368 1504 1430; x_wconf 91' lang='lat' dir='ltr'>salutis</span> 
     </span>
     <span class='ocr_line' id='line_1_12' title="bbox 309 1455 1503 1538; baseline -0.002 -18"><span class='ocrx_word' id='word_1_49' title='bbox 309 1466 544 1520; x_wconf 94' lang='lat' dir='ltr'>auctor</span> <span class='ocrx_word' id='word_1_50' title='bbox 572 1455 749 1538; x_wconf 93' lang='lat' dir='ltr'>quod</span> <span class='ocrx_word' id='word_1_51' title='bbox 770 1455 976 1518; x_wconf 87' lang='lat' dir='ltr'><strong>nostri</strong></span> <span class='ocrx_word' id='word_1_52' title='bbox 1001 1455 1337 1537; x_wconf 89' lang='lat' dir='ltr'>quondam</span> <span class='ocrx_word' id='word_1_53' title='bbox 1360 1476 1503 1519; x_wconf 91' lang='lat' dir='ltr'>cor-</span> 
     </span>
     <span class='ocr_line' id='line_1_13' title="bbox 311 1543 1504 1628; baseline 0.001 -21"><span class='ocrx_word' id='word_1_54' title='bbox 311 1545 492 1628; x_wconf 84' lang='lat' dir='ltr'>poris</span> <span class='ocrx_word' id='word_1_55' title='bbox 513 1565 604 1608; x_wconf 89' lang='lat' dir='ltr'>ex</span> <span class='ocrx_word' id='word_1_56' title='bbox 627 1543 882 1607; x_wconf 68' lang='lat' dir='ltr'>illibam</span> <span class='ocrx_word' id='word_1_57' title='bbox 896 1543 1149 1627; x_wconf 84' lang='lat' dir='ltr'>virgine</span> <span class='ocrx_word' id='word_1_58' title='bbox 1174 1544 1504 1608; x_wconf 87' lang='lat' dir='ltr'>nascendo</span> 
     </span>
     <span class='ocr_line' id='line_1_14' title="bbox 311 1632 1504 1715; baseline 0 -18"><span class='ocrx_word' id='word_1_59' title='bbox 311 1633 595 1697; x_wconf 82' lang='lat' dir='ltr'>sormam</span> <span class='ocrx_word' id='word_1_60' title='bbox 616 1633 989 1715; x_wconf 78' lang='lat' dir='ltr'>sumpseris,</span> <span class='ocrx_word' id='word_1_61' title='bbox 1067 1632 1152 1696; x_wconf 91' lang='lat' dir='ltr'>H</span> <span class='ocrx_word' id='word_1_62' title='bbox 1157 1633 1215 1696; x_wconf 91' lang='lat' dir='ltr'>ic</span> <span class='ocrx_word' id='word_1_63' title='bbox 1235 1653 1504 1715; x_wconf 87' lang='lat' dir='ltr'>presens</span> 
     </span>
     <span class='ocr_line' id='line_1_15' title="bbox 311 1721 1502 1804; baseline 0 -19"><span class='ocrx_word' id='word_1_64' title='bbox 311 1730 598 1785; x_wconf 88' lang='lat' dir='ltr'>testatur</span> <span class='ocrx_word' id='word_1_65' title='bbox 647 1721 790 1784; x_wconf 90' lang='lat' dir='ltr'>dies</span> <span class='ocrx_word' id='word_1_66' title='bbox 849 1739 1111 1785; x_wconf 89' lang='lat' dir='ltr'>currens</span> <span class='ocrx_word' id='word_1_67' title='bbox 1171 1741 1289 1804; x_wconf 89' lang='lat' dir='ltr'>per</span> <span class='ocrx_word' id='word_1_68' title='bbox 1347 1722 1502 1785; x_wconf 89' lang='lat' dir='ltr'>anni</span> 
     </span>
     <span class='ocr_line' id='line_1_16' title="bbox 310 1809 1502 1893; baseline 0 -20"><span class='ocrx_word' id='word_1_69' title='bbox 310 1810 628 1874; x_wconf 89' lang='lat' dir='ltr'>circulum</span> <span class='ocrx_word' id='word_1_70' title='bbox 654 1809 833 1892; x_wconf 90' lang='lat' dir='ltr'>quod</span> <span class='ocrx_word' id='word_1_71' title='bbox 853 1809 1032 1872; x_wconf 85' lang='lat' dir='ltr'>solus</span> <span class='ocrx_word' id='word_1_72' title='bbox 1053 1829 1093 1872; x_wconf 88' lang='lat' dir='ltr'>a</span> <span class='ocrx_word' id='word_1_73' title='bbox 1117 1809 1274 1873; x_wconf 91' lang='lat' dir='ltr'>sede</span> <span class='ocrx_word' id='word_1_74' title='bbox 1297 1809 1502 1893; x_wconf 88' lang='lat' dir='ltr'>patris</span> 
     </span>
     <span class='ocr_line' id='line_1_17' title="bbox 313 1897 1503 1962; baseline 0 0"><span class='ocrx_word' id='word_1_75' title='bbox 313 1897 546 1962; x_wconf 88' lang='lat' dir='ltr'>mundi</span> <span class='ocrx_word' id='word_1_76' title='bbox 605 1897 784 1961; x_wconf 81' lang='lat' dir='ltr'>salus</span> <span class='ocrx_word' id='word_1_77' title='bbox 849 1897 1207 1962; x_wconf 78' lang='lat' dir='ltr'>adveneris,</span> <span class='ocrx_word' id='word_1_78' title='bbox 1298 1898 1503 1962; x_wconf 88' lang='lat' dir='ltr'>Hunc</span> 
     </span>
     <span class='ocr_line' id='line_1_18' title="bbox 311 1985 1503 2051; baseline 0 -1"><span class='ocrx_word' id='word_1_79' title='bbox 311 1986 530 2050; x_wconf 83' lang='lat' dir='ltr'>celum</span> <span class='ocrx_word' id='word_1_80' title='bbox 604 1994 780 2049; x_wconf 88' lang='lat' dir='ltr'>terra</span> <span class='ocrx_word' id='word_1_81' title='bbox 835 1985 1013 2049; x_wconf 84' lang='lat' dir='ltr'>hunc</span> <span class='ocrx_word' id='word_1_82' title='bbox 1073 2006 1253 2049; x_wconf 91' lang='lat' dir='ltr'>mare</span> <span class='ocrx_word' id='word_1_83' title='bbox 1328 1986 1503 2051; x_wconf 91' lang='lat' dir='ltr'>hunc</span> 
     </span>
     <span class='ocr_line' id='line_1_19' title="bbox 312 2074 1501 2156; baseline 0 -18"><span class='ocrx_word' id='word_1_84' title='bbox 312 2094 516 2140; x_wconf 91' lang='lat' dir='ltr'>omne</span> <span class='ocrx_word' id='word_1_85' title='bbox 549 2075 730 2156; x_wconf 91' lang='lat' dir='ltr'>quod</span> <span class='ocrx_word' id='word_1_86' title='bbox 777 2074 840 2136; x_wconf 85' lang='lat' dir='ltr'>in</span> <span class='ocrx_word' id='word_1_87' title='bbox 888 2075 983 2137; x_wconf 90' lang='lat' dir='ltr'>eis</span> <span class='ocrx_word' id='word_1_88' title='bbox 1020 2083 1126 2137; x_wconf 88' lang='lat' dir='ltr'>est</span> <span class='ocrx_word' id='word_1_89' title='bbox 1165 2082 1501 2138; x_wconf 86' lang='lat' dir='ltr'>auctorem</span> 
     </span>
     <span class='ocr_line' id='line_1_20' title="bbox 309 2161 1502 2228; baseline -0.001 -1"><span class='ocrx_word' id='word_1_90' title='bbox 309 2163 642 2228; x_wconf 81' lang='lat' dir='ltr'>adventus</span> <span class='ocrx_word' id='word_1_91' title='bbox 713 2162 812 2225; x_wconf 91' lang='lat' dir='ltr'>tui</span> <span class='ocrx_word' id='word_1_92' title='bbox 889 2161 1114 2226; x_wconf 87' lang='lat' dir='ltr'>laudat</span> <span class='ocrx_word' id='word_1_93' title='bbox 1189 2162 1502 2226; x_wconf 83' lang='lat' dir='ltr'>exultans</span> 
     </span>
     <span class='ocr_line' id='line_1_21' title="bbox 311 2251 1503 2334; baseline -0.001 -18"><span class='ocrx_word' id='word_1_94' title='bbox 311 2253 593 2316; x_wconf 72' lang='lat' dir='ltr'>cantico·</span> <span class='ocrx_word' id='word_1_95' title='bbox 654 2251 805 2314; x_wconf 93' lang='lat' dir='ltr'>Nos</span> <span class='ocrx_word' id='word_1_96' title='bbox 835 2271 1102 2333; x_wconf 88' lang='lat' dir='ltr'>quoque</span> <span class='ocrx_word' id='word_1_97' title='bbox 1124 2252 1239 2334; x_wconf 88' lang='lat' dir='ltr'>qui</span> <span class='ocrx_word' id='word_1_98' title='bbox 1271 2261 1503 2315; x_wconf 90' lang='lat' dir='ltr'>sancto</span> 
     </span>
     <span class='ocr_line' id='line_1_22' title="bbox 315 2338 1503 2422; baseline 0.001 -19"><span class='ocrx_word' id='word_1_99' title='bbox 315 2349 436 2403; x_wconf 88' lang='lat' dir='ltr'>tuo</span> <span class='ocrx_word' id='word_1_100' title='bbox 493 2338 819 2421; x_wconf 84' lang='lat' dir='ltr'>redempti</span> <span class='ocrx_word' id='word_1_101' title='bbox 886 2359 1114 2402; x_wconf 90' lang='lat' dir='ltr'>sumus</span> <span class='ocrx_word' id='word_1_102' title='bbox 1183 2341 1503 2422; x_wconf 86' lang='lat' dir='ltr'>sanguine</span> 
     </span>
     <span class='ocr_line' id='line_1_23' title="bbox 313 2427 1503 2510; baseline 0.002 -20"><span class='ocrx_word' id='word_1_103' title='bbox 313 2428 408 2492; x_wconf 91' lang='lat' dir='ltr'>ob</span> <span class='ocrx_word' id='word_1_104' title='bbox 465 2428 644 2491; x_wconf 91' lang='lat' dir='ltr'>diem</span> <span class='ocrx_word' id='word_1_105' title='bbox 712 2427 950 2490; x_wconf 89' lang='lat' dir='ltr'>natalis</span> <span class='ocrx_word' id='word_1_106' title='bbox 1015 2427 1112 2491; x_wconf 91' lang='lat' dir='ltr'>tui</span> <span class='ocrx_word' id='word_1_107' title='bbox 1179 2427 1503 2510; x_wconf 88' lang='lat' dir='ltr'>hymnum</span> 
     </span>
     <span class='ocr_line' id='line_1_24' title="bbox 315 2515 1505 2582; baseline 0.002 -2"><span class='ocrx_word' id='word_1_108' title='bbox 315 2536 564 2581; x_wconf 87' lang='lat' dir='ltr'>novum</span> <span class='ocrx_word' id='word_1_109' title='bbox 607 2515 1034 2581; x_wconf 76' lang='lat' dir='ltr'>concinimus·</span> <span class='ocrx_word' id='word_1_110' title='bbox 1129 2515 1355 2581; x_wconf 85' lang='lat' dir='ltr'>Gloria</span> <span class='ocrx_word' id='word_1_111' title='bbox 1385 2517 1505 2582; x_wconf 91' lang='lat' dir='ltr'>tibi</span> 
     </span>
     <span class='ocr_line' id='line_1_25' title="bbox 311 2606 605 2669; baseline -0.003 0"><span class='ocrx_word' id='word_1_112' title='bbox 311 2606 605 2669; x_wconf 87' lang='lat' dir='ltr'>domine.</span> 
     </span>
     <span class='ocr_line' id='line_1_26' title="bbox 403 2692 1505 2776; baseline 0 -19"><span class='ocrx_word' id='word_1_113' title='bbox 403 2695 488 2757; x_wconf 87' lang='lat' dir='ltr'>In</span> <span class='ocrx_word' id='word_1_114' title='bbox 501 2694 556 2775; x_wconf 85' lang='lat' dir='ltr'><em>j</em></span> <span class='ocrx_word' id='word_1_115' title='bbox 577 2702 878 2756; x_wconf 65' lang='lat' dir='ltr'>nocmcmo</span> <span class='ocrx_word' id='word_1_116' title='bbox 1111 2692 1505 2776; x_wconf 78' lang='lat' dir='ltr'>Antiphona.</span> 
     </span>
     <span class='ocr_line' id='line_1_27' title="bbox 515 2780 1509 2846; baseline 0.001 -1"><span class='ocrx_word' id='word_1_117' title='bbox 515 2783 731 2845; x_wconf 83' lang='lat' dir='ltr'>minus</span> <span class='ocrx_word' id='word_1_118' title='bbox 788 2781 966 2844; x_wconf 83' lang='lat' dir='ltr'>dixit</span> <span class='ocrx_word' id='word_1_119' title='bbox 1020 2781 1107 2844; x_wconf 88' lang='lat' dir='ltr'>ad</span> <span class='ocrx_word' id='word_1_120' title='bbox 1169 2802 1278 2846; x_wconf 91' lang='lat' dir='ltr'>me</span> <span class='ocrx_word' id='word_1_121' title='bbox 1336 2780 1509 2846; x_wconf 88' lang='lat' dir='ltr'>filius</span> 
     </span>
     <span class='ocr_line' id='line_1_28' title="bbox 473 2868 1508 2953; baseline 0.002 -20"><span class='ocrx_word' id='word_1_122' title='bbox 473 2890 656 2933; x_wconf 90' lang='lat' dir='ltr'>meus</span> <span class='ocrx_word' id='word_1_123' title='bbox 687 2890 758 2933; x_wconf 91' lang='lat' dir='ltr'>es</span> <span class='ocrx_word' id='word_1_124' title='bbox 793 2878 866 2933; x_wconf 88' lang='lat' dir='ltr'>tu</span> <span class='ocrx_word' id='word_1_125' title='bbox 905 2889 1031 2952; x_wconf 88' lang='lat' dir='ltr'>ego</span> <span class='ocrx_word' id='word_1_126' title='bbox 1071 2868 1268 2934; x_wconf 91' lang='lat' dir='ltr'>hodie</span> <span class='ocrx_word' id='word_1_127' title='bbox 1307 2872 1508 2953; x_wconf 88' lang='lat' dir='ltr'>genui</span> 
     </span>
     <span class='ocr_line' id='line_1_29' title="bbox 313 2956 1505 3041; baseline 0.001 -19"><span class='ocrx_word' id='word_1_128' title='bbox 313 2968 402 3022; x_wconf 87' lang='lat' dir='ltr'>te.</span> <span class='ocrx_word' id='word_1_129' title='bbox 475 2968 578 3041; x_wconf 61' lang='lat' dir='ltr'>pff.</span> <span class='ocrx_word' id='word_1_130' title='bbox 626 2958 849 3041; x_wconf 83' lang='lat' dir='ltr'>Quare</span> <span class='ocrx_word' id='word_1_131' title='bbox 879 2956 1296 3022; x_wconf 84' lang='lat' dir='ltr'>fremuerunt.</span> <span class='ocrx_word' id='word_1_132' title='bbox 1371 2959 1505 3023; x_wconf 87' lang='lat' dir='ltr'>An.</span> 
     </span>
     <span class='ocr_line' id='line_1_30' title="bbox 315 3046 1506 3130; baseline -0.001 -20"><span class='ocrx_word' id='word_1_133' title='bbox 315 3048 670 3129; x_wconf 83' lang='lat' dir='ltr'>Tanquam</span> <span class='ocrx_word' id='word_1_134' title='bbox 699 3066 983 3129; x_wconf 87' lang='lat' dir='ltr'>sponsus</span> <span class='ocrx_word' id='word_1_135' title='bbox 1019 3046 1328 3110; x_wconf 89' lang='lat' dir='ltr'>dominus</span> <span class='ocrx_word' id='word_1_136' title='bbox 1357 3068 1506 3130; x_wconf 91' lang='lat' dir='ltr'>pro-</span> 
     </span>
     <span class='ocr_line' id='line_1_31' title="bbox 313 3134 1507 3218; baseline 0 -19"><span class='ocrx_word' id='word_1_137' title='bbox 313 3135 560 3199; x_wconf 87' lang='lat' dir='ltr'>cedens</span> <span class='ocrx_word' id='word_1_138' title='bbox 590 3135 674 3198; x_wconf 92' lang='lat' dir='ltr'>de</span> <span class='ocrx_word' id='word_1_139' title='bbox 703 3134 1002 3199; x_wconf 89' lang='lat' dir='ltr'>thalamo</span> <span class='ocrx_word' id='word_1_140' title='bbox 1030 3155 1168 3199; x_wconf 87' lang='lat' dir='ltr'>suo.</span> <span class='ocrx_word' id='word_1_141' title='bbox 1226 3144 1328 3218; x_wconf 63' lang='lat' dir='ltr'>pf.</span> <span class='ocrx_word' id='word_1_142' title='bbox 1363 3135 1507 3200; x_wconf 93' lang='lat' dir='ltr'>Celi</span> 
     </span>
     <span class='ocr_line' id='line_1_32' title="bbox 313 3223 1508 3306; baseline -0.001 -19"><span class='ocrx_word' id='word_1_143' title='bbox 313 3233 640 3288; x_wconf 88' lang='lat' dir='ltr'>enarrant.</span> <span class='ocrx_word' id='word_1_144' title='bbox 727 3231 832 3287; x_wconf 73' lang='grc' dir='ltr'>αῆ.</span> <span class='ocrx_word' id='word_1_145' title='bbox 873 3223 1132 3287; x_wconf 83' lang='lat' dir='ltr'>Diffusa</span> <span class='ocrx_word' id='word_1_146' title='bbox 1162 3232 1263 3287; x_wconf 90' lang='lat' dir='ltr'>est</span> <span class='ocrx_word' id='word_1_147' title='bbox 1292 3225 1508 3306; x_wconf 86' lang='lat' dir='ltr'>gratia</span> 
     </span>
     <span class='ocr_line' id='line_1_33' title="bbox 313 3311 1507 3395; baseline 0 -20"><span class='ocrx_word' id='word_1_148' title='bbox 313 3314 386 3375; x_wconf 91' lang='lat' dir='ltr'>in</span> <span class='ocrx_word' id='word_1_149' title='bbox 411 3312 602 3377; x_wconf 92' lang='lat' dir='ltr'>labiis</span> <span class='ocrx_word' id='word_1_150' title='bbox 625 3312 755 3376; x_wconf 86' lang='lat' dir='ltr'>tuis</span> <span class='ocrx_word' id='word_1_151' title='bbox 785 3321 1138 3395; x_wconf 89' lang='lat' dir='ltr'>propterea·</span> <span class='ocrx_word' id='word_1_152' title='bbox 1162 3311 1507 3376; x_wconf 86' lang='lat' dir='ltr'>benedixit</span> 
     </span>
     <span class='ocr_line' id='line_1_34' title="bbox 317 3400 1506 3482; baseline -0.001 -18"><span class='ocrx_word' id='word_1_153' title='bbox 317 3411 387 3464; x_wconf 93' lang='lat' dir='ltr'>te</span> <span class='ocrx_word' id='word_1_154' title='bbox 434 3400 600 3464; x_wconf 87' lang='lat' dir='ltr'>deus</span> <span class='ocrx_word' id='word_1_155' title='bbox 643 3400 710 3464; x_wconf 85' lang='lat' dir='ltr'>in</span> <span class='ocrx_word' id='word_1_156' title='bbox 755 3408 1076 3464; x_wconf 88' lang='lat' dir='ltr'>eternum.</span> <span class='ocrx_word' id='word_1_157' title='bbox 1149 3408 1250 3482; x_wconf 70' lang='lat' dir='ltr'>ps&#39;:</span> <span class='ocrx_word' id='word_1_158' title='bbox 1299 3400 1506 3464; x_wconf 92' lang='lat' dir='ltr'>Eruc-</span> 
     </span>
     <span class='ocr_line' id='line_1_35' title="bbox 313 3488 1504 3576; baseline -0.001 -23"><span class='ocrx_word' id='word_1_159' title='bbox 313 3490 502 3553; x_wconf 88' lang='lat' dir='ltr'>tavit.</span> <span class='ocrx_word' id='word_1_160' title='bbox 566 3505 611 3576; x_wconf 76' lang='lat' dir='ltr'>y</span> <span class='ocrx_word' id='word_1_161' title='bbox 643 3488 992 3571; x_wconf 88' lang='lat' dir='ltr'>Tanquam</span> <span class='ocrx_word' id='word_1_162' title='bbox 1024 3508 1322 3571; x_wconf 89' lang='lat' dir='ltr'>sponsus.</span> <span class='ocrx_word' id='word_1_163' title='bbox 1383 3489 1504 3552; x_wconf 85' lang='lat' dir='ltr'>Be-</span> 
     </span>
     <span class='ocr_line' id='line_1_36' title="bbox 313 3576 1504 3659; baseline -0.002 -17"><span class='ocrx_word' id='word_1_164' title='bbox 313 3576 698 3642; x_wconf 82' lang='lat' dir='ltr'>nedictiones</span> <span class='ocrx_word' id='word_1_165' title='bbox 745 3598 1106 3640; x_wconf 85' lang='lat' dir='ltr'>communes</span> <span class='ocrx_word' id='word_1_166' title='bbox 1153 3587 1343 3659; x_wconf 83' lang='lat' dir='ltr'>super</span> <span class='ocrx_word' id='word_1_167' title='bbox 1387 3577 1504 3640; x_wconf 82' lang='lat' dir='ltr'>lec-</span> 
     </span>
     <span class='ocr_line' id='line_1_37' title="bbox 315 3664 1510 3749; baseline -0.001 -19"><span class='ocrx_word' id='word_1_168' title='bbox 315 3667 516 3730; x_wconf 82' lang='lat' dir='ltr'>tiones</span> <span class='ocrx_word' id='word_1_169' title='bbox 569 3666 890 3729; x_wconf 83' lang='lat' dir='ltr'>dicantur.</span> <span class='ocrx_word' id='word_1_170' title='bbox 984 3664 1314 3728; x_wconf 80' lang='lat' dir='ltr'>Similiter</span> <span class='ocrx_word' id='word_1_171' title='bbox 1367 3666 1510 3749; x_wconf 84' lang='lat' dir='ltr'>fiat</span> 
     </span>
     <span class='ocr_line' id='line_1_38' title="bbox 299 3754 1506 3837; baseline 0 -21"><span class='ocrx_word' id='word_1_172' title='bbox 299 3766 430 3837; x_wconf 83' lang='lat' dir='ltr'>per</span> <span class='ocrx_word' id='word_1_173' title='bbox 469 3763 671 3819; x_wconf 83' lang='lat' dir='ltr'>totum</span> <span class='ocrx_word' id='word_1_174' title='bbox 715 3774 962 3817; x_wconf 81' lang='lat' dir='ltr'>annum</span> <span class='ocrx_word' id='word_1_175' title='bbox 1009 3754 1272 3835; x_wconf 79' lang='lat' dir='ltr'>exceptis</span> <span class='ocrx_word' id='word_1_176' title='bbox 1300 3754 1506 3836; x_wconf 63' lang='lat' dir='ltr'>fistals·</span> 
     </span>
     <span class='ocr_line' id='line_1_39' title="bbox 315 3842 1505 3907; baseline -0.001 -1"><span class='ocrx_word' id='word_1_177' title='bbox 315 3843 490 3907; x_wconf 81' lang='lat' dir='ltr'>beate</span> <span class='ocrx_word' id='word_1_178' title='bbox 548 3842 758 3907; x_wconf 77' lang='lat' dir='ltr'>marie</span> <span class='ocrx_word' id='word_1_179' title='bbox 812 3852 878 3905; x_wconf 84' lang='lat' dir='ltr'>ct</span> <span class='ocrx_word' id='word_1_180' title='bbox 918 3842 1505 3905; x_wconf 82' lang='lat' dir='ltr'>commemoratione</span> 
     </span>
     <span class='ocr_line' id='line_1_40' title="bbox 311 3930 1501 4016; baseline -0.001 -21"><span class='ocrx_word' id='word_1_181' title='bbox 311 3933 454 4016; x_wconf 72' lang='lat' dir='ltr'>q’us</span> <span class='ocrx_word' id='word_1_182' title='bbox 487 3940 552 3995; x_wconf 82' lang='lat' dir='ltr'>et</span> <span class='ocrx_word' id='word_1_183' title='bbox 576 3931 756 4013; x_wconf 86' lang='lat' dir='ltr'>sesto</span> <span class='ocrx_word' id='word_1_184' title='bbox 782 3930 1073 3994; x_wconf 84' lang='lat' dir='ltr'>omnium</span> <span class='ocrx_word' id='word_1_185' title='bbox 1113 3939 1501 3997; x_wconf 85' lang='lat' dir='ltr'>sanctorum.</span> 
     </span>
     <span class='ocr_line' id='line_1_41' title="bbox 327 4018 1502 4121; baseline -0.001 -39"><span class='ocrx_word' id='word_1_186' title='bbox 327 4020 484 4083; x_wconf 83' lang='lat' dir='ltr'>Tres</span> <span class='ocrx_word' id='word_1_187' title='bbox 513 4020 732 4101; x_wconf 84' lang='lat' dir='ltr'>prime</span> <span class='ocrx_word' id='word_1_188' title='bbox 757 4019 1041 4083; x_wconf 82' lang='lat' dir='ltr'>lectiones</span> <span class='ocrx_word' id='word_1_189' title='bbox 1068 4018 1207 4082; x_wconf 87' lang='lat' dir='ltr'>sint</span> <span class='ocrx_word' id='word_1_190' title='bbox 1231 4018 1310 4081; x_wconf 83' lang='lat' dir='ltr'>de</span> <span class='ocrx_word' id='word_1_191' title='bbox 1346 4029 1502 4121; x_wconf 44' lang='lat' dir='ltr'>pro-.-</span> 
     </span>
     <span class='ocr_line' id='line_1_42' title="bbox 297 4107 1499 4191; baseline 0 -20"><span class='ocrx_word' id='word_1_192' title='bbox 297 4108 527 4191; x_wconf 80' lang='lat' dir='ltr'>phetia</span> <span class='ocrx_word' id='word_1_193' title='bbox 542 4107 769 4189; x_wconf 81' lang='lat' dir='ltr'>ysaie.¹</span> <span class='ocrx_word' id='word_1_194' title='bbox 1210 4107 1426 4171; x_wconf 84' lang='lat' dir='ltr'>Lectio</span> <span class='ocrx_word' id='word_1_195' title='bbox 1436 4108 1499 4190; x_wconf 87' lang='lat' dir='ltr'>j.</span> 
     </span>
     <span class='ocr_line' id='line_1_43' title="bbox 309 4194 1508 4331; baseline 0 -72"><span class='ocrx_word' id='word_1_196' title='bbox 309 4197 634 4331; x_wconf 75' lang='lat' dir='ltr'>Primo</span> <span class='ocrx_word' id='word_1_197' title='bbox 690 4204 990 4278; x_wconf 90' lang='lat' dir='ltr'>tempore</span> <span class='ocrx_word' id='word_1_198' title='bbox 1042 4194 1348 4259; x_wconf 87' lang='lat' dir='ltr'>alleviata</span> <span class='ocrx_word' id='word_1_199' title='bbox 1407 4206 1508 4260; x_wconf 92' lang='lat' dir='ltr'>est</span> 
     </span>
     <span class='ocr_line' id='line_1_44' title="bbox 465 4283 1508 4367; baseline -0.001 -18"><span class='ocrx_word' id='word_1_200' title='bbox 465 4294 640 4349; x_wconf 87' lang='lat' dir='ltr'>terra</span> <span class='ocrx_word' id='word_1_201' title='bbox 667 4283 951 4348; x_wconf 89' lang='lat' dir='ltr'>zabulon</span> <span class='ocrx_word' id='word_1_202' title='bbox 981 4292 1048 4347; x_wconf 89' lang='lat' dir='ltr'>et</span> <span class='ocrx_word' id='word_1_203' title='bbox 1079 4293 1252 4347; x_wconf 91' lang='lat' dir='ltr'>terra</span> <span class='ocrx_word' id='word_1_204' title='bbox 1276 4294 1508 4367; x_wconf 89' lang='lat' dir='ltr'>nepta·</span> 
     </span>
     <span class='ocr_line' id='line_1_45' title="bbox 311 4373 1508 4456; baseline 0 -19"><span class='ocrx_word' id='word_1_205' title='bbox 311 4373 476 4437; x_wconf 89' lang='lat' dir='ltr'>lim:</span> <span class='ocrx_word' id='word_1_206' title='bbox 523 4382 592 4437; x_wconf 91' lang='lat' dir='ltr'>et</span> <span class='ocrx_word' id='word_1_207' title='bbox 622 4373 980 4437; x_wconf 89' lang='lat' dir='ltr'>novissimo</span> <span class='ocrx_word' id='word_1_208' title='bbox 1010 4381 1370 4456; x_wconf 85' lang='lat' dir='ltr'>aggravata</span> <span class='ocrx_word' id='word_1_209' title='bbox 1407 4382 1508 4437; x_wconf 90' lang='lat' dir='ltr'>est</span> 
     </span>
    </p>
   </div>
   <div class='ocr_carea' id='block_1_5' title="bbox 483 4520 1252 4637">
    <p class='ocr_par' dir='ltr' id='par_1_5' title="bbox 483 4520 1238 4637">
     <span class='ocr_line' id='line_1_46' title="bbox 487 4520 810 4571; baseline 0.01 -3"><span class='ocrx_word' id='word_1_210' title='bbox 487 4522 504 4553; x_wconf 83' lang='lat'>¹</span> <span class='ocrx_word' id='word_1_211' title='bbox 538 4520 724 4570; x_wconf 81' lang='lat' dir='ltr'>Esaie:</span> <span class='ocrx_word' id='word_1_212' title='bbox 751 4521 810 4571; x_wconf 84' lang='lat' dir='ltr'>G.</span> 
     </span>
     <span class='ocr_line' id='line_1_47' title="bbox 483 4584 1252 4637; baseline 0 0"><span class='ocrx_word' id='word_1_213' title='bbox 483 4588 506 4619; x_wconf 80' lang='lat'>²</span> <span class='ocrx_word' id='word_1_214' title='bbox 542 4586 829 4637; x_wconf 87' lang='lat' dir='ltr'>‘dominus’</span> <span class='ocrx_word' id='word_1_215' title='bbox 854 4602 954 4637; x_wconf 89' lang='lat' dir='ltr'>om.</span> <span class='ocrx_word' id='word_1_216' title='bbox 978 4586 1090 4637; x_wconf 84' lang='lat' dir='ltr'>:.E</span> <span class='ocrx_word' id='word_1_217' title='bbox 1095 4585 1161 4637; x_wconf 88' lang='lat' dir='ltr'>G.</span> <span class='ocrx_word' id='word_1_218' title='bbox 1167 4584 1252 4637; x_wconf 87' lang='lat' dir='ltr'>W.</span> 
     </span>
    </p>
   </div>
   <div class='ocr_carea' id='block_1_6' title="bbox 2128 466 2227 522">
    <p class='ocr_par' dir='ltr' id='par_1_6' title="bbox 2128 466 2227 522">
     <span class='ocr_line' id='line_1_48' title="bbox 2128 466 2227 522; baseline 0.03 -3"><span class='ocrx_word' id='word_1_219' title='bbox 2128 466 2227 522; x_wconf 85' lang='lat'>78</span> 
     </span>
    </p>
   </div>
   <div class='ocr_carea' id='block_1_7' title="bbox 1595 569 2796 832">
    <p class='ocr_par' dir='ltr' id='par_1_7' title="bbox 1595 569 2796 832">
     <span class='ocr_line' id='line_1_49' title="bbox 1595 569 2793 656; baseline 0.003 -22"><span class='ocrx_word' id='word_1_220' title='bbox 1595 569 1706 634; x_wconf 87' lang='lat' dir='ltr'>via</span> <span class='ocrx_word' id='word_1_221' title='bbox 1738 569 1937 634; x_wconf 90' lang='lat' dir='ltr'>maris</span> <span class='ocrx_word' id='word_1_222' title='bbox 1955 579 2138 636; x_wconf 88' lang='lat' dir='ltr'>trans</span> <span class='ocrx_word' id='word_1_223' title='bbox 2163 571 2511 653; x_wconf 88' lang='lat' dir='ltr'>jordanem</span> <span class='ocrx_word' id='word_1_224' title='bbox 2554 572 2793 656; x_wconf 85' lang='lat' dir='ltr'>galilee</span> 
     </span>
     <span class='ocr_line' id='line_1_50' title="bbox 1598 660 2796 743; baseline 0.003 -21"><span class='ocrx_word' id='word_1_225' title='bbox 1598 660 1915 741; x_wconf 87' lang='lat' dir='ltr'>gentium.</span> <span class='ocrx_word' id='word_1_226' title='bbox 1965 660 2253 743; x_wconf 91' lang='lat' dir='ltr'>Populus</span> <span class='ocrx_word' id='word_1_227' title='bbox 2272 662 2386 743; x_wconf 89' lang='lat' dir='ltr'>qui</span> <span class='ocrx_word' id='word_1_228' title='bbox 2406 661 2796 726; x_wconf 87' lang='lat' dir='ltr'>ambulabat</span> 
     </span>
     <span class='ocr_line' id='line_1_51' title="bbox 1601 749 2792 832; baseline 0.003 -22"><span class='ocrx_word' id='word_1_229' title='bbox 1601 749 1669 811; x_wconf 93' lang='lat' dir='ltr'>in</span> <span class='ocrx_word' id='word_1_230' title='bbox 1702 749 1989 812; x_wconf 91' lang='lat' dir='ltr'>tenebris</span> <span class='ocrx_word' id='word_1_231' title='bbox 2018 749 2183 812; x_wconf 91' lang='lat' dir='ltr'>vidit</span> <span class='ocrx_word' id='word_1_232' title='bbox 2214 750 2426 812; x_wconf 91' lang='lat' dir='ltr'>lucem</span> <span class='ocrx_word' id='word_1_233' title='bbox 2461 770 2792 832; x_wconf 88' lang='lat' dir='ltr'>magnam.</span> 
     </span>
    </p>
   </div>
   <div class='ocr_carea' id='block_1_8' title="bbox 1561 835 2919 919">
    <p class='ocr_par' dir='ltr' id='par_1_8' title="bbox 1561 835 2919 919">
     <span class='ocr_line' id='line_1_52' title="bbox 1561 835 2919 919; baseline 0.004 -21"><span class='ocrx_word' id='word_1_234' title='bbox 1561 861 1570 871; x_wconf 92' lang='lat'>·</span> <span class='ocrx_word' id='word_1_235' title='bbox 1606 835 2086 900; x_wconf 90' lang='lat' dir='ltr'>Habitantibus</span> <span class='ocrx_word' id='word_1_236' title='bbox 2138 837 2206 900; x_wconf 91' lang='lat' dir='ltr'>in</span> <span class='ocrx_word' id='word_1_237' title='bbox 2256 837 2522 919; x_wconf 87' lang='lat' dir='ltr'>regione</span> <span class='ocrx_word' id='word_1_238' title='bbox 2558 838 2795 903; x_wconf 89' lang='lat' dir='ltr'>umbre</span> <span class='ocrx_word' id='word_1_239' title='bbox 2912 859 2919 864; x_wconf 90' lang='lat'>·</span> 
     </span>
    </p>
   </div>
   <div class='ocr_carea' id='block_1_9' title="bbox 1599 924 2798 3923">
    <p class='ocr_par' dir='ltr' id='par_1_9' title="bbox 1599 924 2798 3923">
     <span class='ocr_line' id='line_1_53' title="bbox 1602 924 2795 991; baseline 0.003 -4"><span class='ocrx_word' id='word_1_240' title='bbox 1602 925 1877 989; x_wconf 88' lang='lat' dir='ltr'>mortis:</span> <span class='ocrx_word' id='word_1_241' title='bbox 1924 924 2042 988; x_wconf 90' lang='lat' dir='ltr'>lux</span> <span class='ocrx_word' id='word_1_242' title='bbox 2087 933 2232 989; x_wconf 89' lang='lat' dir='ltr'>orta</span> <span class='ocrx_word' id='word_1_243' title='bbox 2283 935 2384 989; x_wconf 91' lang='lat' dir='ltr'>est</span> <span class='ocrx_word' id='word_1_244' title='bbox 2435 927 2548 990; x_wconf 82' lang='lat' dir='ltr'>eis,</span> <span class='ocrx_word' id='word_1_245' title='bbox 2640 927 2795 991; x_wconf 87' lang='lat' dir='ltr'>Par-</span> 
     </span>
     <span class='ocr_line' id='line_1_54' title="bbox 1599 1011 2794 1080; baseline 0.003 -4"><span class='ocrx_word' id='word_1_246' title='bbox 1599 1011 1791 1076; x_wconf 90' lang='lat' dir='ltr'>vulus</span> <span class='ocrx_word' id='word_1_247' title='bbox 1835 1014 2013 1077; x_wconf 91' lang='lat' dir='ltr'>enim</span> <span class='ocrx_word' id='word_1_248' title='bbox 2059 1022 2253 1077; x_wconf 90' lang='lat' dir='ltr'>natus</span> <span class='ocrx_word' id='word_1_249' title='bbox 2302 1023 2403 1078; x_wconf 87' lang='lat' dir='ltr'>est</span> <span class='ocrx_word' id='word_1_250' title='bbox 2450 1014 2678 1080; x_wconf 89' lang='lat' dir='ltr'>nobis:</span> <span class='ocrx_word' id='word_1_251' title='bbox 2724 1025 2794 1080; x_wconf 90' lang='lat' dir='ltr'>et</span> 
     </span>
     <span class='ocr_line' id='line_1_55' title="bbox 1601 1100 2796 1168; baseline 0.004 -5"><span class='ocrx_word' id='word_1_252' title='bbox 1601 1100 1773 1164; x_wconf 88' lang='lat' dir='ltr'>filius</span> <span class='ocrx_word' id='word_1_253' title='bbox 1804 1102 2001 1165; x_wconf 88' lang='lat' dir='ltr'>datus</span> <span class='ocrx_word' id='word_1_254' title='bbox 2025 1110 2125 1165; x_wconf 91' lang='lat' dir='ltr'>est</span> <span class='ocrx_word' id='word_1_255' title='bbox 2148 1101 2356 1166; x_wconf 79' lang='lat' dir='ltr'>nobiS.</span> <span class='ocrx_word' id='word_1_256' title='bbox 2453 1102 2603 1168; x_wconf 91' lang='lat' dir='ltr'>Hec</span> <span class='ocrx_word' id='word_1_257' title='bbox 2633 1104 2796 1168; x_wconf 91' lang='lat' dir='ltr'>dicit</span> 
     </span>
     <span class='ocr_line' id='line_1_56' title="bbox 1600 1189 2797 1272; baseline 0.003 -20"><span class='ocrx_word' id='word_1_258' title='bbox 1600 1189 1911 1253; x_wconf 90' lang='lat' dir='ltr'>dominus</span> <span class='ocrx_word' id='word_1_259' title='bbox 1959 1190 2124 1254; x_wconf 90' lang='lat' dir='ltr'>deus</span> <span class='ocrx_word' id='word_1_260' title='bbox 2169 1191 2283 1272; x_wconf 89' lang='lat' dir='ltr'>qui</span> <span class='ocrx_word' id='word_1_261' title='bbox 2332 1190 2651 1255; x_wconf 89' lang='lat' dir='ltr'>hodierna</span> <span class='ocrx_word' id='word_1_262' title='bbox 2685 1193 2797 1257; x_wconf 93' lang='lat' dir='ltr'>die</span> 
     </span>
     <span class='ocr_line' id='line_1_57' title="bbox 1602 1277 2794 1362; baseline 0.003 -20"><span class='ocrx_word' id='word_1_263' title='bbox 1602 1277 1686 1342; x_wconf 92' lang='lat' dir='ltr'>de</span> <span class='ocrx_word' id='word_1_264' title='bbox 1730 1277 1983 1360; x_wconf 85' lang='lat' dir='ltr'>virgine</span> <span class='ocrx_word' id='word_1_265' title='bbox 2042 1280 2222 1342; x_wconf 88' lang='lat' dir='ltr'>nasci</span> <span class='ocrx_word' id='word_1_266' title='bbox 2283 1279 2597 1362; x_wconf 87' lang='lat' dir='ltr'>dignatus</span> <span class='ocrx_word' id='word_1_267' title='bbox 2648 1290 2794 1345; x_wconf 87' lang='lat' dir='ltr'>est:</span> 
     </span>
     <span class='ocr_line' id='line_1_58' title="bbox 1603 1367 2795 1432; baseline 0.001 -1"><span class='ocrx_word' id='word_1_268' title='bbox 1603 1367 2061 1431; x_wconf 90' lang='lat' dir='ltr'>convertimini</span> <span class='ocrx_word' id='word_1_269' title='bbox 2106 1367 2193 1431; x_wconf 89' lang='lat' dir='ltr'>ad</span> <span class='ocrx_word' id='word_1_270' title='bbox 2226 1388 2333 1432; x_wconf 91' lang='lat' dir='ltr'>me</span> <span class='ocrx_word' id='word_1_271' title='bbox 2379 1379 2446 1432; x_wconf 97' lang='lat' dir='ltr'>et</span> <span class='ocrx_word' id='word_1_272' title='bbox 2477 1369 2639 1432; x_wconf 90' lang='lat' dir='ltr'>salvi</span> <span class='ocrx_word' id='word_1_273' title='bbox 2672 1370 2795 1432; x_wconf 87' lang='lat' dir='ltr'>eri-</span> 
     </span>
     <span class='ocr_line' id='line_1_59' title="bbox 1605 1455 2797 1538; baseline 0.002 -20"><span class='ocrx_word' id='word_1_274' title='bbox 1605 1455 1707 1518; x_wconf 78' lang='lat' dir='ltr'>tis,</span> <span class='ocrx_word' id='word_1_275' title='bbox 1752 1455 2267 1538; x_wconf 52' lang='lat' dir='ltr'>Responsorium.</span> <span class='ocrx_word' id='word_1_276' title='bbox 2346 1456 2570 1520; x_wconf 92' lang='lat' dir='ltr'>Hodie</span> <span class='ocrx_word' id='word_1_277' title='bbox 2602 1456 2797 1520; x_wconf 86' lang='lat' dir='ltr'>nobis</span> 
     </span>
     <span class='ocr_line' id='line_1_60' title="bbox 1601 1542 2793 1628; baseline 0.002 -22"><span class='ocrx_word' id='word_1_278' title='bbox 1601 1542 1894 1606; x_wconf 91' lang='lat' dir='ltr'>celorum</span> <span class='ocrx_word' id='word_1_279' title='bbox 1970 1565 2091 1608; x_wconf 87' lang='lat' dir='ltr'>rex</span> <span class='ocrx_word' id='word_1_280' title='bbox 2151 1543 2237 1608; x_wconf 90' lang='lat' dir='ltr'>de</span> <span class='ocrx_word' id='word_1_281' title='bbox 2295 1545 2550 1628; x_wconf 84' lang='lat' dir='ltr'>virgine</span> <span class='ocrx_word' id='word_1_282' title='bbox 2612 1545 2793 1609; x_wconf 87' lang='lat' dir='ltr'>nasci</span> 
     </span>
     <span class='ocr_line' id='line_1_61' title="bbox 1604 1632 2794 1717; baseline 0.003 -23"><span class='ocrx_word' id='word_1_283' title='bbox 1604 1632 1918 1713; x_wconf 89' lang='lat' dir='ltr'>dignatus</span> <span class='ocrx_word' id='word_1_284' title='bbox 1949 1642 2053 1696; x_wconf 91' lang='lat' dir='ltr'>est</span> <span class='ocrx_word' id='word_1_285' title='bbox 2082 1641 2157 1696; x_wconf 91' lang='lat' dir='ltr'>ut</span> <span class='ocrx_word' id='word_1_286' title='bbox 2186 1632 2527 1697; x_wconf 91' lang='lat' dir='ltr'>hominem</span> <span class='ocrx_word' id='word_1_287' title='bbox 2574 1633 2794 1717; x_wconf 88' lang='lat' dir='ltr'>perdi-</span> 
     </span>
     <span class='ocr_line' id='line_1_62' title="bbox 1603 1720 2793 1803; baseline 0.005 -21"><span class='ocrx_word' id='word_1_288' title='bbox 1603 1729 1749 1783; x_wconf 88' lang='lat' dir='ltr'>tum</span> <span class='ocrx_word' id='word_1_289' title='bbox 1780 1720 1867 1783; x_wconf 88' lang='lat' dir='ltr'>ad</span> <span class='ocrx_word' id='word_1_290' title='bbox 1900 1741 2103 1803; x_wconf 87' lang='lat' dir='ltr'>regna</span> <span class='ocrx_word' id='word_1_291' title='bbox 2133 1720 2404 1785; x_wconf 87' lang='lat' dir='ltr'>celestia</span> <span class='ocrx_word' id='word_1_292' title='bbox 2435 1731 2793 1788; x_wconf 88' lang='lat' dir='ltr'>revocaret.</span> 
     </span>
     <span class='ocr_line' id='line_1_63' title="bbox 1606 1807 2793 1892; baseline 0.003 -20"><span class='ocrx_word' id='word_1_293' title='bbox 1606 1807 1874 1872; x_wconf 85' lang='lat' dir='ltr'>Gaudet</span> <span class='ocrx_word' id='word_1_294' title='bbox 1948 1809 2278 1874; x_wconf 89' lang='lat' dir='ltr'>exercitus</span> <span class='ocrx_word' id='word_1_295' title='bbox 2361 1810 2793 1892; x_wconf 87' lang='lat' dir='ltr'>angelorum:</span> 
     </span>
     <span class='ocr_line' id='line_1_64' title="bbox 1601 1895 2793 1981; baseline 0.004 -23"><span class='ocrx_word' id='word_1_296' title='bbox 1601 1897 1761 1978; x_wconf 89' lang='lat' dir='ltr'>quia</span> <span class='ocrx_word' id='word_1_297' title='bbox 1818 1895 1997 1960; x_wconf 88' lang='lat' dir='ltr'>salus</span> <span class='ocrx_word' id='word_1_298' title='bbox 2055 1906 2283 1961; x_wconf 89' lang='lat' dir='ltr'>eterna</span> <span class='ocrx_word' id='word_1_299' title='bbox 2326 1895 2618 1962; x_wconf 86' lang='lat' dir='ltr'>humano</span> <span class='ocrx_word' id='word_1_300' title='bbox 2676 1919 2793 1981; x_wconf 88' lang='lat' dir='ltr'>ge-</span> 
     </span>
     <span class='ocr_line' id='line_1_65' title="bbox 1602 1985 2787 2071; baseline 0.003 -25"><span class='ocrx_word' id='word_1_301' title='bbox 1602 1985 1743 2047; x_wconf 91' lang='lat' dir='ltr'>neri</span> <span class='ocrx_word' id='word_1_302' title='bbox 1820 1986 2142 2066; x_wconf 87' lang='lat' dir='ltr'>apparuit.</span> <span class='ocrx_word' id='word_1_303' title='bbox 2230 2001 2281 2071; x_wconf 68' lang='lat' dir='ltr'>y</span> <span class='ocrx_word' id='word_1_304' title='bbox 2400 1986 2629 2052; x_wconf 90' lang='lat' dir='ltr'>Gloria</span> <span class='ocrx_word' id='word_1_305' title='bbox 2718 1987 2787 2050; x_wconf 90' lang='lat' dir='ltr'>in</span> 
     </span>
     <span class='ocr_line' id='line_1_66' title="bbox 1599 2071 2777 2157; baseline 0.003 -21"><span class='ocrx_word' id='word_1_306' title='bbox 1599 2071 1881 2136; x_wconf 91' lang='lat' dir='ltr'>excelsis</span> <span class='ocrx_word' id='word_1_307' title='bbox 1904 2073 2033 2137; x_wconf 92' lang='lat' dir='ltr'>deo</span> <span class='ocrx_word' id='word_1_308' title='bbox 2064 2082 2131 2137; x_wconf 91' lang='lat' dir='ltr'>et</span> <span class='ocrx_word' id='word_1_309' title='bbox 2167 2073 2235 2136; x_wconf 90' lang='lat' dir='ltr'>in</span> <span class='ocrx_word' id='word_1_310' title='bbox 2259 2083 2435 2137; x_wconf 88' lang='lat' dir='ltr'>terra</span> <span class='ocrx_word' id='word_1_311' title='bbox 2478 2095 2617 2157; x_wconf 89' lang='lat' dir='ltr'>pax</span> <span class='ocrx_word' id='word_1_312' title='bbox 2647 2074 2777 2139; x_wconf 89' lang='lat' dir='ltr'>ho-</span> 
     </span>
     <span class='ocr_line' id='line_1_67' title="bbox 1605 2161 2792 2227; baseline 0.003 -4"><span class='ocrx_word' id='word_1_313' title='bbox 1605 2161 1891 2225; x_wconf 91' lang='lat' dir='ltr'>minibus</span> <span class='ocrx_word' id='word_1_314' title='bbox 1937 2163 2109 2226; x_wconf 92' lang='lat' dir='ltr'>bone</span> <span class='ocrx_word' id='word_1_315' title='bbox 2152 2161 2529 2226; x_wconf 88' lang='lat' dir='ltr'>voluntatis.</span> <span class='ocrx_word' id='word_1_316' title='bbox 2610 2162 2792 2227; x_wconf 87' lang='lat' dir='ltr'>Gau-</span> 
     </span>
     <span class='ocr_line' id='line_1_68' title="bbox 1601 2250 2793 2333; baseline 0 -19"><span class='ocrx_word' id='word_1_317' title='bbox 1601 2251 1733 2314; x_wconf 86' lang='lat' dir='ltr'>det.</span> <span class='ocrx_word' id='word_1_318' title='bbox 2478 2250 2691 2314; x_wconf 81' lang='lat' dir='ltr'>Lectio</span> <span class='ocrx_word' id='word_1_319' title='bbox 2722 2251 2793 2333; x_wconf 86' lang='lat' dir='ltr'>ij.</span> 
     </span>
     <span class='ocr_line' id='line_1_69' title="bbox 1616 2337 2791 2471; baseline 0.002 -71"><span class='ocrx_word' id='word_1_320' title='bbox 1616 2337 2123 2471; x_wconf 79' lang='lat' dir='ltr'>Consolamini</span> <span class='ocrx_word' id='word_1_321' title='bbox 2183 2337 2613 2402; x_wconf 90' lang='lat' dir='ltr'>consolamini</span> <span class='ocrx_word' id='word_1_322' title='bbox 2674 2359 2791 2422; x_wconf 91' lang='lat' dir='ltr'>po-</span> 
     </span>
     <span class='ocr_line' id='line_1_70' title="bbox 1733 2425 2795 2508; baseline 0 -18"><span class='ocrx_word' id='word_1_323' title='bbox 1733 2425 1888 2508; x_wconf 89' lang='lat' dir='ltr'>pule</span> <span class='ocrx_word' id='word_1_324' title='bbox 1956 2446 2141 2490; x_wconf 90' lang='lat' dir='ltr'>meus</span> <span class='ocrx_word' id='word_1_325' title='bbox 2207 2427 2371 2491; x_wconf 91' lang='lat' dir='ltr'>dicit</span> <span class='ocrx_word' id='word_1_326' title='bbox 2434 2427 2795 2492; x_wconf 84' lang='lat' dir='ltr'>dominus²</span> 
     </span>
     <span class='ocr_line' id='line_1_71' title="bbox 1603 2514 2797 2599; baseline 0 -20"><span class='ocrx_word' id='word_1_327' title='bbox 1603 2515 1767 2579; x_wconf 89' lang='lat' dir='ltr'>deus</span> <span class='ocrx_word' id='word_1_328' title='bbox 1801 2523 2035 2581; x_wconf 89' lang='lat' dir='ltr'>vester.</span> <span class='ocrx_word' id='word_1_329' title='bbox 2124 2514 2505 2599; x_wconf 91' lang='lat' dir='ltr'>Loquimini</span> <span class='ocrx_word' id='word_1_330' title='bbox 2550 2516 2636 2581; x_wconf 90' lang='lat' dir='ltr'>ad</span> <span class='ocrx_word' id='word_1_331' title='bbox 2682 2535 2797 2580; x_wconf 91' lang='lat' dir='ltr'>cor</span> 
     </span>
     <span class='ocr_line' id='line_1_72' title="bbox 1603 2603 2794 2670; baseline 0.004 -5"><span class='ocrx_word' id='word_1_332' title='bbox 1603 2603 1995 2667; x_wconf 88' lang='lat' dir='ltr'>hierusalem</span> <span class='ocrx_word' id='word_1_333' title='bbox 2072 2613 2142 2668; x_wconf 91' lang='lat' dir='ltr'>et</span> <span class='ocrx_word' id='word_1_334' title='bbox 2214 2605 2533 2669; x_wconf 90' lang='lat' dir='ltr'>advocate</span> <span class='ocrx_word' id='word_1_335' title='bbox 2599 2626 2794 2670; x_wconf 89' lang='lat' dir='ltr'>eam:</span> 
     </span>
     <span class='ocr_line' id='line_1_73' title="bbox 1605 2692 2797 2775; baseline 0.003 -21"><span class='ocrx_word' id='word_1_336' title='bbox 1605 2693 1919 2775; x_wconf 90' lang='lat' dir='ltr'>quoniam</span> <span class='ocrx_word' id='word_1_337' title='bbox 1982 2692 2313 2775; x_wconf 88' lang='lat' dir='ltr'>completa</span> <span class='ocrx_word' id='word_1_338' title='bbox 2371 2703 2476 2757; x_wconf 89' lang='lat' dir='ltr'>est</span> <span class='ocrx_word' id='word_1_339' title='bbox 2535 2693 2797 2759; x_wconf 91' lang='lat' dir='ltr'>malicia</span> 
     </span>
     <span class='ocr_line' id='line_1_74' title="bbox 1607 2780 2797 2864; baseline 0.003 -21"><span class='ocrx_word' id='word_1_340' title='bbox 1607 2780 1751 2861; x_wconf 88' lang='lat' dir='ltr'>ejus</span> <span class='ocrx_word' id='word_1_341' title='bbox 1786 2781 2060 2844; x_wconf 91' lang='lat' dir='ltr'>dimissa</span> <span class='ocrx_word' id='word_1_342' title='bbox 2102 2791 2206 2845; x_wconf 90' lang='lat' dir='ltr'>est</span> <span class='ocrx_word' id='word_1_343' title='bbox 2248 2782 2561 2864; x_wconf 89' lang='lat' dir='ltr'>iniquitas</span> <span class='ocrx_word' id='word_1_344' title='bbox 2605 2783 2797 2847; x_wconf 82' lang='lat' dir='ltr'>illius,</span> 
     </span>
     <span class='ocr_line' id='line_1_75' title="bbox 1608 2868 2796 2954; baseline 0.002 -21"><span class='ocrx_word' id='word_1_345' title='bbox 1608 2868 1917 2951; x_wconf 90' lang='lat' dir='ltr'>Suscepit</span> <span class='ocrx_word' id='word_1_346' title='bbox 1939 2869 2021 2933; x_wconf 90' lang='lat' dir='ltr'>de</span> <span class='ocrx_word' id='word_1_347' title='bbox 2045 2890 2245 2933; x_wconf 87' lang='lat' dir='ltr'>manu</span> <span class='ocrx_word' id='word_1_348' title='bbox 2260 2870 2286 2909; x_wconf 84' lang='lat'>⁸</span> <span class='ocrx_word' id='word_1_349' title='bbox 2315 2870 2643 2953; x_wconf 91' lang='lat' dir='ltr'>duplicia:</span> <span class='ocrx_word' id='word_1_350' title='bbox 2676 2891 2796 2954; x_wconf 91' lang='lat' dir='ltr'>pro</span> 
     </span>
     <span class='ocr_line' id='line_1_76' title="bbox 1605 2956 2795 3040; baseline 0.003 -21"><span class='ocrx_word' id='word_1_351' title='bbox 1605 2956 1915 3021; x_wconf 87' lang='lat' dir='ltr'>omnibus</span> <span class='ocrx_word' id='word_1_352' title='bbox 1945 2959 2235 3040; x_wconf 89' lang='lat' dir='ltr'>peccatis</span> <span class='ocrx_word' id='word_1_353' title='bbox 2262 2960 2414 3023; x_wconf 82' lang='lat' dir='ltr'>suis.</span> <span class='ocrx_word' id='word_1_354' title='bbox 2472 2958 2633 3023; x_wconf 88' lang='lat' dir='ltr'>Vox</span> <span class='ocrx_word' id='word_1_355' title='bbox 2662 2960 2795 3023; x_wconf 88' lang='lat' dir='ltr'>cla-</span> 
     </span>
     <span class='ocr_line' id='line_1_77' title="bbox 1605 3046 2795 3129; baseline 0.003 -21"><span class='ocrx_word' id='word_1_356' title='bbox 1605 3046 1853 3109; x_wconf 90' lang='lat' dir='ltr'>mantis</span> <span class='ocrx_word' id='word_1_357' title='bbox 1899 3046 1964 3109; x_wconf 95' lang='lat' dir='ltr'>in</span> <span class='ocrx_word' id='word_1_358' title='bbox 2012 3046 2310 3111; x_wconf 86' lang='lat' dir='ltr'>deserto:</span> <span class='ocrx_word' id='word_1_359' title='bbox 2358 3057 2587 3129; x_wconf 88' lang='lat' dir='ltr'>parate</span> <span class='ocrx_word' id='word_1_360' title='bbox 2616 3050 2795 3113; x_wconf 87' lang='lat' dir='ltr'>viam</span> 
     </span>
     <span class='ocr_line' id='line_1_78' title="bbox 1606 3133 2797 3201; baseline 0.004 -5"><span class='ocrx_word' id='word_1_361' title='bbox 1606 3133 1897 3198; x_wconf 90' lang='lat' dir='ltr'>domini:</span> <span class='ocrx_word' id='word_1_362' title='bbox 1965 3142 2175 3199; x_wconf 88' lang='lat' dir='ltr'>rectas</span> <span class='ocrx_word' id='word_1_363' title='bbox 2236 3134 2462 3199; x_wconf 80' lang='lat' dir='ltr'>facite⁴</span> <span class='ocrx_word' id='word_1_364' title='bbox 2526 3139 2797 3201; x_wconf 85' lang='lat' dir='ltr'>semitas</span> 
     </span>
     <span class='ocr_line' id='line_1_79' title="bbox 1604 3221 2798 3309; baseline 0.005 -25"><span class='ocrx_word' id='word_1_365' title='bbox 1604 3221 1712 3285; x_wconf 91' lang='lat' dir='ltr'>dei</span> <span class='ocrx_word' id='word_1_366' title='bbox 1750 3223 1970 3287; x_wconf 88' lang='lat' dir='ltr'>nostri.</span> <span class='ocrx_word' id='word_1_367' title='bbox 2063 3223 2301 3289; x_wconf 90' lang='lat' dir='ltr'>Omnis</span> <span class='ocrx_word' id='word_1_368' title='bbox 2330 3223 2521 3287; x_wconf 92' lang='lat' dir='ltr'>vallis</span> <span class='ocrx_word' id='word_1_369' title='bbox 2566 3226 2798 3309; x_wconf 87' lang='lat' dir='ltr'>imple-</span> 
     </span>
     <span class='ocr_line' id='line_1_80' title="bbox 1603 3310 2797 3378; baseline 0.003 -5"><span class='ocrx_word' id='word_1_370' title='bbox 1603 3310 1815 3375; x_wconf 88' lang='lat' dir='ltr'>bitur:</span> <span class='ocrx_word' id='word_1_371' title='bbox 1876 3320 1945 3374; x_wconf 91' lang='lat' dir='ltr'>et</span> <span class='ocrx_word' id='word_1_372' title='bbox 1988 3312 2205 3376; x_wconf 91' lang='lat' dir='ltr'>omnis</span> <span class='ocrx_word' id='word_1_373' title='bbox 2256 3332 2445 3377; x_wconf 91' lang='lat' dir='ltr'>mons</span> <span class='ocrx_word' id='word_1_374' title='bbox 2494 3323 2563 3377; x_wconf 91' lang='lat' dir='ltr'>et</span> <span class='ocrx_word' id='word_1_375' title='bbox 2611 3315 2797 3378; x_wconf 91' lang='lat' dir='ltr'>collis</span> 
     </span>
     <span class='ocr_line' id='line_1_81' title="bbox 1603 3398 2794 3485; baseline 0.004 -24"><span class='ocrx_word' id='word_1_376' title='bbox 1603 3398 2058 3464; x_wconf 88' lang='lat' dir='ltr'>humiliabitur</span> <span class='ocrx_word' id='word_1_377' title='bbox 2108 3410 2177 3464; x_wconf 92' lang='lat' dir='ltr'>et</span> <span class='ocrx_word' id='word_1_378' title='bbox 2236 3410 2427 3464; x_wconf 90' lang='lat' dir='ltr'>erunt</span> <span class='ocrx_word' id='word_1_379' title='bbox 2476 3423 2681 3485; x_wconf 90' lang='lat' dir='ltr'>prava</span> <span class='ocrx_word' id='word_1_380' title='bbox 2728 3404 2794 3466; x_wconf 90' lang='lat' dir='ltr'>in</span> 
     </span>
     <span class='ocr_line' id='line_1_82' title="bbox 1605 3488 2793 3573; baseline 0.004 -24"><span class='ocrx_word' id='word_1_381' title='bbox 1605 3488 1855 3552; x_wconf 88' lang='lat' dir='ltr'>directa</span> <span class='ocrx_word' id='word_1_382' title='bbox 1894 3498 1963 3551; x_wconf 90' lang='lat' dir='ltr'>et</span> <span class='ocrx_word' id='word_1_383' title='bbox 1998 3508 2231 3570; x_wconf 87' lang='lat' dir='ltr'>aspera</span> <span class='ocrx_word' id='word_1_384' title='bbox 2261 3491 2327 3552; x_wconf 93' lang='lat' dir='ltr'>in</span> <span class='ocrx_word' id='word_1_385' title='bbox 2358 3491 2499 3553; x_wconf 91' lang='lat' dir='ltr'>vias</span> <span class='ocrx_word' id='word_1_386' title='bbox 2545 3490 2793 3573; x_wconf 79' lang='lat' dir='ltr'>planas,</span> 
     </span>
     <span class='ocr_line' id='line_1_83' title="bbox 1608 3575 2796 3659; baseline 0.003 -21"><span class='ocrx_word' id='word_1_387' title='bbox 1608 3575 1699 3638; x_wconf 90' lang='lat' dir='ltr'>Et</span> <span class='ocrx_word' id='word_1_388' title='bbox 1730 3575 2127 3641; x_wconf 87' lang='lat' dir='ltr'>revelabitur</span> <span class='ocrx_word' id='word_1_389' title='bbox 2153 3576 2363 3659; x_wconf 87' lang='lat' dir='ltr'>gloria</span> <span class='ocrx_word' id='word_1_390' title='bbox 2394 3580 2685 3643; x_wconf 90' lang='lat' dir='ltr'>domini:</span> <span class='ocrx_word' id='word_1_391' title='bbox 2727 3588 2796 3642; x_wconf 89' lang='lat' dir='ltr'>et</span> 
     </span>
     <span class='ocr_line' id='line_1_84' title="bbox 1603 3663 2793 3749; baseline 0.003 -22"><span class='ocrx_word' id='word_1_392' title='bbox 1603 3663 1855 3728; x_wconf 87' lang='lat' dir='ltr'>videbit</span> <span class='ocrx_word' id='word_1_393' title='bbox 1885 3666 2102 3728; x_wconf 91' lang='lat' dir='ltr'>omnis</span> <span class='ocrx_word' id='word_1_394' title='bbox 2133 3684 2285 3729; x_wconf 86' lang='lat' dir='ltr'>caro</span> <span class='ocrx_word' id='word_1_395' title='bbox 2328 3668 2573 3749; x_wconf 89' lang='lat' dir='ltr'>pariter</span> <span class='ocrx_word' id='word_1_396' title='bbox 2614 3668 2793 3748; x_wconf 89' lang='lat' dir='ltr'>quod</span> 
     </span>
     <span class='ocr_line' id='line_1_85' title="bbox 1603 3752 2793 3819; baseline 0.003 -5"><span class='ocrx_word' id='word_1_397' title='bbox 1603 3772 1679 3814; x_wconf 92' lang='lat' dir='ltr'>os</span> <span class='ocrx_word' id='word_1_398' title='bbox 1711 3752 1963 3816; x_wconf 91' lang='lat' dir='ltr'>domini</span> <span class='ocrx_word' id='word_1_399' title='bbox 1996 3752 2287 3818; x_wconf 90' lang='lat' dir='ltr'>locutum</span> <span class='ocrx_word' id='word_1_400' title='bbox 2321 3763 2437 3818; x_wconf 84' lang='lat' dir='ltr'>est.</span> <span class='ocrx_word' id='word_1_401' title='bbox 2517 3754 2665 3819; x_wconf 90' lang='lat' dir='ltr'>Hec</span> <span class='ocrx_word' id='word_1_402' title='bbox 2696 3756 2793 3818; x_wconf 88' lang='lat' dir='ltr'>di-</span> 
     </span>
     <span class='ocr_line' id='line_1_86' title="bbox 1599 3841 2797 3923; baseline 0.003 -20"><span class='ocrx_word' id='word_1_403' title='bbox 1599 3842 1709 3904; x_wconf 84' lang='lat' dir='ltr'>cit.</span> <span class='ocrx_word' id='word_1_404' title='bbox 1785 3841 2295 3923; x_wconf 78' lang='lat' dir='ltr'>Responsorium.</span> <span class='ocrx_word' id='word_1_405' title='bbox 2420 3842 2644 3906; x_wconf 89' lang='lat' dir='ltr'>Hodie</span> <span class='ocrx_word' id='word_1_406' title='bbox 2675 3863 2797 3907; x_wconf 91' lang='lat' dir='ltr'>no-</span> 
     </span>
    </p>
   </div>
   <div class='ocr_carea' id='block_1_10' title="bbox 1577 3928 2795 4012">
    <p class='ocr_par' dir='ltr' id='par_1_10' title="bbox 1577 3928 2795 4012">
     <span class='ocr_line' id='line_1_87' title="bbox 1577 3928 2795 4012; baseline 0.004 -21"><span class='ocrx_word' id='word_1_407' title='bbox 1577 3928 1707 4002; x_wconf 66' lang='lat' dir='ltr'>‚bis</span> <span class='ocrx_word' id='word_1_408' title='bbox 1738 3929 1823 3993; x_wconf 91' lang='lat' dir='ltr'>de</span> <span class='ocrx_word' id='word_1_409' title='bbox 1869 3928 2011 3994; x_wconf 91' lang='lat' dir='ltr'>celo</span> <span class='ocrx_word' id='word_1_410' title='bbox 2057 3949 2195 4012; x_wconf 89' lang='lat' dir='ltr'>pax</span> <span class='ocrx_word' id='word_1_411' title='bbox 2241 3950 2395 3994; x_wconf 91' lang='lat' dir='ltr'>vera</span> <span class='ocrx_word' id='word_1_412' title='bbox 2436 3932 2795 3997; x_wconf 88' lang='lat' dir='ltr'>descendit.</span> 
     </span>
    </p>
   </div>
   <div class='ocr_carea' id='block_1_11' title="bbox 1605 4015 2798 4279">
    <p class='ocr_par' dir='ltr' id='par_1_11' title="bbox 1605 4015 2798 4279">
     <span class='ocr_line' id='line_1_88' title="bbox 1605 4015 2797 4100; baseline 0.005 -21"><span class='ocrx_word' id='word_1_413' title='bbox 1605 4015 1831 4081; x_wconf 88' lang='lat' dir='ltr'>Hodie</span> <span class='ocrx_word' id='word_1_414' title='bbox 1861 4038 1980 4100; x_wconf 91' lang='lat' dir='ltr'>per</span> <span class='ocrx_word' id='word_1_415' title='bbox 2008 4027 2223 4081; x_wconf 90' lang='lat' dir='ltr'>totum</span> <span class='ocrx_word' id='word_1_416' title='bbox 2246 4021 2565 4085; x_wconf 91' lang='lat' dir='ltr'>mundum</span> <span class='ocrx_word' id='word_1_417' title='bbox 2588 4020 2797 4085; x_wconf 91' lang='lat' dir='ltr'>melli-</span> 
     </span>
     <span class='ocr_line' id='line_1_89' title="bbox 1607 4104 2795 4196; baseline 0.006 -28"><span class='ocrx_word' id='word_1_418' title='bbox 1607 4104 1721 4168; x_wconf 88' lang='lat' dir='ltr'>flui</span> <span class='ocrx_word' id='word_1_419' title='bbox 1784 4104 1939 4171; x_wconf 87' lang='lat' dir='ltr'>facti</span> <span class='ocrx_word' id='word_1_420' title='bbox 2014 4116 2169 4171; x_wconf 90' lang='lat' dir='ltr'>sunt</span> <span class='ocrx_word' id='word_1_421' title='bbox 2230 4107 2371 4173; x_wconf 89' lang='lat' dir='ltr'>celi.</span> <span class='ocrx_word' id='word_1_422' title='bbox 2462 4127 2510 4196; x_wconf 69' lang='grc' dir='ltr'><strong><em>γ</em></strong></span> <span class='ocrx_word' id='word_1_423' title='bbox 2568 4110 2795 4176; x_wconf 93' lang='lat' dir='ltr'>Hodie</span> 
     </span>
     <span class='ocr_line' id='line_1_90' title="bbox 1608 4193 2798 4279; baseline 0.005 -21"><span class='ocrx_word' id='word_1_424' title='bbox 1608 4193 1832 4258; x_wconf 88' lang='lat' dir='ltr'>illuxit</span> <span class='ocrx_word' id='word_1_425' title='bbox 1890 4193 2031 4259; x_wconf 91' lang='lat' dir='ltr'>dies</span> <span class='ocrx_word' id='word_1_426' title='bbox 2093 4196 2566 4279; x_wconf 89' lang='lat' dir='ltr'>redemptionis</span> <span class='ocrx_word' id='word_1_427' title='bbox 2626 4219 2798 4264; x_wconf 91' lang='lat' dir='ltr'>nove</span> 
     </span>
    </p>
   </div>
   <div class='ocr_carea' id='block_1_12' title="bbox 1607 4282 2799 4459">
    <p class='ocr_par' dir='ltr' id='par_1_12' title="bbox 1607 4282 2799 4459">
     <span class='ocr_line' id='line_1_91' title="bbox 1607 4282 2799 4368; baseline 0.003 -21"><span class='ocrx_word' id='word_1_428' title='bbox 1607 4282 2039 4365; x_wconf 87' lang='lat' dir='ltr'>reparationis</span> <span class='ocrx_word' id='word_1_429' title='bbox 2124 4285 2395 4368; x_wconf 88' lang='lat' dir='ltr'>antique</span> <span class='ocrx_word' id='word_1_430' title='bbox 2470 4286 2799 4351; x_wconf 80' lang='lat' dir='ltr'>felicitatis</span> 
     </span>
     <span class='ocr_line' id='line_1_92' title="bbox 1627 4371 2797 4459; baseline 0.004 -24"><span class='ocrx_word' id='word_1_431' title='bbox 1627 4380 1869 4436; x_wconf 92' lang='lat' dir='ltr'>eterne.</span> <span class='ocrx_word' id='word_1_432' title='bbox 1945 4371 2186 4439; x_wconf 90' lang='lat' dir='ltr'>Hodie.</span> <span class='ocrx_word' id='word_1_433' title='bbox 2460 4376 2727 4440; x_wconf 79' lang='lat' dir='ltr'>Lectio</span> <span class='ocrx_word' id='word_1_434' title='bbox 2698 4376 2797 4459; x_wconf 72' lang='lat' dir='ltr'>tis.</span> 
     </span>
    </p>
   </div>
   <div class='ocr_carea' id='block_1_13' title="bbox 1708 4518 2573 4639">
    <p class='ocr_par' dir='ltr' id='par_1_13' title="bbox 1708 4518 2573 4639">
     <span class='ocr_line' id='line_1_93' title="bbox 1708 4518 2424 4572; baseline 0.006 -5"><span class='ocrx_word' id='word_1_435' title='bbox 1708 4520 1729 4549; x_wconf 83' lang='lat'>⁸</span> <span class='ocrx_word' id='word_1_436' title='bbox 1766 4518 1989 4568; x_wconf 83' lang='lat' dir='ltr'>‘domini</span> <span class='ocrx_word' id='word_1_437' title='bbox 2008 4519 2021 4543; x_wconf 89' lang='lat'>&#39;</span> <span class='ocrx_word' id='word_1_438' title='bbox 2045 4520 2167 4571; x_wconf 74' lang='lat' dir='ltr'>add:</span> <span class='ocrx_word' id='word_1_439' title='bbox 2202 4520 2424 4572; x_wconf 84' lang='lat' dir='ltr'><strong>E.G.W.</strong></span> 
     </span>
     <span class='ocr_line' id='line_1_94' title="bbox 1710 4585 2573 4639; baseline 0.003 -4"><span class='ocrx_word' id='word_1_440' title='bbox 1710 4586 1732 4617; x_wconf 77' lang='lat'><strong>⁴</strong></span> <span class='ocrx_word' id='word_1_441' title='bbox 1770 4590 1787 4615; x_wconf 78' lang='lat'>‘</span> <span class='ocrx_word' id='word_1_442' title='bbox 1796 4585 1847 4635; x_wconf 87' lang='lat' dir='ltr'>in</span> <span class='ocrx_word' id='word_1_443' title='bbox 1870 4586 2161 4637; x_wconf 85' lang='lat' dir='ltr'>solitudine’</span> <span class='ocrx_word' id='word_1_444' title='bbox 2185 4586 2315 4637; x_wconf 80' lang='lat' dir='ltr'>add:</span> <span class='ocrx_word' id='word_1_445' title='bbox 2352 4588 2481 4638; x_wconf 85' lang='lat' dir='ltr'><strong>E.G.</strong></span> <span class='ocrx_word' id='word_1_446' title='bbox 2492 4588 2573 4639; x_wconf 88' lang='lat' dir='ltr'>W.</span> 
     </span>
    </p>
   </div>
  </div>
 </body>
</html>
