3375 5100
1251 320 1375 375 AD
1421 320 1948 377 MATUTJNAS.

873 428 1031 485 863

334 537 633 602 seculum
666 534 1115 599 misericordia
1159 536 1323 618 ejus,
1413 534 1539 599 Di-

334 635 493 690 cant
512 626 625 709 qui
652 624 974 708 redempti
1000 634 1154 687 sunt
1174 646 1214 687 a
1231 624 1539 688 domino:

338 735 509 796 quos
536 714 551 751 ¹
587 714 869 777 redemit
898 714 983 777 de
1016 733 1214 776 manu
1249 713 1535 777 inimici:

341 804 427 865 de
439 803 818 884 regionibus
850 803 1279 884 congregavit
1310 822 1440 865 eos,
1460 801 1523 864 A

340 891 498 954 solis
528 900 675 954 ortu
709 900 777 953 et
795 910 1033 954 occasu
1060 910 1077 955 :
1110 890 1197 953 ab
1220 889 1532 972 aquilone

341 989 410 1043 et
456 980 643 1042 mari.
732 978 1140 1042 Erraverunt
1180 979 1247 1041 in
1294 978 1530 1041 solitu·-

338 1068 498 1131 dine
542 1068 610 1129 iu
657 1068 1017 1148 inaquoso:
1084 1066 1261 1130 viam
1305 1068 1534 1131 civita-

338 1157 425 1219 tis
486 1154 850 1219 habitaculi
912 1175 1047 1219 non
1122 1155 1531 1219 invenerunt.

336 1244 732 1308 Esurientes
792 1253 861 1306 et
914 1244 1253 1307 sitientes:
1308 1243 1533 1308 anima

336 1352 567 1397 eorum
600 1333 665 1395 in
710 1332 869 1414 ipsis
918 1332 1175 1396 defecit.
1267 1332 1369 1396 Et
1400 1333 1530 1396 cla-

338 1432 691 1485 maverunt
718 1422 805 1485 ad
859 1421 1203 1484 dominum
1236 1440 1387 1483 cum
1420 1420 1536 1483 tri-

337 1509 765 1573 bularentur:
813 1518 881 1573 et
911 1509 997 1572 de
1029 1510 1533 1573 necessitatibus

337 1618 569 1661 eorum
600 1599 841 1680 eripuit
886 1617 1019 1661 eos.
1106 1598 1205 1662 Et
1247 1598 1535 1663 deduxit

337 1688 555 1749 cosin
587 1688 765 1750 viam
812 1692 1100 1751 rectar‘n:
1146 1696 1223 1749 ut
1254 1686 1425 1749 irent
1466 1688 1533 1749 in

334 1776 673 1839 civitatem
705 1774 1151 1838 habitationis,
1249 1774 1536 1839 Confite-

335 1873 533 1927 antur
562 1864 836 1926 domino
867 1863 1309 1927 misericordie
1340 1864 1483 1944 ejus
1520 1884 1535 1928 :

334 1960 405 2015 et
437 1952 763 2015 mirabilia
814 1951 956 2033 ejus
989 1950 1137 2015 filiis
1167 1949 1531 2017 hominum.

340 2040 513 2119 Quia
543 2040 809 2103 satiavit
854 2040 1146 2103 animam
1227 2041 1533 2105 inanem:

334 2138 407 2193 et
452 2129 743 2192 animam
806 2130 1203 2193 esurientem
1264 2129 1533 2194 satiavit

333 2217 545 2282 bonis,
642 2216 973 2281 Sedentes
1018 2218 1089 2281 in
1131 2217 1423 2281 tenebris
1466 2227 1535 2282 et

334 2308 573 2369 umbra
621 2306 892 2369 mortis:
938 2306 1197 2370 vinctos
1228 2306 1297 2369 in
1348 2326 1533 2369 men-

332 2394 610 2458 dicitate
662 2404 729 2458 et
779 2394 965 2458 ferro,
1063 2393 1233 2473 Quia
1261 2415 1535 2458 exacer-

333 2482 578 2547 barunt
608 2482 873 2567 eloquia
903 2483 1009 2546 dei
1035 2504 1051 2547 :
1082 2491 1150 2546 et
1178 2484 1527 2546 consilium

331 2572 637 2636 altissimi
671 2573 1103 2636 irritaverunt.
1150 2573 1249 2635 Et
1269 2572 1532 2636 humili-

330 2670 519 2724 atum
552 2663 733 2724 estin
767 2661 1099 2724 laboribus
1122 2681 1237 2725 cor
1259 2680 1485 2724 eorum
1514 2682 1531 2726 :

332 2759 402 2812 et
432 2749 743 2813 infirmati
776 2760 930 2813 sunt
960 2769 1081 2812 nec
1114 2747 1238 2813 suit
1268 2750 1381 2832 qui
1414 2750 1530 2813 ad-

324 2838 605 2920 juvaret.
725 2837 826 2902 Et
914 2837 1367 2901 clamaverunt
1440 2837 1528 2902 ad

330 2927 678 2990 dominum
711 2947 861 2990 cum
912 2926 1417 2990 tribularentur:
1464 2937 1532 2991 et

330 3015 417 3078 de
464 3015 969 3079 necessitatibus
1020 3035 1249 3078 eorum
1292 3015 1528 3078 libera-

326 3105 427 3167 vit
457 3125 589 3168 eos.
678 3104 775 3167 Et
804 3103 1044 3167 eduxit
1082 3123 1197 3167 eos
1228 3104 1313 3167 de
1344 3113 1528 3167 tene-

326 3193 467 3255 bris
511 3201 581 3256 et
626 3192 861 3255 umbra
892 3192 1161 3256 mortis:
1210 3203 1277 3256 et
1301 3193 1527 3256 vincu-

326 3281 393 3344 la
438 3301 668 3344 eorum
714 3281 976 3363 dirupit.
1076 3279 1529 3345 Confiteantur

324 3369 603 3433 domino
677 3369 1121 3432 misericordie
1188 3368 1369 3449 ejus:
1460 3379 1529 3434 et

324 3457 659 3522 mirabilia
718 3458 863 3540 ejus
925 3457 1076 3521 filiis
1153 3455 1522 3522 hominum.

332 3545 505 3626 Quia
564 3547 872 3610 contrivit
931 3556 1161 3629 portas
1192 3567 1414 3610 ereas:
1460 3556 1529 3609 et

324 3644 553 3698 vectes
583 3634 829 3700 ferreos
860 3635 1206 3715 confregit.
1287 3634 1531 3699 Susce-

322 3724 426 3806 pit
454 3743 569 3786 eos
600 3723 685 3788 de
716 3724 823 3787 via
856 3724 1221 3806 iniquitatis
1254 3743 1522 3788 eorum:

322 3821 595 3894 propter
670 3811 1028 3892 injustitias
1096 3813 1277 3874 enim
1367 3831 1522 3876 suas

320 3900 654 3965 humiliati
704 3910 878 3964 sunt.
974 3901 1257 3965 Omnem
1297 3920 1521 3964 escam

319 3988 707 4054 abominata
739 3999 841 4053 est
884 3989 1109 4053 anima
1139 4008 1407 4052 eorum:
1454 3998 1523 4052 et

318 4079 1018 4161 appropinquaverunt
1040 4078 1344 4159 usquead
1372 4097 1523 4158 por·-

316 4175 424 4230 tas
456 4167 703 4232 mortis,
792 4167 891 4230 Et
934 4165 1385 4231 clamaverunt
1430 4165 1516 4228 ad

318 4255 665 4318 dominum
714 4274 866 4318 curn
898 4254 1401 4318 tribularentur:
1448 4263 1517 4317 et

319 4345 407 4408 de
440 4343 943 4408 necessitatibus
963 4363 1190 4408 eorum
1215 4342 1517 4407 liberavit

2145 430 2300 486 864

1634 554 1768 601 eos,
1868 535 2068 600 Misit
2137 538 2416 601 verbum
2490 556 2686 603 suum
2761 548 2833 605 et

1634 624 1896 688 sanavit
1949 645 2102 689 eos:
2179 635 2248 690 et
2295 626 2537 709 eripuit
2583 648 2700 691 eos
2745 628 2832 692 de

1634 712 2120 777 interitionibus
2169 734 2414 779 eorum.
2541 715 2831 781 Confite-

1630 810 1830 864 antur
1857 802 2131 865 domino
2162 803 2604 868 misericordie
2649 804 2833 887 ejus:

1631 899 1702 952 et
1755 889 2084 954 mirabilia
2113 890 2258 972 ejus
2284 891 2432 954 filiis
2463 892 2830 959 hominum.

1628 976 1726 1041 Et
1773 978 2140 1043 sacrificent
2183 978 2571 1044 sacrificium
2615 981 2830 1047 laudis

1632 1075 1700 1129 et
1733 1068 2138 1131 annuncient
2151 1087 2356 1151 opera
2385 1069 2442 1151 ej
2452 1089 2527 1131 us
2552 1069 2618 1132 in
2639 1070 2831 1134 exul·-

1632 1154 1904 1219 tatione.
1985 1155 2113 1234 Qui
2133 1156 2545 1221 descendunt
2560 1178 2740 1222 mare
2759 1160 2828 1222 in

1632 1243 1950 1307 navibus:
1995 1244 2314 1309 facientes
2373 1248 2828 1329 operationem

1632 1332 1699 1394 in
1745 1332 1936 1415 aquis
1982 1332 2224 1397 multis,
2333 1334 2476 1417 Ipsi
2523 1335 2830 1399 viderunt

1631 1439 1835 1501 opera
1865 1420 2160 1487 domini:
2207 1430 2274 1485 et
2323 1423 2652 1487 mirabilia
2683 1424 2827 1505 ejus

1632 1508 1700 1570 in
1762 1508 2106 1590 profundo.
2226 1511 2430 1575 Dixit
2501 1522 2575 1576 et
2641 1514 2828 1577 stetit

1630 1596 1900 1678 spiritus
1922 1597 2238 1680 procelle:
2262 1608 2332 1663 et
2363 1600 2642 1664 exaltati
2673 1611 2830 1666 sunt

1632 1683 1872 1749 fluctus
1902 1686 2059 1766 ejus.
2193 1688 2595 1754 Ascendunt
2619 1710 2830 1773 usque

1632 1774 1720 1837 ad
1751 1772 1927 1837 celos
1957 1784 2025 1838 et
2056 1775 2475 1841 descendunt
2498 1798 2708 1861 usque
2739 1779 2825 1843 ad

1630 1864 1950 1943 abyssos:
1993 1863 2215 1926 anima
2261 1883 2489 1928 eorum
2537 1867 2603 1929 in
2635 1866 2830 1930 malis

1630 1950 2032 2017 tabescebat.
2102 1951 2376 2015 Turbati
2399 1962 2556 2017 sunt
2587 1964 2654 2018 et
2685 1974 2828 2019 mo-

1628 2038 1681 2103 ti
1742 2048 1898 2102 sunt
1927 2040 2096 2103 sicut
2157 2040 2417 2107 ebrius:
2481 2051 2551 2105 et
2611 2044 2828 2107 omnis

1626 2128 1956 2209 sapientia
2013 2148 2241 2192 eorum
2317 2130 2636 2195 devorata
2709 2142 2828 2197 est.

1627 2214 1729 2278 Et
1789 2215 2243 2279 clamaverunt
2317 2219 2403 2282 ad
2479 2219 2826 2285 dominum

1630 2324 1782 2367 cum
1815 2304 2322 2370 tribularentur:
2369 2315 2436 2370 et
2480 2308 2567 2371 de
2599 2329 2829 2373 neces-

1628 2393 1935 2457 sitatibus
2029 2413 2257 2456 eorum
2367 2396 2601 2459 eduxit
2689 2418 2824 2461 eos·

1631 2480 1732 2544 Et
1792 2482 2028 2545 statuit
2058 2482 2415 2565 procellam
2447 2484 2591 2568 ejus
2619 2485 2689 2548 in
2709 2506 2826 2549 au-

1629 2591 1811 2635 ram:
1901 2580 1970 2634 et
2015 2571 2333 2636 siluerunt
2395 2572 2634 2638 fluctus
2663 2575 2823 2656 eJus.

1626 2659 1727 2722 Et
1789 2659 1974 2723 letati
2033 2670 2190 2725 sunt
2249 2661 2408 2743 quia
2465 2661 2824 2730 siluerunt:

1628 2757 1700 2810 et
1765 2747 2050 2812 deduxit
2095 2768 2212 2812 eos
2269 2751 2338 2813 in
2398 2761 2662 2834 portam
2707 2773 2823 2816 vo-

1628 2835 1905 2900 luntatis
1979 2857 2228 2901 eorum.
2371 2839 2824 2906 Confiteantur

1628 2925 1904 2989 domino
1979 2927 2426 2991 misericordie
2500 2929 2686 3011 ejus:
2753 2939 2824 2995 et

1628 3013 1957 3077 mirabilia
2032 3013 2176 3096 ejus
2251 3015 2400 3080 filiis
2458 3016 2824 3084 hominum.

1626 3101 1725 3165 Et
1753 3102 2058 3166 exaltent
2088 3123 2244 3167 eum
2276 3104 2342 3167 in
2375 3105 2652 3170 ecclesia
2683 3107 2825 3190 ple-

1624 3191 1772 3255 bis:
1863 3199 1932 3254 et
1991 3191 2059 3254 in
2119 3191 2433 3255 cathedra
2492 3196 2823 3262 seniorum

1626 3277 1901 3342 laudent
1963 3298 2134 3342 eum.
2251 3280 2496 3345 Posuit
2549 3281 2824 3348 flumina

1626 3368 1692 3430 in
1725 3367 2101 3431 desertum:
2149 3377 2218 3432 et
2246 3371 2470 3433 exitus
2501 3391 2822 3453 aquarum

1624 3456 1693 3519 in
1723 3457 1920 3519 sitim.
2022 3455 2290 3519 Terram
2322 3457 2722 3522 fructiferam
2755 3461 2822 3524 in

1623 3544 2026 3626 salsuginem
2052 3565 2068 3609 ε
2100 3565 2143 3606 a
2165 3545 2428 3608 malicia
2447 3545 2824 3612 inhabitan-

1620 3633 1790 3697 tium
1835 3634 1900 3695 in
1933 3651 2029 3696 ea.
2119 3633 2362 3697 Posuit
2385 3636 2722 3700 desertum
2755 3638 2824 3700 in

1622 3729 1862 3803 stagna
1883 3740 2246 3803 aquarum:
2293 3733 2361 3786 et
2392 3732 2635 3788 terram
2681 3726 2824 3789 sine

1624 3829 1800 3892 aqua
1852 3809 1920 3873 in
1982 3809 2206 3873 exitus
2265 3830 2610 3893 aquarum.
2723 3813 2826 3878 Et

1622 3897 1976 3962 collocavit
1994 3895 2124 3960 illic
2148 3901 2509 3966 esurientes
2533 3923 2548 3964 :
2579 3910 2646 3964 et
2665 3922 2823 3966 con·

1623 3988 1982 4051 stituerunt
2012 3987 2347 4051 civitatem
2372 3988 2820 4058 habitationis,

1617 4075 1718 4140 Et
1777 4075 2268 4140 seminaverunt
2295 4097 2492 4160 agros
2537 4087 2606 4142 et
2633 4079 2821 4162 plan-

1622 4172 1934 4228 taverunt
2027 4163 2292 4230 vineas:
2382 4175 2452 4230 et
2527 4167 2822 4234 fecerunt

1622 4251 1906 4316 fructum
1984 4253 2364 4318 nativitatis,
2481 4255 2579 4319 Et
2623 4256 2824 4320 bene-

1619 4341 1797 4406 dixit
1854 4340 1950 4404 eis
2038 4349 2108 4406 et
2189 4341 2609 4427 multiplicati
2670 4354 2823 4411 sunt

1314 4505 1327 4536 ¹
1372 4501 1681 4570 ‘quos'om.
1715 4521 1728 4552 ε
1765 4501 1816 4552 S.
