3375 5100
1411 312 1671 368 INFRA
1732 311 1835 368 OC
1838 313 1895 368 T
1886 313 1942 368 A
1960 313 2114 370 VAS

1049 421 1199 476 667

505 537 612 612 pii.
659 525 1055 610 Quicunque
1085 527 1246 590 vult.
1313 525 1441 590 Ad
1461 529 1725 592 tertiam

519 627 583 680 et
610 615 708 679 ad
743 615 916 678 alias
957 615 1152 678 horas
1180 624 1258 678 ut
1281 625 1484 697 supra
1521 616 1731 684 indie

520 725 666 768 cum
717 703 1021 768 oratione.
1114 703 1299 766 Deus
1346 705 1460 786 qui
1515 706 1723 770 nobis

525 793 651 857 Ad
687 803 979 874 vesperas
1019 791 1130 854 hec
1175 792 1312 855 sola
1357 794 1725 876 antiphona.

529 883 826 945 Domum
871 890 1074 944 tuam.
1143 901 1286 942 cum
1324 882 1606 963 psalmis
1649 883 1729 946 de

515 970 762 1052 primis
791 969 1082 1051 vesperis.
1135 968 1523 1051 Capitulum.
1577 971 1729 1053 Ego

522 1057 868 1140 johanneS.
967 1056 1290 1138 Hymnus.
1381 1058 1727 1141 Angulare

530 1146 1056 1210 fundamentum.
1150 1160 1196 1231 γ
1243 1146 1433 1210 Beati
1465 1147 1580 1229 qui
1609 1147 1726 1210 ha-

529 1236 764 1298 bitant.
839 1231 1223 1315 Antiphonti
1249 1235 1594 1298 secundum
1623 1257 1727 1299 or-

526 1323 744 1386 dinem
766 1333 958 1405 super
961 1319 1296 1404 psalmum
1318 1323 1727 1406 Magnificat.

537 1410 786 1476 Oratio.
834 1411 1018 1474 Deus
1048 1411 1162 1492 qui
1195 1411 1402 1475 nobiS.

533 1505 599 1577 (I
641 1498 857 1563 Tertio
886 1498 1006 1562 dte.
1435 1499 1654 1564 Lectio
1663 1500 1731 1584 j.

551 1591 831 1724 Unus
869 1586 1262 1652 christianus
1306 1607 1512 1652 unum
1560 1598 1729 1653 tem-

707 1676 890 1758 plum
923 1674 1031 1738 dei
1077 1684 1179 1739 est
1208 1685 1275 1738 et
1307 1677 1498 1741 multi
1529 1677 1731 1742 chris·

531 1765 696 1829 tiani
775 1763 986 1828 multa
1045 1773 1201 1827 sunt
1273 1763 1527 1848 templa
1601 1765 1727 1830 dei.

533 1853 869 1937 Quoniam
917 1852 1096 1916 enim
1158 1851 1370 1918 multa
1429 1855 1731 1920 membra

530 1943 780 2006 faciunt
813 1961 1020 2006 unum
1051 1961 1334 2024 corpus:
1380 1943 1474 2008 sic
1519 1941 1732 2008 multa

532 2030 782 2113 templa
831 2030 1082 2095 faciunt
1128 2051 1333 2094 unum
1382 2031 1729 2114 templum.

534 2119 668 2184 Sed
704 2120 830 2182 ista
859 2119 1114 2200 templa
1145 2118 1426 2184 Christi:
1471 2120 1597 2184 hoc
1629 2129 1731 2184 est

531 2207 888 2272 christiane
933 2208 1153 2271 anime
1199 2229 1316 2291 per
1351 2208 1730 2272 universum

536 2298 856 2360 mundum
916 2305 1074 2360 sunt
1133 2296 1446 2380 disperse.
1555 2296 1728 2362 Cum

533 2385 713 2448 enim
745 2383 886 2448 dies
911 2384 1140 2466 judicii
1171 2386 1425 2449 venerit
1455 2405 1733 2468 congre-

533 2475 868 2557 gabuntur
891 2474 1116 2536 omnia
1147 2483 1214 2536 et
1245 2475 1311 2537 in
1337 2475 1472 2538 vita
1503 2485 1732 2538 eterna

532 2562 778 2626 facient
809 2581 1014 2625 unum
1046 2563 1390 2646 templum.
1457 2562 1624 2627 Lect.
1660 2562 1729 2646 ij.

543 2651 1026 2787 Gaudeamus
1087 2671 1246 2733 ergo
1285 2652 1518 2715 fratres
1578 2651 1732 2716 cha-

667 2739 947 2802 rissimi:
1015 2740 1172 2821 quia
1231 2740 1560 2822 templum
1621 2740 1729 2803 dei

534 2847 680 2890 esse
744 2828 1136 2891 meruimus:
1199 2830 1315 2894 sed
1377 2829 1732 2893 timeamus

535 2936 620 2978 ne
666 2914 992 2997 templum
1028 2915 1135 2979 dei
1185 2916 1377 2981 malis
1423 2916 1732 2999 operibus

535 3003 876 3067 violemus,
945 3002 1330 3069 Timeamus
1361 3006 1540 3088 quod
1572 3006 1735 3069 dicit

539 3091 921 3174 apostolus:
969 3092 1042 3157 Si
1091 3093 1238 3175 quis
1269 3093 1593 3177 templum
1626 3094 1731 3157 dei

537 3180 922 3245 violaverit:
970 3180 1308 3264 disperdet
1367 3184 1554 3247 illum
1614 3184 1733 3246 do-

539 3270 774 3333 minuS.
1392 3272 1607 3336 Lectio
1639 3271 1735 3354 iij.

674 3366 949 3421 uantum
983 3358 1160 3422 enim
1192 3360 1522 3442 possimus
1543 3361 1560 3399 ¹
1583 3380 1735 3424 cum

673 3446 779 3511 dei
811 3447 1142 3528 adjutorio
1173 3449 1560 3513 studeamus
1581 3449 1735 3513 cha-

539 3537 803 3599 ritatem
851 3544 1116 3601 tenere:
1165 3536 1500 3601 luxuriam
1545 3558 1736 3620 repu-

537 3625 758 3687 diare:
823 3624 1175 3690 avariciam
1223 3636 1737 3710 contempnere:

539 3712 1057 3777 misericordiam
1118 3735 1431 3797 querere:
1506 3716 1737 3780 odium

539 3802 877 3883 despicere
913 3824 928 3866 :
1001 3803 1389 3868 charitatem
1464 3803 1739 3887 diligere

541 3890 730 3953 utilia
804 3911 1067 3973 queque
1128 3891 1357 3956 facere.
1459 3892 1606 3956 Hec
1681 3894 1736 3955 si

537 3978 907 4042 auxiliante
982 3979 1110 4045 deo
1170 3980 1445 4046 facimus
1506 3981 1739 4045 fratres

540 4068 608 4129 in
662 4067 988 4149 templum
1047 4070 1264 4132 cordis
1326 4080 1394 4134 et
1446 4071 1739 4153 corporis

539 4156 746 4218 nostri
778 4156 976 4219 deum
1003 4155 1251 4240 jugiter
1280 4158 1654 4223 invitamus

541 4249 607 4321 εἷ
659 4244 910 4323 Quarto
937 4245 1058 4309 die.
1456 4248 1671 4311 Lectio
1673 4247 1737 4330 j.

679 4332 936 4397 uotiens
972 4355 1132 4417 ergo
1164 4334 1393 4399 fratres
1438 4336 1739 4400 charissi-

679 4422 768 4484 mi
839 4422 1130 4487 natalem
1191 4423 1424 4507 templi
1501 4427 1740 4508 cupitis

613 4574 624 4603 ¹
653 4587 942 4636 possumus:
961 4573 1042 4623 W.
1149 4575 1170 4605 ²
1192 4573 1360 4638 pacifi:
1387 4574 1447 4623 R.

1556 4578 1575 4605 ³
1597 4574 1670 4625 vis
1694 4594 1705 4625 :
1734 4575 1885 4625 R.W.

2336 421 2495 478 668

1822 525 2190 591 celebrare:
2236 525 2437 589 sobrii
2482 533 2550 588 et
2581 523 2836 607 pacifici
2858 525 2883 562 ²
2912 524 3033 588 de-

1824 615 1997 680 betis
2042 614 2128 678 ad
2176 614 2521 678 ecclesiam
2560 612 2912 677 convenire
2958 625 3033 676 et

1824 714 1981 769 ante
2011 703 2231 787 plures
2254 703 2396 766 dies
2418 703 2799 766 castitatem
2820 702 3031 766 etiam

1824 812 1976 856 cum
2002 791 2282 875 propriis
2311 790 2631 855 uxoribus
2652 789 3033 854 custodire:

1826 889 1895 944 et
1927 880 2291 945 secundum
2314 879 2483 944 vires
2500 887 2751 942 vestras
2774 899 3034 960 paupe-

1826 970 2006 1033 ribus
2054 969 2508 1049 elemosynam
2554 967 2911 1031 exhibere:
2958 977 3032 1032 et

1824 1068 1984 1122 tunc
2030 1057 2408 1140 spiritaliter
2452 1057 2537 1120 ad
2585 1055 2877 1120 natalem
2909 1055 3032 1118 ba-

1826 1147 2051 1210 silice:
2098 1154 2167 1210 et
2196 1146 2281 1210 ad
2328 1154 2709 1208 sanctorum
2740 1143 3033 1208 solenni-

1827 1243 2037 1298 tatem
2098 1235 2497 1299 convenire:
2572 1241 2642 1296 et
2708 1232 3031 1314 quicquid

1820 1322 1999 1404 juste
2058 1323 2395 1387 volueritis
2470 1331 2697 1404 petere
2754 1341 2795 1384 a
2855 1321 3031 1385 deo:

1828 1421 2045 1476 totum
2077 1411 2378 1495 poteritis
2408 1411 2725 1474 obtinere.
2782 1409 2920 1473 Lec.
2956 1409 3031 1491 ij.

2022 1520 2097 1565 ec
2143 1501 2347 1564 etiam
2379 1507 2537 1562 ante
2576 1497 2804 1562 omnia
2830 1517 3033 1580 opor-

2027 1597 2125 1652 tet
2176 1597 2252 1652 ut
2302 1586 2643 1670 quomodo
2690 1586 2775 1650 ad
2820 1585 3030 1650 eccle-

1826 1678 1994 1742 siam
2028 1677 2253 1742 nitidis
2282 1675 2574 1740 vestibus
2606 1674 2844 1739 venitis
2870 1696 2886 1738 :
2933 1675 3033 1738 ita

1828 1769 2031 1830 etiam
2084 1775 2153 1830 et
2192 1766 2443 1830 mundo
2485 1764 2685 1828 corde
2728 1763 3030 1828 veniatis

1830 1854 2015 1920 Nihil
2076 1854 2253 1918 enim
2314 1853 2587 1936 prodest
2644 1861 2721 1916 ut
2780 1852 3032 1916 nitidus

1830 1963 2152 2026 appareas
2198 1943 2264 2006 in
2296 1941 2505 2006 oculis
2533 1940 2879 2006 hominum
2908 1961 2924 2004 :
2972 1941 3031 2004 si

1829 2031 2136 2096 sordidus
2182 2031 2381 2094 fueris
2441 2031 2509 2093 in
2570 2028 2777 2094 oculis
2824 2049 3033 2112 ange-

1830 2120 2061 2185 lorum.
2686 2117 2899 2182 Lectio
2928 2117 3028 2198 iij.

1828 2213 2073 2342 Duo
2118 2208 2297 2272 enim
2345 2215 2503 2271 sunt
2550 2206 2782 2271 fratres
2826 2205 3033 2269 dilec-

1986 2297 2223 2362 tissimi
2254 2297 2366 2379 qui
2406 2298 2473 2359 in
2506 2295 2696 2358 nobis
2726 2295 3031 2358 habitare

1830 2386 2227 2450 desiderant.
2320 2385 2621 2449 Christus
2680 2384 2859 2446 enim
2910 2384 3035 2446 do-

1834 2475 2051 2538 minus
2101 2483 2361 2538 noster:
2429 2483 2497 2537 et
2546 2471 2853 2536 diabolus
2912 2472 3031 2536 ad-

1832 2563 2153 2628 versarius
2214 2574 2453 2627 noster.
2572 2562 2804 2626 Ambo
2870 2582 3034 2643 ergo

1830 2651 2101 2735 pulsant
2130 2651 2217 2716 ad
2263 2652 2506 2715 ostium
2546 2651 2759 2715 cordis
2806 2650 3032 2715 nostri.

1833 2741 1991 2806 Noli
2053 2761 2213 2823 ergo
2276 2740 2613 2806 Christum
2674 2737 3033 2821 repellere:

1832 2831 1886 2893 si
1945 2830 2193 2893 vultis⁸
2244 2828 2690 2893 adversarium
2752 2847 2884 2890 non
2946 2828 3033 2889 ti·

1834 2939 2028 2984 mere.

1833 3013 1899 3085 (I
1950 3006 2191 3085 Quinto
2219 3007 2341 3069 die.
2551 3004 2769 3068 Lectio
2782 3005 3033 3085 prima.

1970 3095 2487 3176 uotienscunque
2509 3094 2901 3158 festivitates
2926 3113 3033 3156 ce-

1970 3184 2281 3247 lebrande
2312 3183 2590 3247 suerint:
2637 3202 2769 3245 non
2812 3180 3035 3245 solum

1834 3282 2019 3337 casto
2051 3292 2322 3356 corpore
2350 3294 2363 3335 ε
2396 3272 2512 3335 sed
2544 3271 2745 3334 etiam
2779 3270 3037 3334 mundo

1834 3363 2033 3426 corde
2064 3362 2148 3426 ad
2183 3361 2527 3426 ecclesiam
2552 3360 2932 3423 veniamus:
2966 3370 3038 3423 et

1835 3460 1992 3515 ante
2052 3450 2278 3514 omnia
2352 3449 2666 3513 adversus
2740 3447 3035 3530 aliquem

1834 3538 2172 3603 hominem
2222 3537 2448 3602 odium
2512 3538 2577 3601 in
2640 3536 2837 3600 corde
2898 3555 3035 3600 non

1836 3646 2187 3692 servemus
2714 3622 2934 3687 Lectio
2964 3625 3036 3707 ij.

1848 3717 2039 3883 Qui
2086 3716 2263 3779 enim
2295 3714 2399 3778 vel
2448 3734 2651 3777 unum
2692 3712 3036 3776 hominem

1973 3803 2129 3868 odio
2159 3804 2361 3867 habet
2385 3804 2614 3867 audiat
2642 3802 3035 3884 scripturam

1837 3894 2214 3957 dicentem:
2293 3890 2425 3975 Qui
2497 3891 2764 3955 fratrem
2839 3910 3037 3953 suum

1836 3982 1981 4046 odit
2011 3981 2344 4045 homicida
2390 3989 2509 4043 est.
2600 3980 2693 4042 Et
2721 3978 2776 4043 si
2822 3978 3039 4041 homi-

1837 4071 1986 4135 cida
2016 4071 2157 4134 est⁴
2184 4070 2297 4152 qui
2331 4069 2597 4133 fratrem
2632 4087 2823 4131 suurn
2855 4068 3000 4131 odit
3026 4088 3041 4131 :

1837 4179 1971 4242 qua
2002 4158 2218 4222 fronte
2248 4158 2336 4222 ad
2361 4158 2569 4221 altare
2600 4156 2708 4220 dei
2740 4176 3042 4219 commu-

1840 4248 2056 4311 nicare
2089 4248 2425 4329 presumit.
2700 4245 2913 4307 Lectio
2945 4244 3045 4329 iij.

1836 4338 2013 4469 Ε
2074 4335 2225 4399 ideo
2287 4336 2397 4418 qui
2462 4334 2767 4415 injuriam
2842 4332 3043 4397 fecit:

1982 4426 2114 4488 cito
2132 4425 2394 4488 veniam
2417 4433 2601 4505 petat
2630 4443 2643 4485 ε
2664 4432 2733 4487 et
2750 4422 2775 4458 ⁵
2794 4422 3045 4487 factam

1994 4578 2011 4606 ⁴
2041 4575 2322 4625 ‘est’om.:
2350 4574 2409 4623 R.
2520 4578 2538 4605 ³
2566 4572 2840 4638 ‘qui’add
2868 4592 2880 4622 ε
2910 4573 2973 4623 R.
