3375 5100
1535 354 1546 365 .
1588 304 1848 359 FERIA
1905 304 2246 375 QUARTA

1123 412 1271 467 797

596 518 773 583 tates
812 518 1180 601 operamini
1226 518 1293 581 in
1326 526 1539 583 terra:
1594 516 1798 600 injus-

596 608 777 671 titias
798 606 817 645 ¹
838 608 863 644 ²
882 628 1119 671 manus
1136 616 1353 671 vestre
1376 608 1798 671 concinnant.

594 696 897 760 Alienati
934 704 1089 759 sunt
1121 706 1501 777 peccatores
1532 717 1573 760 a
1601 697 1802 759 vulva

598 794 981 849 erraverunt
1008 806 1023 848 ε
1070 784 1159 848 ab
1188 794 1379 849 utero
1410 784 1613 849 locuti
1644 793 1802 849 sunt

600 874 783 937 salsa.
858 874 1075 937 Furor
1126 872 1255 935 illis
1302 874 1668 937 secundum
1715 874 1802 937 si-

602 962 1047 1026 militudinem
1076 962 1445 1045 serpentis:
1490 963 1662 1026 sicut
1699 982 1802 1025 as-

600 1051 776 1134 pidis
820 1050 1017 1115 surde
1070 1060 1139 1114 et
1184 1050 1557 1114 obturantis
1608 1070 1802 1115 aures

600 1160 772 1203 suas.
868 1138 1014 1217 Que
1053 1158 1189 1203 non
1220 1140 1539 1203 exaudiet
1566 1158 1800 1203 vocem

602 1228 1087 1291 incantantium
1116 1247 1133 1291 t
1178 1238 1247 1291 et
1269 1226 1546 1291 venefici
1578 1228 1803 1291 incan-

601 1317 807 1379 tantis
844 1316 1194 1398 sapienter.
1267 1316 1459 1381 Deus
1501 1326 1804 1381 conteret

600 1405 837 1468 dentes
884 1425 1113 1468 eorum
1168 1405 1235 1468 in
1288 1425 1403 1469 ore
1456 1406 1802 1487 ipsorum:

603 1493 815 1557 molas
862 1492 1129 1556 leonum
1177 1493 1549 1576 confringet
1584 1494 1802 1557 domi-

600 1602 745 1644 nus,
812 1582 929 1645 Ad
962 1580 1240 1646 nihilum
1269 1582 1625 1646 devenient
1654 1592 1805 1645 tan-

600 1689 803 1752 quam
853 1690 1029 1752 aqua
1074 1670 1467 1736 decurrens:
1516 1670 1804 1735 intendit

600 1778 825 1823 arcum
872 1779 1067 1823 suum
1111 1760 1325 1824 donec
1372 1758 1802 1825 infirmentur.

604 1846 799 1911 Sicut
831 1868 981 1911 cera
1026 1868 1157 1929 que
1204 1848 1348 1912 fluit
1378 1848 1802 1913 auferentur:

599 1937 1036 2019 supercecidit
1086 1936 1260 2019 ignis
1319 1946 1389 2001 et
1436 1957 1569 2001 non
1618 1936 1805 2001 vide-

602 2034 755 2087 runt
792 2026 1017 2089 solem.
1109 2026 1513 2109 Priusquam
1560 2024 1802 2089 intelli-

601 2124 835 2195 gerent
879 2115 1069 2197 spine
1108 2125 1324 2179 vestre
1364 2113 1718 2178 rhamnum
1738 2113 1802 2179 ⁸:

600 2202 772 2265 sicut
800 2204 1099 2267 viventes
1128 2204 1222 2268 sic
1254 2203 1322 2267 in
1353 2204 1449 2267 ira
1488 2202 1802 2267 absorbet

602 2310 736 2354 eos,
812 2291 1165 2355 Letabitur
1188 2292 1407 2373 justus
1437 2311 1589 2356 cum
1619 2292 1804 2355 vide-

604 2380 687 2443 rit
718 2380 1080 2444 vindictam
1110 2402 1125 2446 :
1170 2400 1411 2449 manus
1440 2401 1594 2444 suas
1624 2380 1806 2445 lava-

602 2468 704 2532 bit
753 2468 820 2531 in
868 2470 1189 2552 sanguine
1236 2469 1619 2554 peccatoris,
1706 2470 1807 2533 Et

604 2558 783 2621 dicet
812 2557 1017 2623 homo
1062 2558 1117 2622 si
1148 2562 1380 2642 utique
1422 2569 1523 2622 est
1556 2559 1806 2623 fructus

598 2646 825 2730 justo:
872 2649 1103 2730 utique
1146 2658 1249 2713 est
1294 2649 1455 2712 deus
1496 2647 1806 2731 judicans

604 2755 721 2800 eos
752 2735 819 2798 in
848 2744 1042 2800 terra.
1673 2737 1805 2818 pi‘
1847 2791 1854 2796 .

604 2823 896 2956 Eripe
956 2844 1065 2888 me
1139 2824 1225 2888 de
1299 2824 1580 2889 inimicis
1638 2826 1806 2888 meis

756 2912 921 2976 deus
967 2933 1193 2978 meus:
1242 2923 1310 2977 et
1339 2914 1426 2977 ab
1463 2915 1808 2995 insurgen-

604 3000 787 3064 tibus
838 3001 907 3064 in
958 3021 1065 3064 me
1122 3001 1331 3065 libera
1383 3022 1508 3066 me.
1598 3001 1807 3085 Eripe

606 3109 717 3152 me
746 3089 833 3152 de
868 3090 1296 3172 operantibus
1340 3091 1762 3173 iniquitatem
1791 3111 1807 3156 ε

606 3187 677 3242 et
706 3177 791 3242 de
822 3179 975 3242 viris
1018 3180 1419 3262 sanguinum
1450 3180 1634 3244 salva
1680 3200 1806 3244 me.

614 3267 784 3346 Quia
872 3288 1026 3332 ecce
1112 3278 1430 3352 ceperunt
1511 3269 1804 3332 animam

608 3375 869 3420 meam:
916 3357 1241 3420 irruerunt
1301 3358 1369 3421 in
1423 3377 1533 3421 me
1585 3356 1806 3422 sortes

608 3445 855 3527 Neque
886 3446 1199 3528 iniquitas
1230 3467 1381 3509 mea
1411 3466 1625 3528 neque
1656 3467 1808 3528 pec-

607 3544 832 3597 catum
880 3554 1103 3598 meum
1136 3535 1452 3598 domine:
1498 3536 1641 3598 sine
1687 3534 1810 3598 ini·

607 3623 865 3706 quitate
914 3623 1166 3687 cucurri
1216 3632 1285 3686 et
1336 3623 1569 3687 direxi.
1660 3622 1808 3686 Ex·

608 3731 770 3794 urge
801 3713 868 3775 in
901 3731 1242 3775 occursum
1278 3732 1501 3776 meum
1534 3719 1600 3776 et
1623 3712 1809 3778 vide:

610 3809 679 3864 et
708 3809 783 3864 tu
813 3802 1085 3865 domine
1115 3802 1279 3864 deus
1303 3801 1621 3864 virtutum
1644 3800 1810 3864 deus

610 3887 820 3952 israel.
931 3889 1223 3953 Intende
1296 3889 1381 3952 ad
1443 3890 1812 3953 visitandas

608 3997 843 4040 omnes
902 3987 1181 4060 gentes:
1246 3998 1379 4042 non
1442 3979 1810 4042 miserearis

609 4066 923 4130 omnibus
983 4067 1097 4150 qui
1158 4076 1517 4150 operantur
1570 4067 1809 4151 iniqui·

810 4253 825 4282 ¹
855 4251 1117 4316 justicias=
1152 4253 1233 4302 W.

808 4319 829 4348 ²
868 4319 1065 4368 ‘enim'
1090 4319 1231 4370 add:
1266 4319 1326 4370 E.

809 4385 829 4414 ⁸
863 4400 1089 4434 ramnum
1118 4403 1129 4437 :
1166 4386 1247 4437 W.

809 4451 1163 4568 :aare
1176 4453 1240 4569 z:
1451 4467 1469 4501 ··
1504 4453 1558 4503 ⁸·

2413 412 2572 467 798

1897 526 2127 585 tatem.
2211 516 2714 587 Convertentur
2763 518 2870 583 ad
2923 538 3169 601 vespe-

1897 628 2040 671 ram
2061 618 2130 672 et
2141 608 2390 672 famem
2411 608 2779 691 patientur
2805 618 2896 671 ut
2923 628 3168 671 canes:

1899 706 1967 761 et
2027 697 2398 761 circuibunt
2453 696 2852 761 civitatem.
2975 697 3056 759 E
3057 718 3166 759 cce

1901 784 2258 868 loquentur
2301 786 2370 847 in
2415 804 2528 847 ore
2575 804 2712 847 suo
2759 796 2846 849 et
2879 786 3162 867 gladius

1900 874 1968 937 in
2025 873 2215 938 labiis
2261 893 2531 937 eorum:
2588 874 2952 955 quoniam
3009 876 3156 955 quis

1899 962 2170 1027 audivit.
2257 962 2360 1026 Et
2405 972 2478 1027 tu
2520 962 2816 1025 domine
2873 963 3153 1025 deride·

1899 1051 2048 1115 bis-'²
2095 1051 2294 1115 eosz⁶
2341 1050 2429 1114 ad
2481 1050 2775 1113 nihilum
2837 1051 3152 1115 deduces

1901 1158 2137 1203 omnes
2225 1151 2475 1222 gentes
2607 1139 3148 1203 Fortitudinem

1901 1248 2124 1291 meam
2185 1228 2272 1291 ad
2335 1237 2402 1291 te
2461 1228 2912 1292 custodiam:
2985 1230 3146 1310 quia

1903 1317 2068 1381 deus
2155 1326 2499 1399 susceptor
2574 1336 2768 1379 meus
2809 1338 2830 1381 ε
2861 1314 2890 1354 ⁷
2973 1319 3142 1380 deus

1903 1426 2094 1469 meus
2153 1404 2604 1469 misericordia
2671 1405 2831 1485 ejus
2901 1426 3140 1488 preve-

1903 1494 2043 1557 niet
2103 1514 2228 1558 me.
2335 1494 2524 1557 Deus
2583 1494 2904 1556 ostendit
2973 1494 3136 1556 mihi

1903 1604 2104 1665 super
2156 1582 2454 1647 inimicos
2509 1600 2738 1644 meos:
2807 1602 2908 1645 ne
2961 1584 3136 1645 occi-

1903 1672 2029 1735 das
2057 1691 2172 1736 eos
2203 1691 2288 1735 ne
2319 1670 2590 1754 quando
2631 1669 3134 1734 obliviscantur

1903 1761 2134 1843 populi
2195 1760 2344 1824 mei.
2433 1759 2770 1841 Disperge
2839 1760 3006 1823 illos
3069 1761 3130 1821 in

1902 1850 2146 1913 virtute
2190 1850 2349 1913 tua:
2395 1857 2466 1910 et
2493 1848 2761 1929 depone
2807 1868 2938 1911 eos
2979 1869 3130 1930 pro-

1903 1946 2118 2001 tector
2148 1957 2336 2001 meus
2378 1936 2668 1999 domine.
2761 1934 3126 2001 Delictum

1901 2027 2034 2089 oris
2079 2046 2306 2090 eorum
2351 2044 2729 2089 sermonem
2781 2023 3126 2088 labiorum

1901 2115 2250 2198 ipsorum:
2329 2122 2400 2177 et
2457 2112 3132 2194 comprehendantur

1904 2205 1972 2267 in
2003 2204 2316 2287 superbia
2347 2222 2486 2265 sua.
2575 2200 2673 2265 Et
2704 2201 2794 2265 de
2843 2224 3128 2265 execra-

1903 2293 2086 2357 tione
2146 2302 2216 2357 et
2278 2290 2678 2355 mendacio:
2747 2293 3130 2354 annuncia·

1903 2381 2152 2445 buntur
2210 2382 2276 2443 in
2336 2380 2945 2443 consummatione.
3041 2380 3126 2442 In

1905 2471 2002 2534 ira
2025 2468 2616 2534 consummationis
2640 2476 2710 2530 et
2735 2487 2878 2530 non
2899 2478 3128 2531 erunt:

1905 2569 1974 2624 et
2005 2561 2216 2623 scient
2245 2559 2404 2641 quia
2432 2555 2785 2621 dominus⁸
2807 2558 3126 2620 domina-

1905 2648 2084 2713 bitur
2107 2647 2310 2730 jacob
2339 2657 2408 2710 et
2429 2645 2662 2710 finium
2693 2655 2896 2709 terre.
2949 2647 3124 2712 Con-

1905 2746 2246 2802 vertentur
2275 2737 2362 2801 ad
2388 2753 2734 2818 vesperam
2769 2743 2842 2797 et
2867 2733 3124 2798 samem

1907 2826 2244 2909 patientur
2274 2834 2349 2889 ut
2377 2843 2616 2888 canes:
2649 2831 2718 2886 et
2741 2823 3124 2886 circuibunt

1905 2915 2264 2980 civitatem.
2353 2912 2495 2996 Ipsi
2529 2912 3008 2995 dispergentur
3039 2913 3124 2975 ad

1907 3002 2488 3068 manducandum:
2533 3001 2776 3064 sivero
2807 3020 2950 3062 non
2986 3000 3126 3064 sue-

1909 3093 2042 3156 rint
2099 3091 2374 3155 saturati
2452 3099 2522 3153 et
2583 3089 3124 3152 murmurabunt.

1907 3180 2064 3262 Ego
2095 3191 2320 3244 autern
2345 3177 2633 3242 cantabo
2651 3175 3124 3242 fortitudinem

1909 3278 2136 3334 tuam:
2183 3279 2254 3334 et
2304 3266 2623 3332 exaltabo
2671 3286 2872 3330 mane
2925 3268 3124 3330 mise·

1907 3357 2258 3422 ricordiam
2289 3365 2496 3421 tuam.
2589 3354 2760 3434 Quia
2792 3354 3018 3418 factus
3055 3376 3126 3418 es

1908 3456 2254 3529 susceptor
2331 3464 2519 3508 meus
2553 3465 2570 3508 :
2639 3453 2708 3506 et
2784 3443 3124 3525 refugium

1909 3555 2133 3600 meum
2181 3535 2248 3598 in
2298 3534 2407 3597 die
2457 3531 2903 3596 tribulationis
2955 3552 3122 3596 mee.

1907 3624 2208 3707 Adjutor
2232 3642 2418 3686 meus
2447 3622 2568 3686 tibi
2602 3620 2888 3703 psallam
2915 3642 2932 3684 :
2963 3623 3126 3704 quia

1909 3714 2074 3777 deus
2134 3721 2480 3794 susceptor
2539 3730 2726 3772 meus
2787 3711 2908 3772 es:
2953 3709 3125 3774 deus

1911 3821 2100 3866 meus
2125 3799 2574 3864 misericordia
2596 3795 2791 3862 mea.¹³
2821 3806 2934 3860 αὴ.
2967 3797 3126 3879 Jus-

1911 3900 1981 3954 te
2005 3889 2304 3971 judicate
2334 3887 2450 3952 filii
2479 3886 2846 3950 hominum.
2967 3887 3124 3968 p.?.¹⁰

1911 3982 2184 4114 Deus
2217 3977 2515 4060 repulisti
2547 3996 2670 4039 nos
2707 3984 2776 4038 et
2806 3975 3124 4038 destrux-

2069 4067 2180 4130 isti
2199 4087 2322 4130 nos
2346 4087 2360 4130 :
2393 4065 2598 4128 iratus
2618 4084 2690 4128 es
2709 4072 2778 4126 et
2811 4065 3125 4128 misertus

2143 4251 2438 4349 :tetzadd
2463 4269 2478 4300 ε
2513 4249 2648 4301 E.G.

2147 4389 2168 4417 ι
2201 4334 2294 4450 1)ξὲ
2324 4315 2760 4461 (ᾞῖἒὲἱῃξὲᾳᾈοιιε
2787 4398 2799 4431 :
2839 4381 2980 4434 EG.

2135 4455 2171 4550 ιζ
2195 4451 2421 4584 35159112
2433 4457 2573 4567 23..th
2589 4447 2602 4471 ’
2625 4447 2724 4498 add
2756 4465 2769 4498 :
2805 4447 2950 4502 F..G.
