3375 5100
1015 349 1238 405 SANC
1241 349 1296 406 T
1293 349 1535 405 ORUM
1573 349 2157 406 INNOCENTUM.

887 457 1010 514 113

341 571 567 627 rantes
640 572 1017 628 sanctorum
1123 564 1536 647 patrocinia:

343 662 413 716 et
473 653 559 715 ad
608 654 998 734 martyrium
1059 653 1321 716 illorum
1373 674 1534 716 con-

342 749 678 804 vertamus
728 740 1012 825 eloquia.
1095 743 1212 806 Re.
1263 742 1405 807 Sub
1435 743 1532 805 al-

337 839 483 892 tare
515 829 622 892 dei
671 831 891 893 audivi
937 851 1132 894 voces
1162 833 1530 894 occisorum

339 919 744 982 dicentium:
792 919 1016 1000 Quare
1065 939 1196 982 non
1230 919 1530 983 defendis

335 1007 727 1088 sanguinem
762 1018 1099 1072 nostrum:
1146 1017 1214 1072 et
1257 1028 1526 1091 accepe-

339 1105 494 1158 runt
525 1096 824 1158 divinum
873 1115 1261 1178 responsum
1307 1097 1524 1160 adhuc

338 1185 661 1247 sustinete
682 1184 1015 1247 modicum
1036 1194 1300 1267 tempus
1312 1186 1523 1249 donec

337 1270 696 1353 impleatur
725 1293 1036 1336 numerus
1074 1273 1346 1336 fratrum
1379 1294 1522 1336 ves-

335 1371 614 1424 trorum.
698 1362 836 1424 Iste
890 1381 1114 1424 versus
1156 1362 1404 1425 dicetur
1453 1361 1524 1424 in

334 1449 444 1510 die
472 1459 746 1513 tantum.
837 1467 886 1535 γ
932 1449 1196 1514 Christo
1242 1460 1400 1513 nato
1431 1471 1522 1514 ex

333 1538 591 1618 virgine
641 1539 826 1620 parvi
877 1539 1204 1601 ceduntur
1253 1537 1522 1603 vulnere

333 1625 424 1689 ab
477 1626 724 1690 herode
770 1627 1112 1690 sevissimo
1159 1627 1520 1691 lactentum

332 1713 410 1778 fit
440 1715 794 1798 discerptio
817 1717 1006 1797 :agni
1030 1715 1156 1779 sub
1174 1715 1312 1779 alas
1337 1717 1521 1798 pueri

333 1802 628 1867 clamant
657 1815 906 1886 agnum
929 1804 1385 1886 dignissimum
1417 1805 1520 1868 his

334 1891 606 1955 vocibus
638 1891 961 1956 almifluiS.
1025 1893 1266 1976 Quare.
1317 1894 1522 1956 Alius

333 2001 558 2043 versus
585 1981 656 2043 in
695 1991 916 2043 octava
960 1980 1067 2043 die
1108 1991 1381 2046 tantum.
1470 2000 1519 2069 γ

330 2069 491 2131 Vidi
523 2069 646 2132 sub
676 2070 884 2133 altare
912 2069 1016 2132 dei
1047 2072 1301 2132 animas
1332 2091 1516 2134 sanc-

331 2165 552 2220 torum
585 2167 854 2241 propter
881 2159 1154 2222 verbum
1197 2159 1302 2221 dei
1336 2160 1514 2240 quod

332 2245 708 2310 habebant:
757 2255 824 2310 et
883 2246 1060 2311 clara
1118 2268 1281 2310 voce
1339 2248 1514 2312 dice-

331 2335 512 2398 bant.
606 2334 848 2417 Quare.
1197 2336 1408 2398 Lectio
1445 2337 1511 2418 ᾔ.

467 2422 675 2486 hristo
699 2424 900 2505 igitur
914 2432 1074 2488 nato
1095 2423 1158 2486 in
1181 2423 1514 2488 bethleem

457 2511 622 2593 jude
651 2512 1061 2595 temporibus
1107 2511 1370 2578 herodis
1416 2534 1512 2579 re-

326 2602 470 2682 gis:
517 2602 603 2664 de
647 2601 916 2665 orientis
947 2601 1242 2683 partibus
1271 2604 1514 2665 adven-

325 2698 548 2753 tantes
580 2691 851 2771 quidam
899 2690 1016 2753 viri
1048 2711 1136 2753 ex
1161 2698 1514 2772 ‘magorum

325 2788 530 2859 gente
559 2787 1071 2861 percunctantur
1115 2778 1199 2843 ab
1230 2779 1513 2843 herode:

329 2866 604 2930 ubinam
664 2877 839 2931 esset
898 2888 1060 2930 rex:
1133 2868 1246 2949 qui
1307 2888 1518 2950 nuper

325 2964 528 3017 natus
585 2965 686 3020 est
745 2976 866 3019 rex
934 2956 1284 3038 judeorum
1345 2956 1515 3020 affir-

328 3053 590 3106 mantes
649 3066 722 3108 se
771 3044 1013 3109 vidisse
1059 3044 1317 3109 stellam
1373 3046 1515 3127 ejus

327 3133 396 3194 in
429 3133 720 3197 oriente:
765 3152 895 3215 que
943 3133 1068 3196 sibi
1121 3133 1323 3196 etiam
1370 3134 1513 3197 dux

327 3221 578 3284 itineris
597 3222 944 3285 extitisset.
1012 3221 1324 3285 Causam¹
1354 3242 1512 3285 vero

323 3318 516 3372 tante
557 3310 1036 3392 properationis
1077 3309 1396 3373 adorandi
1433 3330 1511 3373 ac

326 3398 683 3461 venerandi
706 3418 915 3481 nuper
938 3398 1096 3460 editi
1129 3399 1302 3479 regis
1322 3400 1511 3463 esse.²

323 3486 437 3548 Re.
473 3486 870 3550 Effuderunt
900 3487 1290 3568 sanguinem
1322 3507 1506 3550 sanc-

323 3582 541 3637 torum
596 3575 776 3638 velut
825 3595 1068 3657 aquam
1117 3575 1184 3638 in
1233 3576 1506 3639 circuitu

322 3663 732 3728 hierusalem.
845 3663 936 3727 Et
995 3683 1130 3725 non
1193 3672 1334 3727 erat
1393 3664 1507 3745 qui

320 3752 642 3833 sepeliret.
763 3768 814 3839 γ
885 3752 1166 3815 Vindica
1239 3752 1509 3815 domine

320 3842 716 3922 sanguinem
790 3850 1166 3905 sanctorum
1242 3849 1507 3903 tuorum

320 3929 434 4010 qui
466 3928 710 3992 effusus
742 3938 860 3993 est.
954 3929 1062 3993 Et.
1168 3929 1381 3992 Lectio
1411 3928 1507 4010 τῇ.

329 4017 648 4183 Quibus
687 4016 796 4080 ille
841 4018 1083 4081 auditis
1115 4016 1507 4081 incredibili-

455 4115 557 4169 ter
584 4106 988 4169 deterretur:
1024 4106 1266 4171 timens
1289 4126 1364 4169 ac
1396 4126 1506 4168 ve-

327 4214 478 4259 rens
517 4216 601 4257 ne
647 4196 856 4257 statu³
883 4195 983 4257 sui
1031 4194 1511 4277 periclitaretur

316 4282 591 4365 imperii.
642 4284 947 4347 Herodes
977 4304 1138 4366 ergo
1168 4282 1510 4346 advocatis

315 4369 482 4453 legis
541 4372 924 4437 doctoribus
990 4380 1506 4454 percunctatur:

515 4511 528 4541 ¹
563 4525 732 4561 causa:
767 4509 828 4558 E.
838 4508 901 4559 G.

809 4578 828 4607 ⁴
861 4574 1211 4625 commonitus:
1245 4574 1328 4624 W.

1346 4510 1367 4539 ²
1398 4513 1547 4557 esset:
1585 4506 1810 4557 E.G.w.
1871 4554 1879 4561 ,

2165 459 2283 514 114

1633 563 1903 628 ubinam
1921 564 2257 629 Christum
2272 566 2451 628 nasci
2464 577 2823 648 sperarent.

1634 653 1807 715 Mox
1858 674 2015 716 vero
2068 675 2157 716 ex
2222 654 2477 718 michee
2535 655 2819 718 oraculis

1631 740 1815 804 locus
1848 742 2211 806 nativitatis
2244 742 2384 823 ejus
2416 742 2595 825 apud
2627 743 2819 806 beth-

1630 828 1801 892 leem
1834 832 2219 912 designatus
2250 841 2373 896 est.
2466 833 2624 898 Uno
2668 852 2815 914 pre-

1629 928 1825 1001 cepto
1852 919 2047 1000 jussit
2078 940 2197 982 rex
2230 940 2461 983 omnes
2496 920 2815 984 lactentes

1625 1026 1865 1088 pueros
1895 1008 2145 1073 occidi:
2192 1029 2323 1072 non
2373 1009 2587 1072 solum
2634 1009 2813 1090 apud

1625 1094 2163 1164 bethleemzsed
2210 1098 2277 1160 in
2327 1097 2635 1160 omnibus
2668 1099 2811 1161 fini-

1624 1182 1748 1246 bus
1780 1186 1921 1267 ejus
1952 1206 1993 1249 a
2025 1184 2278 1248 bimatu
2312 1195 2379 1250 et
2410 1185 2595 1251 infra.
2673 1185 2811 1250 Sed

1620 1274 1953 1353 preventis
2036 1276 2235 1356 regis·
2300 1275 2575 1338 insidiis·
2649 1294 2814 1357 puer

1620 1361 1815 1442 Jesus
1857 1361 2181 1426 adductus
2213 1372 2315 1427 est
2346 1364 2412 1425 in
2444 1373 2767 1445 egyptum
2794 1385 2809 1428 :

1621 1450 2005 1531 parentibus
2035 1451 2122 1513 de
2151 1451 2309 1514 dolo
2354 1453 2524 1534 regis
2570 1451 2811 1534 angelo

1622 1539 2105 1619 prenunciante
2134 1541 2601 1605 commonitiS.⁴
2691 1540 2807 1605 Re.

1619 1625 2092 1691 Adoraverunt
2122 1628 2455 1691 viventem
2488 1629 2553 1691 in
2586 1629 2810 1692 secula

1619 1715 2005 1780 seculorum.
2122 1717 2469 1780 Mittentes
2529 1737 2806 1780 coronas

1619 1823 1773 1866 suas
1822 1813 1977 1867 ante
2026 1804 2339 1868 thronum
2392 1805 2645 1869 domini
2696 1806 2803 1868 dei

1617 1893 1734 1954 sui.
1837 1909 1882 1979 y
1931 1893 2023 1956 Et
2083 1894 2459 1957 ceciderunt
2521 1895 2586 1956 in
2647 1915 2804 1958 con-

1616 1991 1849 2062 spectu
1898 1980 2119 2044 throni
2150 1984 2217 2045 in
2249 1982 2449 2046 facies
2497 2003 2688 2048 suas:
2735 1992 2805 2046 et

1615 2069 2057 2134 adoraverunt
2133 2071 2467 2134 viventem
2560 2071 2627 2134 in
2702 2091 2804 2134 se-

1613 2156 1777 2220 cula.
1868 2157 2233 2224 MittenteS.
2312 2157 2555 2223 Gloria.
2648 2160 2806 2222 Mit-

1617 2254 1853 2308 tenteS.
1945 2247 2029 2309 In
2084 2247 2147 2328 ej
2184 2257 2489 2310 nocturno
2510 2255 2615 2310 ανῑ.
2664 2247 2804 2310 Νο-

1615 2342 1766 2396 runt
1796 2334 2081 2399 infantes
2128 2335 2395 2398 laudare
2440 2337 2640 2399 deum
2688 2337 2803 2418 qui

1613 2422 1793 2503 loqui
1840 2443 1973 2485 non
2019 2423 2377 2487 noverunt⁶
2409 2423 2577 2486 fiunt
2609 2425 2803 2510 periti

1611 2509 1809 2574 laude
1861 2512 1972 2594 qui
2024 2511 2281 2576 fuerant
2329 2512 2616 2596 imperiti
2669 2533 2803 2576 ser-

1614 2620 1829 2664 mone.
1932 2610 2033 2682 pff.
2110 2601 2332 2666 Verba
2406 2621 2573 2665 mea.
2692 2611 2803 2667 αῆ.

1615 2688 1911 2770 Erigitur
1972 2690 2195 2771 itaque
2262 2690 2612 2754 infantium
2659 2699 2803 2754 etas

1613 2777 1678 2839 in
1728 2776 1993 2841 laudem
2048 2798 2178 2861 que
2228 2779 2615 2844 delictorum
2664 2799 2798 2844 non

1613 2875 1889 2929 noverat
1959 2860 2225 2931 crimen.
2342 2876 2446 2949 pff.
2511 2869 2803 2932 Domine

1613 2954 1922 3018 dominus
1992 2965 2233 3021 noster.
2364 2966 2470 3019 αῆ.
2538 2957 2799 3038 Dignus

1613 3062 1654 3105 a
1742 3043 1961 3125 dignis
2035 3043 2381 3111 laudatur:
2470 3053 2539 3108 et
2612 3046 2801 3109 inno-

1613 3150 1768 3193 cens
1875 3133 2326 3197 innocentium
2416 3134 2801 3197 testimonio

1613 3220 2103 3302 comprobatur.
2229 3230 2331 3303 pf.
2462 3222 2801 3287 Conserva

1612 3328 1736 3371 me.
1857 3325 1905 3394 y
1982 3309 2315 3373 Letamini
2376 3310 2444 3372 in
2507 3311 2797 3375 domine.

1612 3396 1857 3460 Serme.
2427 3398 2641 3461 Lectio
2672 3399 2799 3481 iiij.

1764 3495 2032 3566 eceptus
2086 3486 2309 3567 itaque
2354 3484 2634 3550 herodes
2680 3507 2801 3549 rex

1764 3582 1832 3636 et
1878 3574 2105 3636 illusus
2135 3594 2175 3637 a
2206 3574 2457 3656 magis:
2504 3575 2685 3637 misit
2730 3576 2798 3637 in

1607 3659 1940 3725 bethleem
1972 3670 2038 3725 et
2080 3663 2147 3724 in
2198 3663 2507 3724 omnibus
2554 3662 2797 3725 finibus

1607 3748 1793 3829 ejus:
1861 3759 1935 3813 ut
1993 3748 2509 3813 interficerentur
2566 3771 2801 3814 omnes

1607 3838 1793 3920 pueri
1824 3858 1865 3899 a
1910 3837 2163 3900 bimatu
2210 3848 2279 3902 et
2326 3838 2508 3902 infra.
2606 3839 2799 3905 Occi-

1608 3926 1856 3989 duntur
1885 3946 2004 4009 pro
2038 3926 2305 3990 Christo
2336 3927 2589 4009 parvuli
2618 3948 2633 3993 :
2679 3948 2803 4010 pro

1602 4014 1868 4095 justicia
1899 4016 2175 4077 moritur
2204 4014 2595 4081 innocentia.
2679 4018 2805 4081 Be-

1606 4112 1722 4166 ata
1781 4123 1851 4166 es
1904 4124 1947 4166 o
2004 4103 2337 4167 bethleem
2412 4114 2587 4169 terra
2639 4104 2807 4187 juda

1608 4212 1739 4274 que
1792 4190 2053 4255 herodis
2101 4193 2271 4274 regis
2318 4194 2803 4258 immanitatem

1609 4281 1676 4343 in
1697 4300 2046 4362 puerorum
2068 4282 2481 4346 extinctione
2494 4303 2805 4366 perpessa

1609 4390 1680 4432 es
1706 4391 1719 4433 ε
1767 4390 1897 4451 que
1927 4369 2052 4433 sub
2084 4391 2217 4434 uno
2248 4380 2547 4453 tempore
2578 4370 2807 4435 candi-

2179 4509 2200 4537 ¹
2230 4514 2420 4557 status:
2457 4507 2516 4557 E.
2538 4508 2603 4559 G.

1734 4576 1754 4605 ⁵
1786 4580 2047 4623 noverant:
2084 4573 2214 4623 E.G.
2226 4574 2309 4625 W.

2514 4668 2541 4716 1
