3375 5100
1563 359 1986 414 DOMINICA

1068 469 1218 524 867

539 575 786 641 Oratio.
931 575 1377 658 Omnipotens
1491 573 1733 656 sempi-

533 675 720 728 terne
809 663 991 728 deus,
1087 664 1211 726 Ad
1289 672 1535 726 sextam
1625 671 1733 726 aii.

536 754 725 816 Pueri
837 753 1228 816 hebreorum
1336 753 1735 815 vestimenta

533 843 1040 922 prosternebant
1090 841 1154 902 in
1207 839 1314 903 via
1367 848 1436 902 et
1486 840 1734 903 clama-

531 930 696 993 bant
785 931 1132 992 dicentes:
1251 947 1506 991 osanna
1597 926 1735 989 filio

530 1017 733 1081 david
810 1017 1198 1080 benedictus
1257 1016 1372 1098 qui
1435 1016 1616 1078 venit
1665 1017 1732 1078 in

531 1107 804 1168 nomine
892 1105 1161 1168 domini.
1259 1112 1360 1186 pff.
1453 1103 1732 1167 Defecit.

539 1193 687 1274 Cap.
799 1192 1123 1274 Judicasti
1215 1191 1502 1255 domine.
1615 1193 1728 1254 Re.

533 1281 854 1345 Attende.
947 1297 996 1364 γ
1075 1281 1304 1342 Homo
1393 1280 1590 1362 pacis,
1683 1297 1731 1366 y

539 1369 824 1432 Intende
857 1370 1092 1431 anime.
1148 1368 1381 1433 Oratio
1410 1371 1728 1449 utsupra.

531 1457 660 1519 Ad
731 1476 966 1520 nonam
1040 1464 1146 1520 ανῖ.
1239 1455 1514 1520 Osanna
1596 1455 1731 1520 filio

532 1545 734 1608 david
797 1543 1185 1608 benedictus
1245 1545 1358 1626 qui
1419 1545 1600 1607 venit
1664 1546 1729 1608 in

531 1635 803 1695 nomine
826 1633 1078 1696 domini
1105 1653 1224 1695 rex
1257 1632 1448 1696 israel
1465 1652 1730 1696 osanna

533 1721 598 1782 in
633 1719 932 1784 excelsis.
1007 1729 1109 1802 pf.
1159 1720 1508 1785 Mirabilia.
1578 1721 1727 1802 Cap.

537 1809 734 1872 Posui
809 1809 1062 1873 faciem.
1153 1809 1268 1872 Re.
1333 1807 1489 1872 Noli
1565 1829 1728 1872 esse.

533 1915 580 1984 γ
650 1897 1173 1962 Confundantur.
1277 1912 1326 1983 γ
1402 1897 1507 1960 Ne
1549 1918 1730 1980 ‚per-

528 1988 669 2050 daS.
767 1985 997 2049 Oratio
1027 1995 1102 2048 ut
1128 1994 1342 2066 supra.
1434 1985 1558 2048 Ad
1591 2006 1731 2046 ves—

515 2085 718 2156 peras
774 2083 878 2139 ari.
985 2075 1180 2137 Dixit
1239 2073 1550 2136 dominus
1624 2081 1727 2154 pf.

531 2163 782 2244 Ipsum.
897 2161 1043 2244 Cap.
1138 2162 1404 2226 Faciem
1491 2182 1728 2225 meam.

527 2251 642 2315 Re.
739 2253 1068 2314 Dominus
1097 2251 1308 2332 Jesus,
1401 2249 1727 2329 Hymnus.

527 2338 799 2402 Vexilla
859 2340 1046 2422 regis,
1137 2355 1188 2425 γ
1250 2338 1600 2401 Dederunt
1661 2338 1727 2400 in

527 2447 767 2491 escam.
860 2427 944 2490 In
991 2447 1245 2508 evange.
1291 2435 1398 2489 αῆ.
1475 2425 1724 2490 Occur-

528 2525 681 2579 runt
771 2517 966 2579 turbe
1058 2535 1208 2579 cum
1301 2514 1570 2577 floribus
1660 2523 1729 2579 et

526 2605 804 2687 psalmis
879 2604 1279 2686 redemptori
1334 2603 1599 2665 obviam
1661 2612 1731 2667 et

527 2694 760 2755 victori
816 2691 1252 2774 triumphanti
1306 2691 1510 2772 digna
1563 2691 1731 2754 dant

525 2780 848 2862 obsequia
908 2780 1113 2842 filium
1165 2779 1270 2842 dei
1333 2800 1448 2841 ore
1494 2790 1729 2860 gentes

525 2868 916 2950 predicant:
964 2877 1031 2931 et
1077 2870 1139 2930 in
1181 2868 1444 2930 laudem
1482 2867 1727 2931 Christi

523 2976 721 3019 voces
767 2964 1008 3019 sonant
1040 2976 1157 3038 per
1201 2955 1425 3019 nubila
1455 2976 1727 3019 osanna.

507 3052 610 3125 pff.
709 3042 1117 3125 Magnificat.
1219 3044 1466 3109 Oratio.
1561 3044 1725 3109 Om-

524 3132 834 3215 nipotens
865 3134 1267 3215 sempiterne
1297 3133 1477 3196 deuS.

527 3225 592 3298 11·
638 3220 836 3283 Feria
885 3221 951 3303 {s-
1045 3220 1168 3283 Ad
1196 3220 1560 3283 matutinas
1607 3220 1721 3283 In-

521 3310 745 3372 vitato.
835 3310 1095 3373 Venite.
1173 3318 1274 3390 pf.
1349 3308 1723 3391 Jubilemus

521 3398 834 3479 Hymnus
889 3398 1112 3479 Pange
1157 3397 1382 3478 lingua
1445 3397 1528 3460 In
1583 3418 1723 3459 noc-

521 3497 715 3550 turno
795 3494 900 3550 αῆ.
999 3486 1326 3549 Dominus
1395 3485 1719 3550 defensor.

505 3584 608 3657 pff.
721 3576 1054 3639 Dominus
1151 3574 1560 3637 illuminatio
1672 3591 1722 3660 γ

400 3728 402 3731 ,
523 3664 702 3727 Erue
732 3686 772 3727 a
805 3664 1066 3726 framea.
1427 3662 1646 3725 Lectio
1658 3662 1721 3743 j.

515 3754 988 3883 posuerunt
1033 3749 1433 3814 offendicula
1479 3770 1598 3812 sua
1653 3752 1718 3813 in

671 3842 918 3903 domo:
995 3841 1061 3901 in
1141 3859 1274 3921 qua
1336 3839 1717 3902 invocatum

515 3936 618 3990 est
664 3947 907 3991 nomen
955 3948 1177 3993 meum
1226 3936 1300 3989 ut
1348 3925 1719 4008 polluerent

519 4036 708 4080 eam:
779 4024 846 4079 et
908 4014 1380 4078 edificaverunt
1449 4014 1717 4077 excelsa

514 4104 754 4187 tophet
834 4123 963 4186 que
1041 4112 1141 4166 est
1225 4104 1291 4164 in
1351 4102 1525 4165 valle
1602 4102 1717 4165 filii

515 4192 796 4256 emon¹:
876 4200 947 4253 ut
1039 4190 1470 4254 incenderet²
1545 4190 1717 4253 filios

513 4299 668 4341 suos
707 4290 775 4342 et
823 4278 994 4342 filias
1027 4300 1180 4341 suas
1231 4279 1365 4360 igni
1409 4296 1538 4361 que
1578 4299 1713 4341 non

511 4368 775 4450 precepi
839 4387 958 4429 nec
1022 4368 1310 4449 cogitavi
1373 4367 1440 4429 in
1511 4368 1714 4431 corde

743 4508 755 4535 ¹
793 4520 992 4554 ennon:
1031 4506 1162 4557 EG.

740 4573 761 4604 ¹
793 4572 1066 4622 inciderent
1095 4591 1107 4621 ε
1145 4572 1276 4621 E.G.

1836 593 2003 637 meo,
2096 573 2212 637 Re.
2276 573 2609 636 Dominus
2642 593 2903 637 mecum
2936 585 3041 638 est

1834 670 2156 744 tanquam
2212 662 2494 726 bellator
2543 662 2772 726 sortis:
2837 683 3039 745 prop-

1832 759 2015 814 terea
2074 751 2399 832 persecuti
2460 759 2616 813 sunt
2660 771 2768 814 me
2816 761 2884 814 et
2938 753 3037 814 in-

1832 838 2130 920 telligere
2184 857 2317 901 non
2364 846 2720 921 potuerunt
2762 839 3036 902 domine

1833 927 2123 1009 probans
2183 947 2371 990 renes
2431 936 2500 990 et
2558 928 2777 990 corda.
2876 928 3033 991 Tibi

1832 1015 2116 1079 revelavi
2164 1035 2435 1077 causam
2484 1035 2724 1079 meam.
2813 1032 2862 1101 γ
2925 1015 3033 1078 Tu

1832 1111 2057 1166 autem
2146 1103 2421 1166 domine
2536 1102 2819 1167 sabaoth
2916 1106 3033 1186 qui

1825 1189 2085 1271 judicas
2141 1191 2319 1272 juste
2396 1201 2465 1254 et
2518 1191 2763 1273 probas
2838 1213 3033 1254 renes

1830 1288 1900 1342 et
1948 1280 2193 1344 corda:
2258 1280 2521 1343 videam
2577 1299 2784 1361 queso
2838 1280 3033 1343 ultio-

1834 1386 1985 1430 nem
2019 1376 2203 1431 tuam
2236 1389 2326 1430 ex
2358 1369 2469 1430 eis,
2532 1367 2707 1431 Tibi.
2784 1367 2924 1431 Lec.
2962 1369 3031 1450 ij.

1937 1454 2065 1519 deo
2125 1475 2279 1519 ecce
2337 1456 2481 1519 dies
2540 1457 2810 1520 venient
2869 1457 3033 1520 dicit

1937 1543 2299 1607 dominus:
2390 1543 2504 1607 et⁸
2564 1563 2697 1607 non
2774 1545 3035 1608 dicetur

1830 1633 2115 1714 amplius
2191 1631 2429 1715 tophet
2504 1641 2573 1695 et
2644 1632 2834 1695 vallis
2910 1633 3029 1696 filii

1829 1739 2075 1784 emon:
2123 1721 2239 1784 sed
2286 1720 2477 1783 vallis
2532 1720 3027 1785 interfectionis

1833 1808 1925 1870 Et
1956 1808 2281 1891 sepelient
2304 1809 2327 1845 ⁴
2362 1810 2429 1871 in
2461 1809 2699 1890 tophet
2730 1829 2813 1871 eo
2844 1811 3025 1890 quod

1830 1915 1963 1958 non
2025 1897 2111 1959 sit
2175 1897 2358 1959 locus
2419 1895 2505 1959 ad
2568 1897 3027 1979 sepeliendum

1830 2004 1945 2066 pre
1979 1984 2403 2048 multitudine
2434 1985 2847 2048 cadaverum.
2912 1986 3029 2050 Re.

1833 2071 2167 2136 Dixerunt
2240 2073 2425 2154 impii
2504 2074 2680 2154 apud
2760 2093 2831 2136 se
2892 2094 3027 2137 non

1829 2170 2005 2224 recte
2046 2162 2415 2243 cogitantes
2460 2162 3031 2225 circunveniamus

1821 2247 2117 2329 justum:
2164 2251 2478 2331 quoniam
2516 2251 2880 2312 contrarius
2928 2262 3033 2314 est

1828 2339 2137 2418 operibus
2198 2340 2489 2402 nostris:
2566 2339 2895 2420 promittit
2956 2360 3032 2402 se

1830 2427 2173 2488 scientiam
2223 2427 2328 2488 dei
2384 2424 2628 2488 habere
2676 2425 2883 2489 filium
2916 2427 3029 2490 dei

1829 2533 1901 2577 se
1947 2515 2247 2577 nominat
2291 2523 2356 2578 et
2411 2514 2730 2596 gloriatur
2768 2525 3029 2597 patrem

1828 2621 1900 2664 se
1954 2602 2196 2665 habere
2242 2602 2459 2666 deum.
2554 2604 2919 2667 Videamus
2972 2606 3029 2666 si

1828 2708 2165 2753 sermones
2221 2691 2393 2754 illius
2438 2691 2571 2754 veri
2628 2693 2803 2755 sint:
2851 2702 2918 2755 et
2972 2694 3027 2755 si

1828 2787 1930 2842 est
1958 2800 2151 2842 verus
2184 2779 2355 2841 filius
2386 2779 2491 2842 dei
2530 2800 2544 2843 :
2592 2780 2827 2843 liberet
2871 2801 3027 2844 eum

1827 2867 1913 2930 de
1961 2868 2266 2930 manibus
2328 2868 2568 2930 nostris
2622 2880 2837 2932 morte
2890 2878 3029 2933 tur-

1828 2954 2667 3037 pissima'condemnemus
2713 2978 2885 3020 eum.
2978 2976 3027 3045 γ

1826 3044 2181 3126 Tanquam
2235 3064 2521 3125 nugaces
2574 3046 2863 3108 estimati
2918 3066 3029 3108 su-

1828 3151 1973 3194 mus
2036 3132 2121 3194 ab
2175 3131 2338 3197 illo:
2395 3142 2464 3195 et
2518 3133 2807 3197 abstinet
2861 3154 2931 3195 se
2986 3154 3029 3197 a

1826 3220 1948 3283 viis
2026 3221 2305 3284 nostris:
2382 3230 2703 3303 tanquam
2760 3222 2847 3284 ab
2902 3224 3027 3285 im-

1825 3308 2175 3371 mundiciis
2234 3318 2331 3371 et.
2359 3309 2603 3389 prefert
2662 3311 3027 3374 novissima

1815 3396 2170 3478 justorum.
2233 3396 2611 3461 Videamus,
2750 3398 2890 3462 Lec.
2927 3400 3023 3481 iij.

1819 3486 2000 3615 Et
2079 3485 2203 3547 e'rit
2286 3487 2708 3549 morticinum
2794 3489 3025 3569 populi

1971 3572 2165 3653 hujus
2242 3574 2307 3636 in
2386 3576 2568 3638 cibos
2646 3576 3025 3639 volucribus

1818 3662 1941 3723 celi
2018 3673 2087 3725 et
2147 3662 2377 3725 bestiis
2453 3672 2663 3729 terre:
2742 3672 2809 3727 et
2886 3683 3023 3727 non

1820 3751 1942 3812 erit
2014 3751 2125 3831 qui
2196 3750 2437 3830 abigat.
2534 3752 2624 3815 Et
2686 3754 3022 3835 quiescere

1821 3836 2057 3900 faciam
2107 3839 2188 3901 de
2235 3840 2507 3902 urbibus
2547 3839 2753 3920 juda:
2824 3850 2891 3903 et
2936 3842 3025 3903 de

1819 3924 2058 4007 plateis
2090 3927 2485 3990 hierusalem
2517 3948 2749 3992 vocem
2793 3930 3024 4009 gaudii

1818 4024 1887 4076 et
1918 4035 2147 4077 vocem
2198 4014 2455 4079 leticie:
2502 4037 2733 4080 vocem
2796 4020 3026 4099 sponsi

1820 4110 1887 4165 et
1948 4123 2181 4165 vocem
2244 4124 2503 4186 sponse.
2623 4106 2698 4168 In
2764 4106 3027 4168 desola-

1818 4190 2001 4253 tione
2032 4193 2211 4255 enim
2245 4194 2368 4255 erit
2396 4203 2587 4256 terra.
2678 4194 2797 4259 Re.
2883 4195 3027 4257 Do-

1819 4280 2037 4343 minus
2090 4279 2297 4362 Jesus,
2378 4290 2455 4342 ut
2503 4293 2717 4363 supra.
2812 4300 2861 4367 y
2914 4283 3028 4345 In-

1816 4367 2035 4432 tende.
2127 4368 2211 4431 In
2284 4368 2595 4432 laudibus
2652 4370 3026 4454 antiphona.

2048 4506 2069 4533 ⁸
2108 4503 2371 4554 ‘et’om.:
2408 4504 2468 4554 E.

2050 4574 2067 4601 ⁸
2101 4571 2434 4633 sepelientur:
2474 4572 2602 4620 1⁴20.
2617 4572 2695 4621 w.
