3375 5100
850 320 1103 377 FERJA
1156 320 1543 377 SECUNDA
1596 320 1949 377 PENTHE
1954 322 2002 377 C
2001 322 2101 378 OS
2107 322 2160 376 T
2153 322 2274 377 ES.

842 430 1009 485 503

320 554 509 602 mons
549 534 755 618 janua
784 546 972 619 petra
1003 536 1317 619 lapisque.
1360 535 1505 598 An-

318 626 508 707 gelus
592 634 661 688 et
751 644 1076 707 sponsus:
1154 635 1509 707 pastorque

319 714 643 796 propheta
672 713 994 777 sacerdos,
1082 711 1509 776 Athanathos

320 802 525 883 kyros
550 823 563 865 :
590 800 781 865 theos
802 802 817 839 ¹
850 810 1177 883 :panteon
1204 810 1463 864 :craton
1492 821 1508 863 :

320 900 389 953 et
444 890 647 972 ysos²
722 889 1063 953 Salvificet
1111 910 1230 951 nos
1276 890 1361 951 sit
1405 887 1509 951 cui

321 978 544 1042 secula
573 998 690 1060 per
720 979 943 1041 omnia
972 979 1167 1041 doxa.
1213 994 1261 1062 γ
1308 976 1509 1057 Spiri-

316 1077 428 1129 tus
458 1076 721 1129 sanctus
752 1066 1028 1129 docebit.
1058 1074 1162 1128 etc.

323 1160 386 1232 (Ι
432 1154 631 1217 Feria
690 1154 757 1236 ij.
817 1154 913 1216 ad
966 1164 1162 1217 matu.
1223 1151 1510 1217 invitata.

321 1242 589 1324 Repleti
609 1251 765 1305 sunt
782 1243 1251 1324 omnesspiritu
1264 1250 1510 1304 sancto,

318 1331 516 1393 All’a.
590 1340 689 1412 pf.
780 1330 1033 1393 Venite.
1102 1330 1299 1409 Hym.
1360 1330 1510 1411 Jam

323 1419 623 1483 Christus
664 1426 855 1481 astra.
942 1419 1027 1481 In
1080 1420 1377 1480 nocturno
1405 1426 1512 1481 αῇ.

321 1508 379 1571 F
382 1518 568 1571 actus
596 1516 712 1570 est.
745 1515 845 1587 pf.
892 1506 1179 1588 Magnus
1210 1506 1512 1569 dominus

320 1605 429 1659 etc.
464 1604 537 1657 ut
579 1606 777 1676 supra
815 1594 887 1656 in
924 1596 1028 1657 die
1071 1594 1513 1657 Penthecostes.

322 1700 373 1770 γ
420 1683 704 1766 Spiritus
736 1683 986 1747 domini
1018 1681 1307 1765 replevit.

458 1792 501 1833 n
526 1772 637 1835 illo
668 1780 834 1834 tem·
885 1770 1130 1853 [Scd'm
1140 1770 1511 1853 johannem.

458 1880 645 1941 pore:
697 1859 888 1923 Dixit
931 1859 1123 1940 Jesus
1179 1856 1513 1939 discipulis

320 1948 478 2012 suiS.
569 1948 677 2012 Sic
722 1948 883 2010 deus
913 1947 1151 2010 dilexit
1195 1946 1511 2010 mundum

322 2044 401 2099 ut
519 2034 723 2098 filium
822 2056 1014 2098 suum
1104 2035 1512 2117 unigenitum

322 2126 556 2188 daret:
602 2134 676 2186 ut
743 2125 956 2186 omnis
1016 2123 1129 2206 qui
1188 2122 1395 2186 credit
1446 2122 1513 2185 in

324 2214 541 2294 ipsum
591 2232 723 2274 non
768 2220 1030 2293 pereat:
1094 2211 1210 2274 sed
1271 2211 1514 2274 habeat

326 2301 543 2363 vitam
576 2310 888 2363 eternam.
981 2300 1071 2362 Et
1116 2300 1379 2381 reliqua.

324 2388 555 2453 Sermo
583 2409 661 2449 ex
698 2386 1143 2451 commentario
1186 2386 1358 2451 beati
1396 2407 1511 2449 au-

308 2475 578 2560 gustini
602 2475 875 2559 episcopi.
1208 2475 1422 2539 Lectio
1450 2474 1511 2557 j.

508 2585 594 2628 on
644 2567 821 2628 enim
853 2564 1032 2627 misit
1083 2563 1245 2627 deus
1304 2563 1509 2628 filium

508 2673 697 2717 suum
731 2654 794 2716 in
823 2655 1144 2716 mundum
1166 2662 1237 2716 ut
1262 2651 1514 2733 judicet

325 2741 687 2804 mundum:
735 2741 851 2804 sed
883 2750 957 2804 ut
995 2741 1279 2804 salvetur
1322 2761 1513 2804 mun-

324 2831 451 2893 dus
491 2849 608 2911 per
656 2829 884 2910 ipsum.
964 2829 1145 2911 Ergo
1190 2839 1511 2911 quantum

323 2919 391 2979 in
425 2916 682 2981 medico
714 2927 813 2980 est
842 2937 1071 2980 sanare
1116 2919 1296 2980 venit
1325 2938 1511 3000 egro-

323 3015 489 3069 tum.
588 3006 739 3088 Ipse
770 3025 840 3067 se
870 3005 1186 3069 interimit
1222 3005 1335 3088 qui
1367 3026 1513 3087 pre-

323 3107 519 3176 cepta
551 3093 787 3157 medici
807 3093 1151 3157 observare
1174 3114 1307 3157 non
1331 3094 1511 3159 vult:

320 3182 507 3245 venit
602 3181 891 3245 salvator
988 3181 1072 3244 ad
1174 3183 1512 3246 mundum.

322 3270 546 3353 Quare
576 3269 865 3334 salvator
886 3270 1101 3334 dictus
1120 3280 1220 3334 est
1244 3271 1471 3334 mundi
1496 3291 1511 3334 ε

322 3359 445 3421 nisi
477 3367 551 3421 ut
603 3357 811 3422 salvet
857 3358 1215 3422 mundum:
1262 3379 1395 3422 non
1440 3368 1513 3422 ut

314 3447 570 3529 judicet
628 3447 965 3510 mundum.
1069 3447 1320 3510 Salvari
1381 3467 1513 3510 non

322 3537 422 3599 vis
455 3535 541 3597 ab
588 3535 770 3616 ipso:
818 3556 904 3598 ex
956 3543 1020 3598 te
1069 3534 1213 3616 ipso
1258 3534 1511 3615 judica-

323 3622 511 3686 beris,
556 3623 671 3686 Re.
709 3623 991 3705 Spiritus
1010 3631 1275 3686 sanctus
1305 3623 1513 3705 reple-

320 3711 417 3774 vit
492 3719 704 3774 totam
778 3711 1052 3774 domum
1141 3710 1252 3773 ubi
1326 3721 1514 3775 erant

321 3799 647 3881 apostoli:
723 3807 789 3862 et
870 3807 1311 3882 apparuerunt
1386 3798 1513 3863 illis

322 3887 667 3970 dispertite
734 3887 955 3969 lingue
1023 3896 1339 3969 tanquam
1416 3889 1513 3970 ig·-

323 3976 461 4037 nis:
551 3974 854 4058 seditque
928 3995 1125 4057 super
1218 3976 1511 4058 singulos

322 4083 565 4127 eorum.
645 4064 736 4128 Et
795 4063 1023 4146 repleti
1080 4074 1235 4127 sunt
1280 4084 1511 4127 omnes

322 4152 554 4234 spiritu
585 4161 817 4216 sancto
857 4161 926 4216 et
970 4161 1283 4235 ceperunt
1329 4152 1508 4236 loqui

425 4309 439 4340 ¹
482 4313 559 4359 ‘et
580 4309 593 4332 ’
626 4309 723 4358 add
751 4328 763 4359 z
798 4309 865 4358 N.

422 4377 443 4404 ²
474 4391 565 4440 pro
616 4376 845 4425 ‘craton’
892 4384 1091 4426 crator:
1150 4377 1231 4427 W.
1328 4385 1515 4441 panton

332 4451 499 4492 craton
524 4441 623 4490 isus
644 4459 656 4491 :
690 4443 757 4490 N.

424 4511 443 4538 ⁸
482 4507 637 4556 ‘non‘
664 4523 761 4558 om.
792 4527 803 4557 ε
840 4508 919 4558 W.

2109 430 2265 484 506

1603 535 1796 599 variis
1826 534 2066 618 linguis
2095 546 2290 617 prout
2308 534 2573 615 spiritus
2603 552 2790 599 sanc·-

1602 632 1711 699 ‚tus
1750 624 1960 687 dabat
2011 624 2228 706 eloqui
2260 623 2384 686 illis
2437 622 2584 686 all'a
2641 623 2792 685 all’a

1608 711 1775 775 all’a.
1822 728 1869 797 y
1916 713 2096 775 Dum
2128 721 2349 775 essent
2377 710 2679 793 discipuli
2722 711 2789 773 in

1606 820 1810 862 unum
1841 802 2217 883 congregati
2243 809 2508 881 propter
2537 808 2790 861 metum

1602 887 1952 969 judeorum
1985 908 2185 951 sonus
2217 898 2485 970 repente
2525 888 2610 950 de
2647 884 2791 948 celo

1606 977 1786 1039 venit
1858 997 2054 1060 super
2125 998 2256 1042 eos.
2388 977 2478 1040 Et
2562 974 2793 1057 repleti

1606 1075 1777 1128 sunt.
2482 1063 2692 1127 Lectio
2722 1062 2794 1144 ij.

1625 1153 1775 1284 V
1787 1152 1895 1215 ide
1925 1153 2082 1235 quid
2129 1152 2235 1217 ait.
2327 1152 2459 1237 Qui
2490 1152 2694 1215 credit
2725 1152 2792 1213 in

1789 1262 1940 1304 eum
2003 1242 2177 1305 n0n³
2215 1242 2564 1323 judicatur.
2657 1238 2791 1321 Qui

1608 1339 1830 1393 autem
1864 1349 1997 1392 non
2017 1330 2222 1394 credit
2251 1352 2264 1393 :
2310 1330 2468 1411 quid
2489 1329 2744 1391 dictum
2767 1326 2791 1363 ⁴

1608 1417 1941 1500 sperabis:
2001 1418 2124 1480 nisi
2155 1417 2524 1481 indicatur-,⁵
2640 1415 2791 1496 Jam

1609 1506 1822 1588 inquit
1867 1506 2197 1588 judicatus
2255 1515 2372 1570 est.
2475 1504 2792 1568 Nondum

1610 1596 1915 1677 apparuit
1939 1595 2297 1675 judicium:
2341 1594 2457 1657 sed
2484 1595 2625 1675 jam
2657 1592 2790 1655 sac·
2887 1662 2897 1671 ,

1608 1690 1754 1745 tum
1785 1692 1886 1745 est
1931 1682 2267 1763 judicium.
2361 1683 2567 1747 Novit
2615 1682 2791 1743 enim

1609 1771 1915 1835 dominus
1968 1771 2080 1853 qui
2141 1780 2294 1835 sunt
2341 1771 2497 1853 ejuS.
2589 1769 2795 1832 Novit

1610 1860 2182 1941 qui·permaneant
2212 1859 2298 1923 ad
2329 1878 2678 1922 coronam:
2723 1865 2794 1919 et

1610 1947 1724 2028 qui
1775 1956 2203 2029 permaneant
2271 1948 2356 2011 ad
2437 1946 2795 2009 flammam.

1612 2036 1818 2099 Novit
1847 2036 1914 2098 in
1937 2054 2090 2099 area
2106 2056 2225 2098 sua
2247 2036 2532 2098 triticum
2561 2056 2575 2098 :
2609 2035 2795 2095 novit

1609 2123 1869 2206 paleam
1897 2145 1912 2187 :
1981 2124 2163 2186 novit
2219 2132 2546 2205 segetem:
2610 2121 2796 2183 novit

1609 2222 1676 2275 et
1695 2210 1720 2249 ⁶
1751 2212 2038 2294 zyzania.
2083 2211 2195 2275 Re.
2242 2212 2392 2293 Jam
2418 2229 2550 2273 non
2580 2209 2796 2272 dicam

1608 2319 1727 2365 vos
1747 2319 1966 2363 servos
1986 2299 2101 2361 sed
2123 2300 2368 2362 amicos
2387 2318 2570 2365 meos
2593 2318 2608 2360 ε
2639 2298 2796 2378 quia

1609 2388 1832 2451 omnia
1875 2386 2273 2469 cognovistis
2317 2408 2446 2469 que
2489 2394 2798 2468 operatus

1609 2496 1758 2539 sum
1792 2477 1858 2538 in
1891 2475 2110 2538 medio
2137 2476 2336 2537 vestri
2360 2475 2524 2537 all’a.
2599 2473 2796 2536 Acci-

1608 2566 1748 2648 pite
1797 2566 2116 2650 spiritum
2145 2573 2448 2628 sanctum
2502 2565 2569 2626 in
2609 2561 2796 2625 vobis

1608 2653 1996 2737 paraclitum
2039 2654 2180 2736 ipse
2209 2662 2310 2715 est
2360 2671 2558 2736 quem
2611 2659 2799 2733 pater

1610 2743 1833 2806 mittet
1861 2741 2052 2804 vobis
2081 2741 2361 2806 alleluia.
2415 2757 2464 2828 y
2493 2739 2794 2822 Quorum

1609 2831 1984 2894 remiseritis
2043 2840 2316 2912 peccata
2378 2834 2800 2892 remittuntur

1609 2920 1722 2994 eis,
1779 2919 2107 3000 Accipite.
2465 2916 2676 2986 Lectio
2700 2915 2796 2997 iij.

1803 3027 1911 3070 am
1966 3006 2296 3088 judicatus
2355 3013 2456 3070 est
2515 3006 2626 3088 qui
2664 3024 2797 3066 non

1607 3007 1762 3183 J
1803 3095 2025 3158 credit.
2046 3093 2270 3176 Quare
2295 3094 2627 3175 judicatus
2651 3093 2798 3157 est?

1610 3183 1926 3264 Quianon
1945 3183 2152 3246 credit
2171 3185 2237 3246 in
2252 3182 2516 3245 nomine
2528 3183 2800 3263 unigen-

1609 3271 1683 3334 iti
1710 3270 1823 3332 filii
1856 3271 1979 3334 dei.
2073 3270 2224 3335 Hoc
2249 3280 2348 3334 est
2377 3280 2598 3333 autem
2625 3268 2798 3349 judi-

1606 3359 1827 3422 cium:
1891 3359 2046 3441 quia
2092 3359 2210 3421 lux
2251 3359 2430 3422 venit
2478 3359 2543 3420 in
2611 3377 2800 3420 mun-

1610 3448 1768 3511 dum
1798 3467 1813 3511 :
1845 3456 1914 3510 et
1942 3446 2317 3511 dilexerunt
2333 3447 2630 3508 homines
2663 3464 2803 3506 ma-

1608 3536 1711 3617 gis
1742 3535 2044 3599 tenebras
2076 3555 2275 3616 quam
2309 3535 2538 3597 lucem.
2589 3533 2800 3595 Erant

1608 3625 1783 3686 enim
1817 3623 1993 3686 mala
2020 3643 2221 3705 opera
2249 3641 2492 3684 eorum.
2538 3621 2804 3685 Fratres

1610 3713 1740 3774 mei
1763 3731 2043 3793 quorum
2091 3731 2290 3795 opera
2333 3710 2509 3772 bona
2553 3708 2803 3771 invenit

1608 3801 1969 3864 dominus?
2061 3798 2427 3862 Nullorum.
2477 3796 2799 3861 Omnium

1610 3888 1786 3952 mala
1815 3908 2016 3971 opera
2044 3887 2308 3950 invenit.
2394 3885 2504 3948 Re.
2537 3884 2801 3965 Loque-

1608 3977 1849 4040 bantur
1933 3977 2128 4040 variis
2186 3975 2428 4056 linguis
2517 3971 2801 4054 apostoli

1607 4065 1757 4128 all’a
1787 4063 2118 4147 magnalia
2174 4064 2300 4127 dei.
2391 4063 2590 4124 Prout
2620 4061 2806 4144 spiri-

1610 4161 1716 4217 tus
1777 4163 2044 4217 sanctus
2103 4151 2309 4216 dabat
2381 4150 2599 4232 eloqui
2675 4148 2806 4213 illis

1719 4315 1736 4343 ⁴
1770 4311 2012 4360 dicturum
2039 4329 2052 4360 :
2088 4311 2152 4359 N.

1714 4381 1735 4408 ³
1763 4377 2096 4441 judicabitur:
2131 4377 2198 4427 N.

1717 4448 1737 4477 ⁶
1776 4449 1788 4472 ‘
1808 4443 1885 4494 et’
1909 4459 2008 4494 om.
2038 4461 2048 4493 :
2085 4443 2152 4493 N.
