3375 5100
1064 193 1690 250 EXPOSITIONES
1740 193 2416 250 EVANGELJORUM

1030 302 1166 359 esi
1240 372 1248 381 ‚

501 407 610 473 dei
657 406 908 491 judicio
955 418 1233 491 agente:
1291 416 1365 473 ut
1412 408 1526 492 qui
1577 428 1696 493 pa·

503 506 672 563 trem
725 506 795 561 et
847 496 1056 560 filium
1104 507 1548 580 negaverant:
1611 498 1692 562 a¹

503 595 694 669 patre
723 594 794 649 et
823 584 960 649 filio
988 597 1394 651 necarentur.
1440 587 1576 651 Lec.
1611 586 1695 649 ix.

502 678 602 807 l
609 676 788 757 gitur
813 694 966 737 cum
991 676 1320 739 exercitus
1351 675 1697 739 romanus²

614 771 904 826 vastaret
957 764 1296 845 regionem
1342 762 1695 845 judeorum

507 852 790 915 cucurrit
833 852 1048 913 omnis
1090 851 1443 933 judeorum
1503 872 1695 915 exer-

505 940 675 1005 citus
715 940 784 1001 in
815 940 1149 1003 civitatem
1181 940 1370 1023 quasi
1399 940 1499 1003 vir
1529 960 1699 1003 unus

501 1028 684 1109 justo
695 1026 948 1110 judicio
969 1029 1076 1091 dei
1109 1029 1420 1109 exigente
1444 1050 1459 1091 :
1489 1036 1566 1091 ut
1583 1028 1697 1111 qui

507 1117 574 1178 in
619 1116 865 1198 pascali
913 1114 1312 1180 solennitate
1361 1115 1697 1181 Christum

507 1204 919 1269 occiderunt:
951 1206 1014 1267 in
1042 1206 1278 1268 eadem
1303 1205 1700 1268 solennitate

507 1293 593 1355 ab
641 1292 940 1355 hostibus
987 1292 1538 1356 circundarentur.
1612 1292 1699 1357 In

503 1400 759 1462 evange.
789 1389 895 1443 αῆ.
943 1380 1114 1445 Cum
1141 1382 1701 1464 appropinquaret

507 1470 816 1533 dominus
847 1467 1238 1532 hierusalem
1269 1470 1499 1534 videns
1545 1470 1699 1534 civi-

507 1566 718 1621 tatem
743 1556 924 1621 flevit
954 1576 1151 1639 super
1180 1557 1360 1621 illam
1393 1568 1461 1622 et
1491 1559 1701 1623 dixit:

505 1646 662 1728 quia
707 1646 761 1709 si
809 1648 1224 1728 cognovisses
1274 1656 1340 1711 et
1382 1655 1498 1711 tu:
1543 1648 1705 1729 quia

509 1735 731 1798 veniet
761 1735 902 1798 dies
933 1735 1000 1797 in
1025 1744 1092 1797 te
1123 1746 1191 1798 et
1219 1736 1702 1799 circundabunt

507 1832 578 1888 te
607 1831 675 1886 et
703 1823 1237 1906 coangustabunt
1266 1833 1336 1887 te
1367 1825 1659 1906 undique
1685 1846 1701 1888 :

508 1921 578 1975 et
609 1912 694 1975 acl
742 1920 983 1975 terram
1015 1922 1432 1993 prosternent
1461 1922 1530 1977 te
1558 1934 1572 1977 :
1619 1933 1701 1976 eo

509 2000 690 2082 quod
733 2020 866 2066 non
895 2002 1282 2082 cognoveris
1312 2010 1578 2084 tempus
1607 2002 1702 2064 vi-

510 2089 840 2151 sitationis
870 2097 1000 2152 tue.
1046 2088 1326 2153 alleluia.
1360 2099 1458 2171 pr.
1494 2090 1705 2153 Bene-

511 2178 743 2241 dictus,
1458 2177 1703 2242 Oratio,

509 2269 890 2399 ¹pateant
911 2285 1102 2329 aures
1127 2266 1566 2331 misericordie
1591 2275 1704 2329 tue

663 2354 932 2416 domine
981 2355 1282 2437 precibus
1330 2356 1703 2438 supplican-

515 2442 722 2505 tium:
773 2450 842 2505 et
889 2450 964 2505 ut
1013 2442 1392 2524 petentibus
1447 2444 1705 2507 deside-

515 2539 659 2594 rata
705 2531 1068 2595 concedas:
1116 2529 1218 2596 sac
1265 2553 1378 2596 eos
1424 2554 1553 2614 que
1584 2532 1705 2595 tibi

517 2629 671 2683 sunt
701 2618 946 2701 placita
991 2620 1339 2701 postulare.
1432 2622 1556 2685 Per
1584 2621 1705 2684 do-

519 2708 788 2770 minum.
877 2707 1005 2770 Ad
1040 2719 1327 2790 vesperas
1357 2708 1424 2771 in
1455 2730 1707 2790 evange.

515 2804 620 2859 αῆ.
699 2795 1032 2878 Scriptum
1064 2807 1165 2860 est
1196 2799 1372 2860 enim
1405 2799 1562 2880 quia
1591 2799 1706 2861 do-

521 2904 668 2946 mus
729 2903 879 2946 mea
937 2885 1176 2948 domus
1235 2887 1548 2950 orationis
1609 2895 1713 2950 est

521 2972 774 3036 cunctis
803 2973 1157 3055 gentibus:
1201 2994 1320 3038 vos
1359 2985 1581 3038 autem
1616 2975 1711 3038 se-

521 3061 700 3123 cistis
731 3061 912 3123 illam
937 3061 1321 3143 speluncam
1347 3062 1710 3127 latronum:

521 3159 590 3212 et
639 3159 780 3212 erat
821 3151 1120 3231 quotidie
1165 3151 1408 3214 docens
1447 3153 1512 3214 in
1545 3161 1712 3215 tem-

521 3237 650 3320 ple.
730 3247 829 3319 pff.
881 3238 1286 3320 Magnificat.

524 3330 589 3403 ΙΙ
635 3325 982 3390 Dominica
1009 3328 1097 3390 xi.
1184 3328 1452 3392 Secund.
1483 3328 1714 3392 lucam.

522 3417 620 3549 l
623 3435 664 3477 n
712 3414 826 3477 illo
872 3424 1211 3499 tempore:
1274 3417 1471 3480 Dixit
1521 3417 1716 3498 Jesus

623 3504 706 3566 ad
755 3504 1078 3586 quosdam
1129 3505 1240 3586 qui
1296 3506 1362 3568 in
1405 3525 1474 3568 se
1515 3505 1717 3568 confi-

524 3592 774 3655 debant
805 3602 1125 3674 tanquam
1154 3595 1351 3675 justi:
1397 3603 1466 3657 et
1495 3615 1715 3676 asper-

526 3681 854 3744 nabantur
895 3692 1148 3745 ceteros
1200 3681 1584 3764 parabolam
1633 3683 1717 3745 is-

524 3778 683 3832 tam.
754 3769 909 3832 Duo
938 3769 1240 3834 homines
1269 3771 1719 3834 ascendebant

528 3859 594 3919 in
656 3856 978 3939 templum
1041 3869 1115 3922 ut
1175 3871 1480 3926 orarent:
1550 3881 1719 3922 unus

529 3945 868 4027 phariseus
943 3957 1010 4009 et
1079 3947 1244 4012 alter
1313 3947 1719 4031 publicanus,

529 4034 622 4096 Et
655 4033 919 4114 reliqua.

534 4122 786 4185 Omelia
816 4121 988 4185 beati
1001 4125 1297 4206 gregorii
1307 4136 1486 4208 pape.
1578 4125 1721 4190 Lec,

542 4211 904 4378 Quatuor
935 4213 1132 4294 igitur
1163 4215 1376 4278 modis
1423 4214 1546 4277 fra·
1583 4215 1719 4297 [vij.

669 4310 799 4362 tres
849 4299 1212 4364 charissimi
1267 4312 1489 4365 tumor
1548 4324 1722 4366 arro-

963 4426 975 4454 ¹
1020 4424 1108 4473 ‘a'
1133 4440 1273 4475 om.:
1311 4426 1392 4475 W.

2308 303 2466 360 632

1794 410 2095 493 gantium
2127 409 2455 475 dividitur.
2527 406 2793 473 Primo:
2838 428 2999 475 cum

1794 498 2000 563 homo
2057 518 2130 563 se
2196 498 2440 563 habere
2484 497 2751 562 estimat
2808 500 2995 581 quod

1796 606 1927 651 non
1981 586 2201 652 habet.
2295 586 2605 653 Secundo
2656 606 2810 650 cum
2864 587 2999 651 hoc

1796 676 1977 759 quod
2036 675 2241 740 habet
2291 676 2559 758 propria
2614 676 2859 739 virtute
2920 696 2997 739 se

1794 764 2039 827 habere
2070 773 2279 846 putat.
2362 762 2629 828 Tertio:
2677 783 2830 827 eum
2859 764 2991 827 hoc

1796 852 1975 935 quod
2022 852 2223 916 habet
2252 872 2387 915 non
2427 872 2469 915 a
2514 851 2647 915 deo
2689 872 2761 915 se
2806 872 2996 915 acce-

1796 941 1971 1024 pisse
2002 941 2119 1005 sed
2152 941 2429 1023 propriis
2468 940 2717 1003 meritis
2762 942 2991 1005 credit.

1798 1030 2095 1113 Quarto:
2158 1049 2310 1095 cum
2364 1030 2599 1092 ceteris
2659 1029 2995 1110 despectis

1797 1116 2215 1201 singulariter
2270 1138 2345 1181 se
2404 1116 2651 1181 habere
2724 1118 2997 1181 estimat

1797 1207 1978 1289 quod
2009 1206 2227 1270 habet.
2604 1204 2823 1268 Lectio
2852 1205 2996 1288 viij.

1810 1295 2022 1462 Quo
2068 1294 2301 1358 morbo
2325 1292 2645 1376 jactantie
2676 1294 2799 1357 iste
2830 1294 2999 1377 pha—

1936 1384 2137 1447 riseus
2214 1382 2599 1445 laborabat:
2676 1384 2791 1463 qui
2860 1402 2996 1445 non

1800 1472 2015 1535 solum
2041 1470 2395 1554 publicano
2416 1469 2751 1533 humiliter
2778 1472 2996 1533 oranti

1800 1579 1873 1622 se
1912 1558 2319 1641 preferebat:
2364 1558 2481 1622 sed
2526 1559 2731 1621 etiam
2762 1559 2998 1621 ceteris

1802 1649 2111 1712 omnibus
2162 1648 2432 1712 dicens:
2510 1646 2696 1711 Deus
2748 1649 2997 1729 gratias

1802 1756 1933 1818 ago
1991 1737 2158 1800 tibi:
2221 1737 2377 1817 quia
2436 1754 2570 1798 non
2630 1756 2779 1799 sum
2826 1736 3000 1799 sicut

1802 1826 2001 1889 ceteri
2048 1824 2412 1889 hominum.
2498 1823 2743 1905 Jejuno
2780 1823 2881 1886 bis
2930 1824 2999 1886 in

1802 1914 2124 1977 sabbato:
2192 1913 2485 1976 decimas
2544 1912 2635 1975 do
2696 1912 2999 1975 omnium

1802 2022 1933 2085 que
1966 2002 2287 2085 posside0.
2664 2000 2883 2064 Lectio
2914 2003 3002 2064 ix.

1802 2093 2171 2223 Frustra
2243 2098 2468 2153 tamen
2543 2088 2839 2152 decimas
2910 2090 3001 2151 de

1934 2178 2244 2242 omnibus
2286 2198 2417 2260 que
2461 2177 2848 2259 possidebat
2886 2178 3002 2239 da-

1804 2267 1959 2331 bat:
2006 2267 2120 2349 qui
2168 2275 2457 2330 mentem
2506 2285 2694 2329 suam
2737 2266 2806 2329 in
2852 2265 3001 2328 fun·

1804 2356 2122 2419 damento
2162 2354 2561 2418 humilitatis
2610 2373 2746 2416 non
2796 2353 3005 2417 collo-

1803 2452 2086 2508 caverat.
2180 2443 2272 2506 Et
2300 2442 2691 2525 publicanus
2732 2462 2773 2505 a
2803 2442 3005 2524 longe

1806 2542 1988 2596 stans
2024 2531 2294 2596 nolebat
2324 2553 2444 2596 nec
2490 2530 2715 2596 oculos
2760 2532 2849 2594 ad
2896 2552 3005 2595 ce-

1808 2621 1943 2686 lum
1970 2621 2225 2684 levare:
2270 2621 2387 2684 sed
2419 2621 2828 2704 percutiebat
2852 2640 3007 2702 pec-

1808 2721 1917 2774 tus
1939 2731 2130 2773 suum
2156 2709 2421 2774 dicens:
2461 2713 2647 2773 Deus
2676 2709 3005 2791 propitius

1810 2809 1956 2863 esto
1988 2798 2148 2861 mihi
2181 2799 2528 2880 peccatori.
2584 2798 2665 2860 In
2696 2798 3007 2860 tunsione

1812 2889 2059 2970 quippe
2080 2887 2365 2970 pectoris
2389 2886 2685 2950 dolorem
2709 2885 3007 2950 ostendit

1814 2977 2070 3039 mentis
2129 2975 2405 3038 Noverit
2434 2975 2612 3036 enim
2643 2973 2827 3036 illum
2858 2993 3009 3036 esse

1813 3064 1926 3148 qui
1960 3084 2078 3145 per
2105 3062 2497 3145 prophetam
2530 3063 2641 3126 ait.
2690 3062 3009 3125 Peccator

1814 3153 1883 3215 in
1915 3171 2308 3234 quacunque
2340 3152 2448 3214 die
2482 3170 2837 3214 conversus
2868 3150 3009 3214 fue-

1816 3241 1901 3304 rit
1928 3250 1997 3304 et
2028 3241 2451 3322 ingemuerit:
2482 3239 2709 3303 omnia
2735 3247 3013 3321 peccata

1818 3328 1959 3410 ejus
1977 3329 2291 3392 oblivioni
2314 3327 2675 3392 tradentur.
2722 3327 2806 3390 In
2822 3347 3009 3390 evan.

1815 3426 1921 3481 an.
1995 3417 2151 3480 Duo
2198 3415 2499 3480 homines
2560 3416 3012 3480 ascendebant

1819 3507 1885 3569 in
1948 3506 2271 3588 templum
2332 3513 2407 3568 ut
2466 3513 2771 3567 orarent:
2840 3523 3011 3566 unus

1816 3594 2157 3678 phariseus
2216 3602 2284 3656 et
2342 3593 2509 3656 alter
2568 3593 3011 3675 publicanus:

1818 3682 2159 3746 descendit
2191 3681 2296 3745 hic
2335 3679 2734 3763 justificatus
2784 3682 2849 3743 in
2890 3681 3013 3743 do-

1820 3791 2003 3834 mum
2048 3791 2235 3834 suam
2267 3769 2517 3834 abillo,
2581 3769 2862 3833 alleluia.
2908 3777 3014 3850 pf.

1820 3860 2235 3923 Benedictus
2768 3856 3016 3936 Oratio,

1819 3951 2090 4080 Deus
2115 3949 2227 4029 qui
2250 3945 2804 4030 omnipotentiam
2830 3956 3017 4009 tuam

1977 4035 2307 4119 parcendo
2362 4036 2657 4099 maxime
2706 4045 2775 4098 et
2824 4035 3020 4097 mise-

1824 4126 2032 4189 rando
2058 4124 2479 4188 manifestas:
2512 4123 2880 4206 multiplica
2908 4141 3019 4184 su-

1824 4235 1941 4297 per
1999 4233 2119 4276 nos
2180 4215 2461 4296 gratiam
2516 4222 2745 4276 tuam:
2802 4221 2875 4277 ut
2927 4211 3017 4273 ad

1825 4313 1937 4366 tua
1972 4303 2293 4385 promissa
2316 4311 2648 4365 currentes
2671 4300 3013 4364 celestium

2110 4427 2131 4456 ²
2172 4431 2187 4453 ‘
2204 4441 2433 4475 romanus
2455 4425 2468 4448 ’
2488 4441 2587 4474 om.
2616 4443 2629 4474 :
2667 4424 2731 4474 N.
