3375 5100
1575 349 1997 405 DOMJNJCA

1147 459 1214 514 11

569 574 798 648 spectu
819 565 988 648 regis
1009 565 1324 630 incedere.
1387 563 1494 628 Tu
1517 574 1763 629 autem.

574 654 692 719 Sic
739 655 1168 718 terminentur
1212 675 1428 718 ontnes
1477 654 1767 716 lectiones

569 764 690 824 que
714 765 841 806 non
856 743 1122 824 fuerint
1146 743 1226 806 de
1237 741 1589 825 prophetia.
1649 742 1765 805 Re.

570 831 723 895 Ave
755 833 962 894 maria
992 832 1206 913 gratia
1236 831 1432 913 plena
1455 830 1767 894 dominus

569 928 812 983 tecum.
915 921 1467 1001 Spiritussanctus
1543 938 1768 1000 super-

570 1008 793 1070 veniet
838 1009 903 1070 in
951 1017 1056 1071 te:
1105 1007 1166 1070 &
1205 1009 1410 1071 virtus
1467 1006 1767 1070 altissimi

574 1095 1001 1159 obumbrabit
1031 1097 1190 1159 tibi:
1235 1095 1414 1176 quod
1455 1096 1632 1158 enIm
1679 1115 1769 1157 ex

573 1193 644 1246 te
689 1193 994 1247 nascetur
1038 1183 1380 1247 beatum¹z
1427 1183 1770 1247 vocabitur

575 1271 746 1335 filius
777 1273 902 1336 dei.
975 1290 1026 1359 γ
1056 1271 1412 1354 Quomodo
1443 1271 1560 1334 fiet
1591 1272 1767 1335 istud

561 1361 891 1442 ‘quoniam
943 1362 1155 1424 virum
1209 1379 1342 1425 non
1396 1380 1769 1442 cognosco:

578 1449 639 1512 &
689 1449 1094 1531 respondens
1142 1449 1416 1530 angelus
1463 1449 1636 1511 dixit
1692 1448 1772 1511 ei.

581 1537 1154 1619 SpiritussanctuS.
1467 1536 1682 1600 Lectio
1712 1557 1771 1599 v.

591 1626 954 1761 Credunt
984 1627 1162 1689 enim
1199 1623 1414 1707 majus
1460 1644 1605 1688 esse
1649 1625 1774 1686 im-

716 1714 1036 1797 peratoris
1069 1714 1420 1796 gaudium:
1452 1713 1506 1776 si
1537 1712 1775 1776 viderit

579 1804 901 1885 majorem
939 1823 1056 1866 sue
1083 1801 1551 1884 apparitionis²
1582 1821 1774 1864 orna-

578 1900 742 1955 tum.
821 1891 970 1955 Hec
1024 1900 1248 1954 autem
1303 1891 1454 1954 ideo
1485 1889 1773 1953 faciunt:

580 1981 738 2062 quia
803 1979 1123 2061 maj0rem
1199 1979 1322 2042 sibi
1399 1998 1775 2042 remunera—

577 2069 828 2132 tionem
861 2089 980 2151 pro
1009 2068 1134 2132 hac
1157 2067 1598 2131 sollicitudine
1627 2087 1775 2150 spe-

579 2167 728 2222 rant
789 2156 1092 2221 futuram.
1184 2157 1256 2222 Si
1317 2177 1477 2238 ergo
1541 2156 1775 2219 fratres

579 2245 782 2309 seculi
863 2246 1050 2309 istius
1129 2245 1432 2308 homines
1507 2254 1777 2327 propter

552 2331 905 2416 'presentis
957 2333 1224 2397 honoris
1277 2334 1600 2416 gloriam:
1650 2343 1777 2395 ter-

581 2426 718 2486 reni
752 2424 922 2505 regis
955 2424 1052 2486 sui
1086 2422 1324 2485 natalis
1370 2421 1547 2484 diem
1589 2429 1779 2484 tanta

582 2512 1036 2595 apparitione⁸
1124 2510 1525 2592 suscipiunt:
1647 2529 1781 2591 qua

583 2621 707 2663 nos
803 2600 1222 2665 accuratione
1321 2600 1530 2674 eterni
1610 2599 1780 2680 regis

584 2688 790 2751 nostri
820 2688 980 2769 Jesu
1014 2687 1257 2752 Christi
1303 2685 1594 2750 natalem
1641 2707 1783 2749 sus-

581 2777 801 2859 cipere
825 2774 1162 2838 debemus,
1214 2774 1328 2839 Re.
1364 2775 1781 2839 Salvatorem

584 2874 1020 2947 expectamus
1119 2864 1463 2927 dominum
1551 2864 1782 2945 Jesum

586 2954 942 3018 Christum.
976 2952 1109 3035 Qui
1131 2952 1531 3016 reformavit⁴
1546 2973 1783 3035 corpus

583 3041 976 3105 humilitatis
1022 3050 1244 3104 nostre
1297 3041 1780 3123 configuratum

585 3132 842 3212 corpori
914 3129 1227 3193 claritatis
1294 3150 1426 3193 sue.
1518 3147 1566 3216 γ
1615 3129 1785 3195 Sob-

584 3220 680 3282 rie
736 3218 795 3282 &
853 3218 1032 3300 juste
1086 3229 1152 3282 et
1206 3217 1314 3301 pie
1359 3220 1660 3282 vivamus
1716 3220 1783 3281 in

583 3307 715 3372 hoc
764 3307 988 3370 seculo
1031 3316 1465 3389 expectantes
1516 3307 1783 3370 beatam

583 3415 776 3477 spem
805 3395 864 3459 &
896 3395 1258 3460 adventum
1304 3395 1512 3478 glorie
1559 3398 1783 3477 magni

586 3485 712 3548 dei.
805 3482 956 3565 Qui.
1449 3484 1664 3546 Lectio
1696 3484 1782 3566 vj.

721 3572 826 3636 ui⁵
855 3593 976 3654 pro
1013 3572 1367 3637 devotione
1399 3583 1626 3635 nostra
1654 3592 1788 3634 non

595 3574 912 3741 Qnobis
977 3662 1412 3746 temporalem
1481 3660 1795 3743 largietur

585 3752 866 3833 gloriam
913 3751 1030 3814 sed
1077 3762 1413 3815 eternam:
1477 3769 1599 3812 nec
1660 3758 1789 3812 ter-

585 3840 724 3903 reni
799 3840 1067 3903 honoris
1142 3838 1787 3904 administrationem

655 4050 668 4080 ¹
707 4065 799 4114 pro
828 4053 843 4076 ⁸
859 4048 1058 4098 beatum
1079 4050 1092 4073 ’
1116 4058 1340 4099 sanctum
1365 4068 1378 4100 :
1415 4050 1546 4101 E.G.
1557 4050 1640 4099 W.

651 4118 673 4147 ¹
703 4116 1040 4180 apparationis
1065 4132 1077 4165 :
1111 4116 1244 4166 E.G.

653 4185 675 4214 ⁸
708 4190 848 4231 tanto
871 4190 1113 4245 apparatu
1137 4198 1150 4230 :
1187 4182 1414 4231 E.G.W.

651 4252 670 4279 ⁴
705 4247 1026 4297 reformabit:
1061 4248 1119 4297 E.
1129 4248 1192 4297 G.

649 4316 670 4345 ⁸
707 4314 822 4363 Hec
845 4314 999 4362 verba
1019 4318 1077 4362 a‘
1098 4314 1199 4377 Qui
1213 4314 1226 4337 ’
1250 4330 1405 4379 usque
1428 4315 1490 4363 ad
1522 4317 1536 4341 ‘
1552 4330 1799 4364 successo-

585 4380 712 4431 rem'
749 4381 800 4429 in
827 4380 1066 4429 Lectione
1110 4380 1284 4445 quinta
1321 4381 1638 4430 includuntur
1667 4382 1803 4447 apud

650 4517 671 4545 ⁸
704 4516 793 4563 Re.
823 4514 1118 4562 salvatorem
1143 4521 1237 4563 etc.
1266 4513 1365 4562 add
1391 4532 1404 4562 ε
1441 4513 1499 4562 E.
1511 4514 1664 4563 G.W.

653 4584 672 4611 ²
707 4580 812 4630 Hic
835 4579 1010 4645 incipit
1037 4580 1210 4631 Lectio
1234 4582 1296 4630 vi.
1331 4599 1342 4629 :
1379 4580 1592 4630 E.G.W.

2416 457 2503 511 12

1860 563 2087 629 dabit:
2153 584 2283 646 que
2358 583 2731 628 successore
2792 561 3058 627 finitur:

1860 654 1978 716 sed
2010 652 2271 717 celestis
2324 653 2579 734 imperii
2624 653 3059 733 dignitatem:

1862 763 1992 824 que
2076 761 2207 804 non
2287 740 2491 805 habet
2566 738 3060 804 successorem.⁴3

1862 829 2139 912 ⁷Qualis
2184 839 2409 893 autem
2457 831 2897 893 remuneratio
2940 849 3057 891 no-

1863 930 2001 982 stra
2050 920 2137 982 sit
2185 917 2439 982 futura:
2501 917 2662 981 dicit
2714 917 3059 1000 propheta.

1864 1006 2015 1089 Que
2045 1007 2275 1070 oculus
2308 1025 2441 1069 non
2470 1006 2675 1069 vidit:
2719 1026 2839 1069 nec
2886 1007 3061 1068 auris

1864 1095 2155 1159 audivit:
2202 1115 2323 1158 nec
2365 1095 2432 1157 in
2471 1115 2587 1158 cor
2626 1094 2915 1157 hominis
2956 1115 3063 1156 as-

1862 1184 2116 1247 cendit:
2148 1205 2279 1266 que
2309 1183 2682 1267 preparavit
2720 1183 2885 1246 deus
2914 1181 3065 1245 dili-

1862 1272 2172 1355 gentibus
2190 1272 2305 1335 se.⁸
2378 1271 2489 1335 Re.
2514 1271 2769 1334 Audite
2786 1271 3063 1335 verbum

1866 1361 2117 1424 domini
2184 1369 2457 1442 gentes:
2535 1359 2595 1423 &
2665 1360 3065 1424 annunciate

1868 1448 2029 1512 illud
2062 1451 2128 1512 in
2160 1449 2401 1512 finibus
2433 1457 2621 1511 terre.
2714 1449 2805 1511 Et
2854 1449 2917 1510 in
2966 1448 3065 1510 in-

1869 1536 2027 1599 sulis
2050 1556 2179 1619 que
2212 1537 2437 1619 procul
2468 1549 2623 1600 sunt
2649 1536 2862 1600 dicite.
2916 1535 3063 1601 Sal-

1866 1635 2057 1689 vator
2108 1635 2333 1689 noster
2392 1625 2717 1688 adveniet.
2808 1641 2856 1710 γ
2918 1623 3067 1687 An-

1870 1713 2177 1777 nunciate
2202 1715 2261 1777 &
2295 1714 2593 1777 auditum
2628 1713 2823 1778 facite
2856 1713 3065 1794 loqui-

1870 1803 2029 1864 mini
2062 1812 2131 1866 et
2158 1801 2463 1864 clamate.
2556 1802 2647 1866 Et
2678 1803 2761 1865 in.
2840 1800 3066 1865 Gloria

1870 1890 2061 1974 patri.
2154 1891 2474 1955 Salvator.

1958 1979 2044 2042 In
2093 1978 2176 2041 iii
2218 1989 2521 2042 nocturno
2562 1987 2670 2042 aii.
2720 1979 2879 2042 Nox
2922 1997 3069 2061 pre-

1871 2068 2082 2131 cessit.
2127 2077 2227 2149 pf.
2278 2067 2417 2131 Celi
2449 2077 2772 2130 enarrant.
2842 2065 3071 2130 Gloria

1872 2155 2087 2238 patri}¹
2131 2157 2193 2219 A
2206 2165 2265 2218 ἢ.
2302 2154 2489 2219 Hora
2532 2165 2647 2219 est.
2688 2164 2787 2237 pff.
2844 2155 3072 2217 Exau-

1872 2245 2015 2308 diat
2043 2253 2129 2308 te.
2199 2242 2429 2309 Gloria
2458 2246 2649 2325 patri.
2722 2244 2784 2306 A
2796 2253 2858 2306 ᾗ.
2892 2243 3071 2308 Gau-

1874 2333 2047 2396 dete.
2122 2342 2223 2413 pff.
2315 2332 2605 2396 Domine
2681 2333 2747 2395 in
2812 2333 3071 2395 virtute.

1878 2421 2121 2484 Gloria.
2212 2438 2257 2506 y
2305 2421 2704 2503 Egredietur
2764 2421 3073 2484 dominus

1877 2509 1961 2573 de
2022 2508 2169 2573 loco
2227 2521 2457 2575 sancto
2515 2531 2673 2574 suo:
2719 2511 2939 2573 veniet
3000 2517 3075 2572 ut

1878 2597 2090 2661 salvet
2188 2598 2507 2682 populum
2616 2618 2827 2662 suum.
2946 2597 3078 2661 Isti

1864 2686 2147 2768 predicti
2186 2688 2484 2750 versiculi
2510 2687 2816 2750 dicantur
2828 2687 2875 2725 ¹⁰
2891 2698 3081 2768 super

1878 2785 2259 2838 nocturnum
2288 2776 2509 2840 diebus
2525 2776 2669 2837 dom
2676 2777 2743 2839 in
2749 2775 2865 2838 icis
2881 2795 3079 2857 usque

1877 2864 1977 2926 ad
2027 2864 2331 2945 vigiliam
2398 2864 2773 2927 nativitatis
2830 2862 3081 2927 domini

1878 2953 2134 3035 quando
2192 2953 2273 3016 de
2320 2953 2599 3016 adventu
2652 2952 2892 3034 agitur.
2982 2952 3083 3014 Et

1877 3041 2203 3105 sciendum
2254 3052 2349 3105 est
2371 3065 2394 3104 .·
2458 3042 2633 3123 quod
2681 3042 2849 3104 sicut
2906 3040 3081 3103 ordi-

1880 3139 2130 3193 nantur
2160 3130 2410 3212 psalmi
2456 3131 2523 3192 in
2572 3132 2845 3212 vespen's
2892 3130 3082 3192 istius

1880 3218 2235 3281 dominice:
2277 3219 2372 3281 sic
2398 3219 2782 3282 ordinentur
2833 3219 2902 3281 in
2950 3239 3081 3280 om-

1882 3307 2073 3369 nibus
2100 3308 2441 3370 dominicis·
2458 3319 2580 3388 per
2602 3328 2851 3370 annum
2872 3329 2895 3369 .·
2939 3326 3083 3368 cum

1881 3395 1959 3457 de
2030 3394 2351 3459 dominica
2433 3395 2680 3459 dicitur
2700 3419 2723 3458 .·
2816 3406 3085 3477 tempore

1878 3484 2173 3564 paschali
2198 3494 2449 3566 excepte.
2530 3484 2897 3548 Secundum
2927 3484 3081 3546 Ma-

1895 3571 2124 3635 tlzeum.

1889 3663 2027 3793 ln
2104 3661 2217 3724 illo
2300 3670 2643 3743 tempore:
2721 3662 2890 3726 Cum
2972 3680 3084 3743 ap-

1983 3751 2489 3832 propinquasset
2554 3750 2805 3831 Jesus¹¹
2876 3750 3086 3813 hiero-

1889 3838 2163 3921 solymis
2210 3849 2278 3902 et
2307 3841 2595 3902 venisset
2642 3839 2955 3920 bethsage
3002 3838 3085 3901 ad

1969 4052 1989 4080 ⁸
2026 4055 2040 4077 ‘
2059 4050 2254 4113 Quibus
2276 4066 2394 4114 ergo
2429 4050 2731 4099 indumentis
2754 4066 2844 4099 nos
2868 4050 3089 4099 exornari

1901 4124 2095 4181 oportet
2122 4135 2133 4165 ε
2168 4117 2302 4180 quod
2322 4124 2487 4165 autem
2522 4118 2731 4165 dicimus
2764 4133 2854 4164 nos
2891 4117 2985 4164 hoc
3022 4126 3092 4164 est

1902 4183 2093 4232 animas
2136 4191 2327 4231 nostras
2366 4183 2499 4247 quod
2548 4199 2631 4232 rex
2670 4194 2837 4232 noster
2872 4183 3093 4231 Christus

1902 4265 2004 4298 non
2026 4258 2128 4298 tam
2162 4250 2373 4297 nitorem
2408 4249 2615 4298 vestium
2650 4265 2799 4313 quam
2822 4250 3093 4297 animarum

1904 4316 2103 4379 requirit
2127 4316 2372 4364 affectum.
2447 4316 2527 4364 Tu
2556 4316 2582 4365 :’
2606 4316 2727 4365 add:
2754 4316 2885 4365 E.G.
2895 4316 2974 4363 W.

1970 4386 1989 4411 ⁹
2031 4382 2143 4431 ‘GL
2173 4382 2391 4446 palem.
2420 4400 2432 4430 :
2469 4382 2695 4432 E.G.W.

1974 4448 2011 4478 ¹⁰
2044 4449 2269 4496 dikatur:
2316 4449 2391 4495 W.

1978 4514 2011 4545 ¹¹
2055 4511 2167 4562 ‘in’
2194 4514 2292 4563 add
2316 4532 2331 4563 :
2368 4514 2500 4565 E.G.
