3375 5100
1671 330 1777 384 SA
1786 330 1945 383 BBA
1962 330 2061 383 TO

1152 440 1310 497 865

621 550 862 615 nimis:
925 559 995 613 et
1047 548 1356 630 jumenta
1407 566 1636 611 eorum
1690 566 1823 609 non

623 640 994 703 minoravit.
1083 638 1178 701 Et
1211 636 1402 718 pauci
1436 635 1592 699 facti
1625 643 1783 698 sunt
1810 656 1825 698 :

621 740 690 791 et
751 727 978 791 vexati
1040 735 1192 789 sunt
1269 744 1310 787 a
1399 723 1827 787 tribulatione

623 817 950 880 malorum
999 824 1067 877 et
1111 812 1356 878 dolore.
1447 812 1691 875 Effusa
1721 820 1825 875 est

621 906 966 970 contentio
1039 922 1238 985 super
1301 901 1669 984 principes:
1758 909 1826 963 et

621 1013 838 1058 errare
871 992 1026 1057 fecit
1057 1012 1172 1055 eos
1203 992 1270 1053 in
1293 990 1472 1054 invio
1503 999 1570 1053 et
1603 1009 1736 1052 non
1758 988 1825 1051 in

619 1085 744 1147 via.
834 1082 930 1145 Et
1004 1080 1260 1163 adjuvit
1333 1098 1692 1161 pauperem
1742 1079 1830 1142 de

623 1171 886 1253 inopia:
977 1177 1046 1233 et
1121 1166 1346 1250 posuit
1421 1168 1592 1231 sicut
1661 1186 1825 1229 oves

623 1259 928 1323 familias
1036 1256 1382 1322 Videbunt
1427 1255 1586 1317 recti
1634 1264 1703 1317 et
1736 1253 1824 1317 le-

623 1350 982 1412 tabuntur:
1069 1354 1138 1409 et
1215 1344 1432 1407 omnis
1513 1342 1827 1425 iniquitas

621 1434 941 1519 opilabit¹
977 1454 1052 1497 os
1075 1452 1285 1497 suum.
1382 1430 1544 1510 Quis
1561 1432 1827 1513 sapiens

623 1533 692 1589 et
750 1522 1082 1588 custodiet
1134 1520 1298 1584 hec:
1371 1529 1442 1583 et
1499 1520 1826 1603 intelliget

625 1612 1104 1676 misericordias
1127 1608 1427 1673 domini.²
1469 1608 1606 1672 Αῆ.
1651 1608 1825 1674 Visi-

623 1712 694 1767 ta
719 1721 840 1764 nos
858 1700 1130 1765 domine
1151 1699 1216 1761 in
1241 1697 1510 1761 salutari
1535 1705 1674 1761 tuo.
1703 1696 1827 1778 pf?

802 1799 1016 1853 ratum
1049 1808 1162 1853 cor
1192 1806 1413 1850 meum
1445 1786 1610 1849 deus
1635 1805 1826 1867 para-

756 1888 901 1943 tum
947 1897 1062 1942 cor
1123 1894 1388 1939 meum:
1433 1874 1724 1937 cantabo
1755 1882 1825 1937 et

623 1967 908 2051 psallam
941 1966 1007 2029 in
1040 1965 1252 2048 gloria
1283 1983 1448 2027 mea.
1540 1964 1824 2045 Exurge

621 2056 1010 2139 psalterium
1030 2064 1099 2119 et
1129 2052 1406 2134 cythara
1433 2072 1448 2115 :
1495 2070 1823 2133 exurgam

619 2143 929 2209 dilucu10.
980 2140 1362 2209 confitebor
1382 2140 1502 2203 tibi
1525 2140 1590 2202 in
1613 2158 1823 2221 popu-

623 2232 703 2297 lis
756 2232 1071 2297 domine:
1135 2238 1202 2293 et
1250 2228 1531 2311 psallam
1586 2228 1708 2291 tibi
1758 2228 1823 2291 in

622 2322 1022 2385 nationibus
1160 2316 1330 2397 Quia
1405 2336 1648 2399 magna
1724 2326 1825 2381 est

623 2430 822 2492 super
866 2409 1044 2472 celos
1077 2406 1524 2470 misericordia
1556 2414 1708 2468 tua:
1755 2414 1824 2468 et

623 2518 833 2580 usque
865 2496 950 2562 ad
983 2495 1192 2561 nubes
1223 2495 1464 2559 veritas
1485 2503 1617 2558 tua.
1665 2494 1821 2557 Ex-

621 2587 831 2652 altare
907 2605 1103 2668 super
1191 2585 1368 2649 celos
1457 2583 1661 2647 deus:
1754 2592 1823 2647 et

621 2696 821 2758 super
851 2695 1118 2738 omnem
1152 2682 1397 2736 terram
1418 2672 1628 2754 gloria
1659 2681 1776 2735 tua
1804 2693 1819 2737 τ

623 2775 700 2828 ut
730 2764 1091 2828 liberentur
1119 2761 1346 2826 dilecti
1367 2761 1481 2826 tui.
1533 2759 1819 2825 Salvum

623 2852 728 2917 fac
773 2853 1054 2916 dextera
1101 2860 1218 2915 tua
1267 2859 1336 2912 et
1389 2849 1636 2912 exaudi
1670 2869 1817 2914 me:

621 2942 790 3005 deus
843 2940 1101 3003 locutus
1147 2947 1248 3002 est
1300 2938 1364 3000 in
1415 2947 1647 3001 sancto
1677 2957 1819 3002 su0.

623 3027 978 3092 Exultabo
1001 3037 1070 3091 et
1090 3027 1385 3091 dividam
1399 3024 1818 3090 sichimam⁴:

623 3127 692 3182 et
797 3115 1165 3181 convallem
1242 3115 1819 3179 tabernaculorum

621 3207 947 3272 dimetiar.
1039 3205 1244 3268 Meus
1303 3211 1406 3267 est
1463 3203 1705 3286 galaad
1750 3213 1821 3266 et

625 3315 811 3358 meus
843 3303 945 3358 est
981 3313 1354 3356 manasses:
1386 3301 1455 3356 et
1485 3291 1823 3375 ephraim³

621 3383 956 3466 susceptio
1029 3382 1268 3464 capitis
1367 3381 1514 3446 rnei.
1631 3381 1824 3455 Juda

623 3493 744 3536 rex
776 3491 1002 3536 meus:
1051 3469 1248 3534 moab
1281 3469 1462 3532 lebes
1483 3470 1622 3552 spei
1656 3490 1821 3534 mee.

621 3562 709 3626 In
771 3561 1106 3624 idumeam
1167 3559 1532 3622 extendam
1589 3557 1823 3622 calcia-

623 3659 924 3713 mentum
959 3668 1212 3712 meum:
1261 3645 1422 3712 mihi
1453 3646 1825 3730 alienigene

623 3739 822 3803 amici
857 3737 1012 3800 facti
1058 3745 1229 3800 sunt.
1326 3734 1489 3814 Quis
1536 3736 1825 3800 deducet

625 3848 733 3890 me
767 3829 833 3890 in
883 3827 1222 3891 civitatem
1257 3824 1604 3888 munitam.
1664 3825 1819 3908 quis

621 3915 908 3979 deducet
939 3935 1047 3978 me
1079 3933 1288 3995 usque
1347 3913 1414 3975 in
1469 3913 1829 3978 idumeam.

623 4005 876 4067 Nonne
906 4012 978 4066 tu
1011 4001 1174 4065 deus
1199 3999 1312 4082 qui
1333 4001 1634 4085 repulisti
1660 4021 1783 4066 nos
1809 4021 1824 4064 :

622 4102 692 4156 et
725 4111 857 4155 non
889 4090 1105 4155 exibis
1137 4089 1302 4152 deus
1333 4090 1402 4153 in
1463 4091 1823 4155 virtutibus

623 4181 883 4244 nostris.
973 4178 1090 4243 Da
1133 4178 1328 4241 nobis
1373 4178 1704 4241 auxilium
1739 4179 1825 4242 de

922 4343 938 4374 ¹
973 4339 1220 4456 oppilabit
1247 4358 1258 4390 ε
1293 4339 1376 4428 W:

921 4409 1042 4570 {2³-
1069 4408 1200 4588 {2¹³³
1217 4405 1557 4586 10:252:
1721 4405 1774 4456 S·

976 4555 1076 4590 sice
1115 4553 1267 4588 imam
1293 4555 1304 4589 :
1410 4574 1424 4588 .

2438 434 2594 494 866

1928 544 2402 612 tribulatione:
2478 546 2637 628 quia
2713 564 2889 609 vana
2948 545 3135 611 salus

1929 633 2233 697 hominis
2324 634 2409 698 In
2470 635 2599 698 deo
2648 632 2969 698 faciemus
2998 637 3134 698 vir-

1929 731 2183 787 tutem:
2230 731 2299 787 et
2328 722 2471 805 ipse
2491 723 2573 786 ad
2600 723 2877 786 nihilum
2914 722 3135 787 dedu-

1928 820 2035 875 cet
2066 811 2369 874 inimicos
2400 821 2675 876 nostros
2764 811 3133 875 Psalmus.⁶

2124 920 2203 963 us
2234 899 2499 963 laudem
2534 918 2751 963 meam
2784 920 2869 963 ne
2899 909 3131 965 tacue-

2086 990 2171 1051 ris
2197 1010 2211 1052 :
2258 989 2413 1071 quia
2444 1009 2521 1051 os
2550 988 2917 1070 peccatoris
2946 998 3019 1052 et
3050 1010 3129 1053 os

1928 1075 2141 1139 dolosi
2214 1096 2411 1158 super
2482 1096 2589 1139 me
2640 1084 2943 1159 apertum
3008 1089 3131 1141 est.

1928 1164 2171 1229 Locuti
2202 1175 2355 1228 sunt
2378 1164 2729 1229 adversum
2760 1184 2868 1227 me
2900 1165 3135 1247 lingua

1928 1252 2203 1317 dolosa:
2247 1262 2317 1317 et
2348 1253 2762 1317 sermonibus
2810 1254 2949 1316 odii
2999 1256 3127 1317 cir·

1927 1341 2386 1406 cundederunt
2444 1360 2597 1406 me:
2640 1349 2711 1405 et
2768 1361 3129 1425 expugna-

1926 1440 2161 1493 verunt
2224 1450 2331 1494 me
2388 1430 2613 1513 gratis
2720 1430 2863 1495 Pro
2907 1452 2989 1493 eo
3048 1442 3131 1495 ut

1930 1538 2037 1583 me
2068 1518 2419 1601 diligerent
2442 1518 2886 1583 detrahebant
2918 1518 3083 1582 mihi
3112 1541 3127 1585 :

1926 1626 2055 1689 ego
2114 1616 2337 1671 autem
2369 1606 2667 1671 orabam.
2728 1608 2856 1670 'Et
2886 1628 3126 1689 posue-

1928 1704 2079 1759 runt
2110 1696 2458 1761 adversum
2508 1716 2615 1759 me
2646 1696 2822 1759 mala
2854 1716 2975 1777 pro
3008 1696 3129 1759 bo-

1926 1784 2067 1849 nis:
2144 1793 2212 1849 et
2286 1785 2517 1848 odium
2580 1804 2703 1867 pro
2768 1784 3128 1849 dilectione

1926 1892 2094 1936 mea.
2190 1872 2533 1939 Constitue
2556 1892 2754 1955 super
2784 1894 2935 1936 eum
2972 1894 3131 1955 pec-

1926 1970 2217 2025 catorem
2244 1983 2259 2026 :
2290 1971 2359 2025 et
2382 1960 2713 2043 dyabolus
2734 1970 2868 2025 stet
2887 1983 2928 2025 a
2950 1962 3127 2025 dex-

1925 2050 2043 2113 tris
2074 2050 2233 2131 ejus.
2332 2051 2498 2116 Cum
2526 2050 2861 2132 judicatur
2918 2061 3131 2114 exeat

1923 2139 2447 2203 condemnatus:
2536 2147 2607 2202 et
2691 2139 2905 2203 oratio
2980 2140 3129 2220 ejus

1925 2226 2043 2291 fiat
2104 2228 2171 2290 in
2232 2236 2597 2309 peccatum.
2718 2227 2927 2290 Fiant
2980 2228 3131 2291 dies

1924 2316 2069 2397 ejus
2105 2316 2297 2398 pauci
2327 2337 2343 2380 :
2388 2325 2457 2380 et
2486 2316 2944 2399 episcopatum
2980 2316 3129 2397 ejus

1924 2402 2253 2488 accipiat⁷
2296 2404 2483 2469 alter.
2570 2405 2771 2469 Fiant
2816 2403 2933 2469 filii
2979 2404 3131 2485 ejus

1924 2492 2247 2576 orphani:
2324 2503 2392 2559 et
2454 2514 2629 2558 uxor
2694 2492 2837 2576 ejus
2896 2493 3127 2559 vidua.

1922 2582 2263 2647 Nutantes
2311 2582 2787 2648 transferantur
2832 2581 2945 2644 filii
2980 2583 3129 2664 ejus

1922 2681 1991 2734 et
2074 2672 2493 2736 mendicent:
2598 2672 2947 2754 ejiciantur
3036 2673 3129 2735 de

1920 2759 2443 2826 habitationibus
2494 2761 2645 2824 suiS.
2769 2760 3130 2824 Scrutetur

1922 2847 2253 2914 fenerator
2326 2869 2595 2912 omnem
2672 2848 3123 2913 substantiam

1921 2936 2107 3018 ejus:
2142 2947 2209 3002 et
2269 2939 2584 3022 diripiant
2628 2939 2825 3002 alieni
2858 2939 3127 3004 labores

1920 3027 2083 3108 ejus.
2174 3027 2336 3092 Non
2382 3029 2469 3094 sit
2516 3029 2607 3093 illi
2640 3029 2947 3111 adjutor:
2992 3049 3123 3094 nec

1921 3117 2009 3180 sit
2058 3117 2173 3200 qui
2225 3119 2613 3183 misereatur
2662 3118 2925 3201 pupillis
2958 3119 3126 3200 ejus,

1922 3205 2125 3270 Fiant
2158 3208 2297 3271 nati
2334 3207 2475 3288 ejus
2508 3209 2573 3272 in
2622 3209 2999 3271 interitum:
3052 3209 3122 3270 in

1920 3296 2347 3378 generatione
2378 3317 2511 3360 una
2541 3295 2844 3360 deleatur
2874 3314 3127 3359 nomen

1924 3384 2082 3465 ejus.
2173 3385 2258 3449 In
2307 3387 2693 3450 memoriam
2742 3385 2969 3448 redeat
3000 3385 3129 3448 ini-

1922 3475 2144 3554 quitas
2191 3483 2455 3557 patrum
2488 3475 2631 3556 ejus
2662 3473 2728 3537 in
2762 3484 3127 3556 conspectu

1923 3561 2176 3626 domini
2207 3585 2221 3628 :
2252 3572 2320 3627 et
2352 3572 2697 3646 peccatum
2734 3564 2961 3625 matris
2978 3563 3129 3642 ejus

1926 3669 2059 3713 non
2093 3652 2406 3717 deleatur.
2496 3653 2707 3716 Fiant
2738 3659 2973 3714 contra
3002 3651 3129 3712 do-

1928 3739 2182 3802 minum
2232 3761 2495 3824 semper
2538 3749 2607 3804 et
2652 3739 2989 3822 dispereat
3038 3740 3129 3802 de

1926 3835 2104 3890 terra
2153 3830 2471 3893 memoria
2532 3848 2802 3892 eorum:
2865 3847 2985 3909 pro
3042 3847 3127 3891 eo

1926 3915 2111 3996 quod
2164 3937 2297 3980 non
2344 3926 2444 3980 est
2477 3916 2857 3981 recordatus
2906 3915 3127 3979 facere

1930 4003 2459 4070 misericordiam.
2579 4005 2681 4068 Et
2740 4014 3129 4086 persecutus

1926 4101 2029 4156 est
2059 4091 2395 4158 hominem
2456 4095 2723 4176 inopem
2768 4103 2839 4156 et
2870 4093 3131 4156 mendi·

1926 4200 2120 4245 cum:
2234 4192 2303 4246 et
2375 4191 2849 4266 compunctum
2928 4181 3131 4245 corde

2159 4346 2181 4375 ⁸
2218 4343 2443 4393 effraim:
2478 4343 2533 4394 S.

2158 4413 2180 4506 ζ
2203 4408 2447 4541 gipzpa:
2461 4409 2548 4526 vg
2561 4408 2618 4458 G.
2690 4409 2823 4474 cviij.
2846 4424 2866 4459 .·
2900 4409 2955 4460 S.
