<?xml version="1.0" encoding="UTF-8"?>
<!DOCTYPE html PUBLIC "-//W3C//DTD XHTML 1.0 Transitional//EN"
    "http://www.w3.org/TR/xhtml1/DTD/xhtml1-transitional.dtd">
<html xmlns="http://www.w3.org/1999/xhtml" xml:lang="en" lang="en">
 <head>
  <title>
</title>
<meta http-equiv="Content-Type" content="text/html;charset=utf-8" />
  <meta name='ocr-system' content='tesseract 3.04.00' />
  <meta name='ocr-capabilities' content='ocr_page ocr_carea ocr_par ocr_line ocrx_word'/>
</head>
<body>
  <div class='ocr_page' id='page_1' title='image "./publicationssur05unkngoog_0058.png"; bbox 0 0 3375 5100; ppageno 0'>
   <div class='ocr_carea' id='block_1_1' title="bbox 1154 374 2017 448">
    <p class='ocr_par' dir='ltr' id='par_1_1' title="bbox 1154 374 2017 448">
     <span class='ocr_line' id='line_1_1' title="bbox 1154 374 2017 448; baseline -0.001 -15"><span class='ocrx_word' id='word_1_1' title='bbox 1154 376 1489 448; x_wconf 79' lang='lat' dir='ltr'><em>QUARTA</em></span> <span class='ocrx_word' id='word_1_2' title='bbox 1543 374 2017 432; x_wconf 84' lang='lat' dir='ltr'><em>ADVENTUS.</em></span> 
     </span>
    </p>
   </div>
   <div class='ocr_carea' id='block_1_2' title="bbox 899 486 980 540">
    <p class='ocr_par' dir='ltr' id='par_1_2' title="bbox 899 486 980 540">
     <span class='ocr_line' id='line_1_2' title="bbox 899 486 980 540; baseline 0 0"><span class='ocrx_word' id='word_1_3' title='bbox 899 486 980 540; x_wconf 80' lang='lat'>61</span> 
     </span>
    </p>
   </div>
   <div class='ocr_carea' id='block_1_3' title="bbox 335 592 1542 4286">
    <p class='ocr_par' dir='ltr' id='par_1_3' title="bbox 507 592 1542 674">
     <span class='ocr_line' id='line_1_3' title="bbox 507 592 1542 674; baseline -0.003 -16"><span class='ocrx_word' id='word_1_4' title='bbox 507 595 564 658; x_wconf 90' lang='lat' dir='ltr'>ic</span> <span class='ocrx_word' id='word_1_5' title='bbox 638 593 852 674; x_wconf 89' lang='lat' dir='ltr'>ysaia¹</span> <span class='ocrx_word' id='word_1_6' title='bbox 932 592 1382 656; x_wconf 88' lang='lat' dir='ltr'>testimonium</span> <span class='ocrx_word' id='word_1_7' title='bbox 1456 592 1542 656; x_wconf 94' lang='lat' dir='ltr'>de</span> 
     </span>
    </p>

    <p class='ocr_par' dir='ltr' id='par_1_4' title="bbox 343 681 1542 2673">
     <span class='ocr_line' id='line_1_4' title="bbox 507 681 1540 765; baseline -0.003 -18"><span class='ocrx_word' id='word_1_8' title='bbox 507 682 788 747; x_wconf 86' lang='lat' dir='ltr'>Christo.</span> <span class='ocrx_word' id='word_1_9' title='bbox 879 681 1057 744; x_wconf 90' lang='lat' dir='ltr'>Ecce</span> <span class='ocrx_word' id='word_1_10' title='bbox 1101 683 1314 765; x_wconf 86' lang='lat' dir='ltr'>inquit</span> <span class='ocrx_word' id='word_1_11' title='bbox 1353 682 1540 762; x_wconf 86' lang='lat' dir='ltr'>virgo</span> 
     </span>
     <span class='ocr_line' id='line_1_5' title="bbox 346 770 1542 854; baseline -0.002 -20"><span class='ocrx_word' id='word_1_12' title='bbox 346 772 680 854; x_wconf 85' lang='lat' dir='ltr'>concipiet</span> <span class='ocrx_word' id='word_1_13' title='bbox 763 771 829 832; x_wconf 91' lang='lat' dir='ltr'>in</span> <span class='ocrx_word' id='word_1_14' title='bbox 919 779 1105 833; x_wconf 88' lang='lat' dir='ltr'>utero</span> <span class='ocrx_word' id='word_1_15' title='bbox 1187 779 1272 833; x_wconf 89' lang='lat' dir='ltr'>et·</span> <span class='ocrx_word' id='word_1_16' title='bbox 1329 770 1542 852; x_wconf 88' lang='lat' dir='ltr'>pariet</span> 
     </span>
     <span class='ocr_line' id='line_1_6' title="bbox 345 858 1540 939; baseline -0.002 -17"><span class='ocrx_word' id='word_1_17' title='bbox 345 861 556 924; x_wconf 87' lang='lat' dir='ltr'>filium</span> <span class='ocrx_word' id='word_1_18' title='bbox 584 882 600 924; x_wconf 76' lang='grc' dir='ltr'><strong><em>ε</em></strong></span> <span class='ocrx_word' id='word_1_19' title='bbox 643 869 714 923; x_wconf 90' lang='lat' dir='ltr'>et</span> <span class='ocrx_word' id='word_1_20' title='bbox 743 858 1086 921; x_wconf 88' lang='lat' dir='ltr'>vocabitur</span> <span class='ocrx_word' id='word_1_21' title='bbox 1123 878 1367 922; x_wconf 88' lang='lat' dir='ltr'>nomen</span> <span class='ocrx_word' id='word_1_22' title='bbox 1397 858 1540 939; x_wconf 89' lang='lat' dir='ltr'>ejus</span> 
     </span>
     <span class='ocr_line' id='line_1_7' title="bbox 345 947 1538 1031; baseline -0.002 -19"><span class='ocrx_word' id='word_1_23' title='bbox 345 947 654 1012; x_wconf 82' lang='lat' dir='ltr'>emanuel</span> <span class='ocrx_word' id='word_1_24' title='bbox 684 947 864 1031; x_wconf 88' lang='lat' dir='ltr'>quod</span> <span class='ocrx_word' id='word_1_25' title='bbox 897 956 998 1010; x_wconf 90' lang='lat' dir='ltr'>est</span> <span class='ocrx_word' id='word_1_26' title='bbox 1037 947 1538 1029; x_wconf 88' lang='lat' dir='ltr'>interpretatum</span> 
     </span>
     <span class='ocr_line' id='line_1_8' title="bbox 345 1035 1538 1102; baseline -0.003 -2"><span class='ocrx_word' id='word_1_27' title='bbox 345 1038 694 1102; x_wconf 88' lang='lat' dir='ltr'>nobiscum</span> <span class='ocrx_word' id='word_1_28' title='bbox 768 1035 947 1098; x_wconf 80' lang='lat' dir='ltr'>deus,</span> <span class='ocrx_word' id='word_1_29' title='bbox 1079 1035 1385 1099; x_wconf 84' lang='lat' dir='ltr'>Accedat</span> <span class='ocrx_word' id='word_1_30' title='bbox 1471 1043 1538 1098; x_wconf 89' lang='lat' dir='ltr'>et</span> 
     </span>
     <span class='ocr_line' id='line_1_9' title="bbox 343 1123 1539 1188; baseline -0.002 0"><span class='ocrx_word' id='word_1_31' title='bbox 343 1125 516 1188; x_wconf 86' lang='lat' dir='ltr'>alius</span> <span class='ocrx_word' id='word_1_32' title='bbox 561 1125 791 1188; x_wconf 88' lang='lat' dir='ltr'>testis:</span> <span class='ocrx_word' id='word_1_33' title='bbox 840 1124 966 1187; x_wconf 93' lang='lat' dir='ltr'>Dic</span> <span class='ocrx_word' id='word_1_34' title='bbox 997 1131 1065 1186; x_wconf 91' lang='lat' dir='ltr'>et</span> <span class='ocrx_word' id='word_1_35' title='bbox 1108 1131 1182 1186; x_wconf 88' lang='lat' dir='ltr'>tu</span> <span class='ocrx_word' id='word_1_36' title='bbox 1224 1123 1539 1188; x_wconf 82' lang='lat' dir='ltr'>hieremia</span> 
     </span>
     <span class='ocr_line' id='line_1_10' title="bbox 343 1211 1539 1281; baseline -0.003 -3"><span class='ocrx_word' id='word_1_37' title='bbox 343 1211 840 1281; x_wconf 82' lang='lat' dir='ltr'>testimonium²</span> <span class='ocrx_word' id='word_1_38' title='bbox 878 1211 1156 1276; x_wconf 81' lang='lat' dir='ltr'>Christe.</span> <span class='ocrx_word' id='word_1_39' title='bbox 1252 1211 1382 1275; x_wconf 92' lang='lat' dir='ltr'>Hic</span> <span class='ocrx_word' id='word_1_40' title='bbox 1434 1219 1539 1274; x_wconf 91' lang='lat' dir='ltr'>est</span> 
     </span>
     <span class='ocr_line' id='line_1_11' title="bbox 347 1296 1536 1384; baseline -0.003 -19"><span class='ocrx_word' id='word_1_41' title='bbox 347 1302 567 1384; x_wconf 88' lang='lat' dir='ltr'>inquit</span> <span class='ocrx_word' id='word_1_42' title='bbox 594 1301 759 1364; x_wconf 87' lang='lat' dir='ltr'>deus</span> <span class='ocrx_word' id='word_1_43' title='bbox 767 1345 778 1377; x_wconf 71' lang='lat' dir='ltr'><em>s</em></span> <span class='ocrx_word' id='word_1_44' title='bbox 801 1298 1064 1364; x_wconf 82' lang='lat' dir='ltr'>no&#39;ster:</span> <span class='ocrx_word' id='word_1_45' title='bbox 1107 1307 1174 1362; x_wconf 92' lang='lat' dir='ltr'>et</span> <span class='ocrx_word' id='word_1_46' title='bbox 1219 1319 1352 1363; x_wconf 91' lang='lat' dir='ltr'>non</span> <span class='ocrx_word' id='word_1_47' title='bbox 1384 1296 1536 1363; x_wconf 75' lang='lat' dir='ltr'>&#39;esti-</span> 
     </span>
     <span class='ocr_line' id='line_1_12' title="bbox 344 1387 1536 1471; baseline -0.003 -18"><span class='ocrx_word' id='word_1_48' title='bbox 344 1390 636 1453; x_wconf 88' lang='lat' dir='ltr'>mabitur</span> <span class='ocrx_word' id='word_1_49' title='bbox 661 1389 830 1452; x_wconf 87' lang='lat' dir='ltr'>alius</span> <span class='ocrx_word' id='word_1_50' title='bbox 861 1389 1111 1471; x_wconf 88' lang='lat' dir='ltr'>absque</span> <span class='ocrx_word' id='word_1_51' title='bbox 1141 1388 1268 1452; x_wconf 90' lang='lat' dir='ltr'>illo.</span> <span class='ocrx_word' id='word_1_52' title='bbox 1361 1387 1536 1452; x_wconf 90' lang='lat' dir='ltr'>Ecce</span> 
     </span>
     <span class='ocr_line' id='line_1_13' title="bbox 343 1477 1533 1559; baseline 0 -18"><span class='ocrx_word' id='word_1_53' title='bbox 343 1478 483 1541; x_wconf 90' lang='lat' dir='ltr'>duo</span> <span class='ocrx_word' id='word_1_54' title='bbox 513 1486 716 1542; x_wconf 86' lang='lat' dir='ltr'>testes</span> <span class='ocrx_word' id='word_1_55' title='bbox 753 1477 972 1541; x_wconf 90' lang='lat' dir='ltr'>idonei</span> <span class='ocrx_word' id='word_1_56' title='bbox 1003 1497 1091 1540; x_wconf 91' lang='lat' dir='ltr'>ex</span> <span class='ocrx_word' id='word_1_57' title='bbox 1127 1477 1272 1559; x_wconf 88' lang='lat' dir='ltr'>lege</span> <span class='ocrx_word' id='word_1_58' title='bbox 1300 1487 1533 1541; x_wconf 87' lang='lat' dir='ltr'>vestra.</span> 
     </span>
     <span class='ocr_line' id='line_1_14' title="bbox 349 1564 1534 1648; baseline -0.004 -16"><span class='ocrx_word' id='word_1_59' title='bbox 349 1567 485 1632; x_wconf 89' lang='lat' dir='ltr'>Sed</span> <span class='ocrx_word' id='word_1_60' title='bbox 506 1566 616 1630; x_wconf 88' lang='lat' dir='ltr'>alii</span> <span class='ocrx_word' id='word_1_61' title='bbox 631 1576 837 1648; x_wconf 86' lang='lat' dir='ltr'>atque</span> <span class='ocrx_word' id='word_1_62' title='bbox 859 1565 967 1628; x_wconf 87' lang='lat' dir='ltr'>alii</span> <span class='ocrx_word' id='word_1_63' title='bbox 993 1585 1080 1628; x_wconf 90' lang='lat' dir='ltr'>ex</span> <span class='ocrx_word' id='word_1_64' title='bbox 1112 1565 1258 1648; x_wconf 86' lang='lat' dir='ltr'>lege</span> <span class='ocrx_word' id='word_1_65' title='bbox 1290 1564 1534 1629; x_wconf 88' lang='lat' dir='ltr'>Christi</span> 
     </span>
     <span class='ocr_line' id='line_1_15' title="bbox 344 1653 1533 1719; baseline -0.001 -1"><span class='ocrx_word' id='word_1_66' title='bbox 344 1664 552 1718; x_wconf 88' lang='lat' dir='ltr'>testes</span> <span class='ocrx_word' id='word_1_67' title='bbox 593 1654 1130 1719; x_wconf 82' lang='lat' dir='ltr'>introducantur:</span> <span class='ocrx_word' id='word_1_68' title='bbox 1175 1663 1250 1718; x_wconf 91' lang='lat' dir='ltr'>ut</span> <span class='ocrx_word' id='word_1_69' title='bbox 1287 1653 1533 1717; x_wconf 81' lang='lat' dir='ltr'>frontes</span> 
     </span>
     <span class='ocr_line' id='line_1_16' title="bbox 346 1743 1536 1807; baseline -0.002 -1"><span class='ocrx_word' id='word_1_70' title='bbox 346 1743 730 1807; x_wconf 85' lang='lat' dir='ltr'>durissime⁸</span> <span class='ocrx_word' id='word_1_71' title='bbox 806 1743 1216 1805; x_wconf 88' lang='lat' dir='ltr'>inimicorum</span> <span class='ocrx_word' id='word_1_72' title='bbox 1311 1751 1536 1805; x_wconf 91' lang='lat' dir='ltr'>conte-</span> 
     </span>
     <span class='ocr_line' id='line_1_17' title="bbox 344 1830 1536 1912; baseline 0 -18"><span class='ocrx_word' id='word_1_73' title='bbox 344 1841 589 1895; x_wconf 86' lang='lat' dir='ltr'>rantur.</span> <span class='ocrx_word' id='word_1_74' title='bbox 633 1831 748 1896; x_wconf 80' lang='lat' dir='ltr'>Re.</span> <span class='ocrx_word' id='word_1_75' title='bbox 781 1830 988 1912; x_wconf 86' lang='lat' dir='ltr'>Virgo</span> <span class='ocrx_word' id='word_1_76' title='bbox 1008 1830 1194 1893; x_wconf 90' lang='lat' dir='ltr'>israel</span> <span class='ocrx_word' id='word_1_77' title='bbox 1217 1841 1536 1894; x_wconf 88' lang='lat' dir='ltr'>revertere</span> 
     </span>
     <span class='ocr_line' id='line_1_18' title="bbox 344 1919 1532 2001; baseline -0.002 -19"><span class='ocrx_word' id='word_1_78' title='bbox 344 1921 416 1982; x_wconf 89' lang='lat' dir='ltr'>in</span> <span class='ocrx_word' id='word_1_79' title='bbox 462 1921 759 1984; x_wconf 88' lang='lat' dir='ltr'>civitates</span> <span class='ocrx_word' id='word_1_80' title='bbox 817 1927 966 1983; x_wconf 86' lang='lat' dir='ltr'>tuas</span> <span class='ocrx_word' id='word_1_81' title='bbox 1013 1938 1355 2001; x_wconf 90' lang='lat' dir='ltr'>usquequo</span> <span class='ocrx_word' id='word_1_82' title='bbox 1414 1919 1532 1981; x_wconf 93' lang='lat' dir='ltr'>do-</span> 
     </span>
     <span class='ocr_line' id='line_1_19' title="bbox 345 2006 1535 2072; baseline -0.002 -2"><span class='ocrx_word' id='word_1_83' title='bbox 345 2007 491 2071; x_wconf 90' lang='lat' dir='ltr'>lens</span> <span class='ocrx_word' id='word_1_84' title='bbox 515 2006 839 2072; x_wconf 86' lang='lat' dir='ltr'>averteris.</span> <span class='ocrx_word' id='word_1_85' title='bbox 932 2006 1293 2071; x_wconf 89' lang='lat' dir='ltr'>Generabis</span> <span class='ocrx_word' id='word_1_86' title='bbox 1325 2007 1535 2070; x_wconf 92' lang='lat' dir='ltr'>domi-</span> 
     </span>
     <span class='ocr_line' id='line_1_20' title="bbox 347 2095 1536 2160; baseline -0.002 0"><span class='ocrx_word' id='word_1_87' title='bbox 347 2116 509 2160; x_wconf 87' lang='lat' dir='ltr'>num</span> <span class='ocrx_word' id='word_1_88' title='bbox 540 2096 933 2160; x_wconf 89' lang='lat' dir='ltr'>salvatorem</span> <span class='ocrx_word' id='word_1_89' title='bbox 970 2095 1376 2158; x_wconf 88' lang='lat' dir='ltr'>oblationem</span> <span class='ocrx_word' id='word_1_90' title='bbox 1420 2115 1536 2158; x_wconf 87' lang='lat' dir='ltr'>no·-</span> 
     </span>
     <span class='ocr_line' id='line_1_21' title="bbox 345 2182 1535 2248; baseline -0.002 0"><span class='ocrx_word' id='word_1_91' title='bbox 345 2205 501 2248; x_wconf 89' lang='lat' dir='ltr'>vam</span> <span class='ocrx_word' id='word_1_92' title='bbox 533 2186 598 2248; x_wconf 91' lang='lat' dir='ltr'>in</span> <span class='ocrx_word' id='word_1_93' title='bbox 631 2194 804 2248; x_wconf 87' lang='lat' dir='ltr'>terra</span> <span class='ocrx_word' id='word_1_94' title='bbox 844 2182 1277 2247; x_wconf 86' lang='lat' dir='ltr'>ambulabunt</span> <span class='ocrx_word' id='word_1_95' title='bbox 1323 2182 1535 2246; x_wconf 90' lang='lat' dir='ltr'>homi·-</span> 
     </span>
     <span class='ocr_line' id='line_1_22' title="bbox 347 2271 1535 2357; baseline -0.003 -21"><span class='ocrx_word' id='word_1_96' title='bbox 347 2294 466 2336; x_wconf 89' lang='lat' dir='ltr'>nes</span> <span class='ocrx_word' id='word_1_97' title='bbox 498 2273 564 2336; x_wconf 91' lang='lat' dir='ltr'>in</span> <span class='ocrx_word' id='word_1_98' title='bbox 589 2272 1038 2336; x_wconf 88' lang='lat' dir='ltr'>salvationem.</span> <span class='ocrx_word' id='word_1_99' title='bbox 1129 2289 1176 2357; x_wconf 66' lang='lat' dir='ltr'>y</span> <span class='ocrx_word' id='word_1_100' title='bbox 1222 2271 1302 2334; x_wconf 92' lang='lat' dir='ltr'>In</span> <span class='ocrx_word' id='word_1_101' title='bbox 1329 2271 1535 2335; x_wconf 90' lang='lat' dir='ltr'>chari-</span> 
     </span>
     <span class='ocr_line' id='line_1_23' title="bbox 346 2360 1537 2444; baseline -0.001 -19"><span class='ocrx_word' id='word_1_102' title='bbox 346 2371 487 2426; x_wconf 87' lang='lat' dir='ltr'>tate</span> <span class='ocrx_word' id='word_1_103' title='bbox 559 2370 878 2444; x_wconf 87' lang='lat' dir='ltr'>perpetua</span> <span class='ocrx_word' id='word_1_104' title='bbox 950 2360 1156 2423; x_wconf 87' lang='lat' dir='ltr'>dilexi</span> <span class='ocrx_word' id='word_1_105' title='bbox 1243 2369 1311 2423; x_wconf 89' lang='lat' dir='ltr'>te</span> <span class='ocrx_word' id='word_1_106' title='bbox 1385 2361 1537 2424; x_wconf 90' lang='lat' dir='ltr'>ideo</span> 
     </span>
     <span class='ocr_line' id='line_1_24' title="bbox 344 2447 1536 2514; baseline -0.001 -1"><span class='ocrx_word' id='word_1_107' title='bbox 344 2453 596 2514; x_wconf 88' lang='lat' dir='ltr'>attraxi</span> <span class='ocrx_word' id='word_1_108' title='bbox 639 2459 706 2513; x_wconf 89' lang='lat' dir='ltr'>te</span> <span class='ocrx_word' id='word_1_109' title='bbox 748 2451 1081 2512; x_wconf 66' lang='lat' dir='ltr'>miserans</span> <span class='ocrx_word' id='word_1_110' title='bbox 1159 2447 1536 2513; x_wconf 81' lang='lat' dir='ltr'>GenerabiS.</span> 
     </span>
     <span class='ocr_line' id='line_1_25' title="bbox 344 2535 1536 2673; baseline 0 -72"><span class='ocrx_word' id='word_1_111' title='bbox 344 2539 563 2673; x_wconf 83' lang='lat' dir='ltr'>Dic</span> <span class='ocrx_word' id='word_1_112' title='bbox 622 2548 849 2603; x_wconf 90' lang='lat' dir='ltr'>sancte</span> <span class='ocrx_word' id='word_1_113' title='bbox 907 2536 1128 2601; x_wconf 89' lang='lat' dir='ltr'>daniel</span> <span class='ocrx_word' id='word_1_114' title='bbox 1177 2535 1420 2621; x_wconf 82' lang='lat' dir='ltr'>[Lectio</span> <span class='ocrx_word' id='word_1_115' title='bbox 1449 2537 1536 2620; x_wconf 84' lang='lat' dir='ltr'>vj.</span> 
     </span>
    </p>

    <p class='ocr_par' dir='ltr' id='par_1_5' title="bbox 335 2626 1535 4286">
     <span class='ocr_line' id='line_1_26' title="bbox 503 2626 1534 2709; baseline -0.001 -19"><span class='ocrx_word' id='word_1_116' title='bbox 503 2628 588 2690; x_wconf 94' lang='lat' dir='ltr'>de</span> <span class='ocrx_word' id='word_1_117' title='bbox 609 2628 874 2694; x_wconf 87' lang='lat' dir='ltr'>Christo</span> <span class='ocrx_word' id='word_1_118' title='bbox 893 2626 1072 2709; x_wconf 90' lang='lat' dir='ltr'>quod</span> <span class='ocrx_word' id='word_1_119' title='bbox 1092 2628 1283 2690; x_wconf 89' lang='lat' dir='ltr'>nosti.</span> <span class='ocrx_word' id='word_1_120' title='bbox 1364 2626 1534 2691; x_wconf 90' lang='lat' dir='ltr'>Cum</span> 
     </span>
     <span class='ocr_line' id='line_1_27' title="bbox 345 2716 1534 2797; baseline -0.002 -18"><span class='ocrx_word' id='word_1_121' title='bbox 345 2718 598 2780; x_wconf 90' lang='lat' dir='ltr'>venerit</span> <span class='ocrx_word' id='word_1_122' title='bbox 657 2716 870 2797; x_wconf 89' lang='lat' dir='ltr'>inquit</span> <span class='ocrx_word' id='word_1_123' title='bbox 941 2722 1207 2778; x_wconf 88' lang='lat' dir='ltr'>sanctus</span> <span class='ocrx_word' id='word_1_124' title='bbox 1273 2724 1534 2779; x_wconf 88' lang='lat' dir='ltr'>sancto-</span> 
     </span>
     <span class='ocr_line' id='line_1_28' title="bbox 345 2802 1535 2869; baseline 0 -2"><span class='ocrx_word' id='word_1_125' title='bbox 345 2825 537 2869; x_wconf 90' lang='lat' dir='ltr'>rum:</span> <span class='ocrx_word' id='word_1_126' title='bbox 593 2803 874 2868; x_wconf 86' lang='lat' dir='ltr'>cessabit</span> <span class='ocrx_word' id='word_1_127' title='bbox 911 2802 1182 2865; x_wconf 84' lang='lat' dir='ltr'>uncti0.⁴</span> <span class='ocrx_word' id='word_1_128' title='bbox 1285 2803 1412 2866; x_wconf 89' lang='lat' dir='ltr'>Dic</span> <span class='ocrx_word' id='word_1_129' title='bbox 1466 2811 1535 2867; x_wconf 85' lang='lat' dir='ltr'>et</span> 
     </span>
     <span class='ocr_line' id='line_1_29' title="bbox 345 2890 1532 2975; baseline -0.002 -18"><span class='ocrx_word' id='word_1_130' title='bbox 345 2901 420 2957; x_wconf 88' lang='lat' dir='ltr'>tu</span> <span class='ocrx_word' id='word_1_131' title='bbox 455 2913 716 2975; x_wconf 88' lang='lat' dir='ltr'>moyses</span> <span class='ocrx_word' id='word_1_132' title='bbox 753 2892 917 2973; x_wconf 88' lang='lat' dir='ltr'>legis</span> <span class='ocrx_word' id='word_1_133' title='bbox 964 2890 1196 2954; x_wconf 79' lang='lat' dir='ltr'>dator⁶</span> <span class='ocrx_word' id='word_1_134' title='bbox 1231 2890 1373 2953; x_wconf 90' lang='lat' dir='ltr'>dux</span> <span class='ocrx_word' id='word_1_135' title='bbox 1415 2910 1532 2973; x_wconf 93' lang='lat' dir='ltr'>po-</span> 
     </span>
     <span class='ocr_line' id='line_1_30' title="bbox 345 2977 1533 3064; baseline 0 -20"><span class='ocrx_word' id='word_1_136' title='bbox 345 2982 484 3064; x_wconf 90' lang='lat' dir='ltr'>puli</span> <span class='ocrx_word' id='word_1_137' title='bbox 517 2982 707 3045; x_wconf 90' lang='lat' dir='ltr'>israel</span> <span class='ocrx_word' id='word_1_138' title='bbox 743 2977 1228 3044; x_wconf 80' lang='lat' dir='ltr'>testimonium⁶</span> <span class='ocrx_word' id='word_1_139' title='bbox 1254 2978 1533 3044; x_wconf 81' lang='lat' dir='ltr'>Christo,</span> 
     </span>
     <span class='ocr_line' id='line_1_31' title="bbox 347 3066 1535 3153; baseline -0.003 -21"><span class='ocrx_word' id='word_1_140' title='bbox 347 3069 748 3153; x_wconf 90' lang='lat' dir='ltr'>Prophetam</span> <span class='ocrx_word' id='word_1_141' title='bbox 767 3069 954 3132; x_wconf 91' lang='lat' dir='ltr'>vobis</span> <span class='ocrx_word' id='word_1_142' title='bbox 980 3067 1300 3131; x_wconf 85' lang='lat' dir='ltr'>excitabit</span> <span class='ocrx_word' id='word_1_143' title='bbox 1324 3066 1535 3130; x_wconf 90' lang='lat' dir='ltr'>domi-</span> 
     </span>
     <span class='ocr_line' id='line_1_32' title="bbox 341 3155 1532 3241; baseline -0.001 -19"><span class='ocrx_word' id='word_1_144' title='bbox 341 3180 469 3222; x_wconf 90' lang='lat' dir='ltr'>nus</span> <span class='ocrx_word' id='word_1_145' title='bbox 523 3160 736 3241; x_wconf 90' lang='lat' dir='ltr'>inquit</span> <span class='ocrx_word' id='word_1_146' title='bbox 782 3158 867 3221; x_wconf 91' lang='lat' dir='ltr'>de</span> <span class='ocrx_word' id='word_1_147' title='bbox 927 3155 1233 3219; x_wconf 88' lang='lat' dir='ltr'>fratribus</span> <span class='ocrx_word' id='word_1_148' title='bbox 1281 3156 1532 3221; x_wconf 78' lang='lat' dir='ltr'>vestris·</span> 
     </span>
     <span class='ocr_line' id='line_1_33' title="bbox 345 3244 1531 3311; baseline -0.004 -1"><span class='ocrx_word' id='word_1_149' title='bbox 345 3248 474 3311; x_wconf 91' lang='lat' dir='ltr'>Dic</span> <span class='ocrx_word' id='word_1_150' title='bbox 514 3256 742 3311; x_wconf 90' lang='lat' dir='ltr'>sancte</span> <span class='ocrx_word' id='word_1_151' title='bbox 786 3245 1024 3309; x_wconf 85' lang='lat' dir='ltr'>david:</span> <span class='ocrx_word' id='word_1_152' title='bbox 1085 3244 1191 3308; x_wconf 90' lang='lat' dir='ltr'>dic</span> <span class='ocrx_word' id='word_1_153' title='bbox 1237 3244 1531 3308; x_wconf 84' lang='lat' dir='ltr'>testimo·</span> 
     </span>
     <span class='ocr_line' id='line_1_34' title="bbox 339 3332 1530 3399; baseline -0.003 -1"><span class='ocrx_word' id='word_1_154' title='bbox 339 3336 528 3398; x_wconf 90' lang='lat' dir='ltr'>nium</span> <span class='ocrx_word' id='word_1_155' title='bbox 612 3336 976 3399; x_wconf 89' lang='lat' dir='ltr'>nativitatis</span> <span class='ocrx_word' id='word_1_156' title='bbox 1065 3332 1326 3397; x_wconf 88' lang='lat' dir='ltr'>Christi.</span> <span class='ocrx_word' id='word_1_157' title='bbox 1461 3332 1530 3395; x_wconf 87' lang='lat' dir='ltr'>A</span> 
     </span>
     <span class='ocr_line' id='line_1_35' title="bbox 337 3420 1528 3505; baseline -0.003 -18"><span class='ocrx_word' id='word_1_158' title='bbox 337 3444 606 3487; x_wconf 87' lang='lat' dir='ltr'>summo</span> <span class='ocrx_word' id='word_1_159' title='bbox 631 3424 772 3488; x_wconf 92' lang='lat' dir='ltr'>celo</span> <span class='ocrx_word' id='word_1_160' title='bbox 804 3423 1018 3505; x_wconf 91' lang='lat' dir='ltr'>inquit</span> <span class='ocrx_word' id='word_1_161' title='bbox 1049 3422 1336 3503; x_wconf 89' lang='lat' dir='ltr'>egressio</span> <span class='ocrx_word' id='word_1_162' title='bbox 1367 3420 1528 3503; x_wconf 82' lang='lat' dir='ltr'>ejuS.</span> 
     </span>
     <span class='ocr_line' id='line_1_36' title="bbox 345 3510 1528 3590; baseline -0.002 -15"><span class='ocrx_word' id='word_1_163' title='bbox 345 3513 474 3577; x_wconf 90' lang='lat' dir='ltr'>Dic</span> <span class='ocrx_word' id='word_1_164' title='bbox 519 3512 775 3576; x_wconf 90' lang='lat' dir='ltr'>adhuc:</span> <span class='ocrx_word' id='word_1_165' title='bbox 838 3511 918 3574; x_wconf 92' lang='lat' dir='ltr'>In</span> <span class='ocrx_word' id='word_1_166' title='bbox 964 3510 1104 3573; x_wconf 90' lang='lat' dir='ltr'>sole</span> <span class='ocrx_word' id='word_1_167' title='bbox 1148 3510 1369 3590; x_wconf 89' lang='lat' dir='ltr'>posuit</span> <span class='ocrx_word' id='word_1_168' title='bbox 1430 3518 1528 3573; x_wconf 90' lang='lat' dir='ltr'>ta-</span> 
     </span>
     <span class='ocr_line' id='line_1_37' title="bbox 337 3596 1531 3677; baseline -0.003 -12"><span class='ocrx_word' id='word_1_169' title='bbox 337 3601 766 3665; x_wconf 87' lang='lat' dir='ltr'>bernaculum</span> <span class='ocrx_word' id='word_1_170' title='bbox 815 3619 1024 3663; x_wconf 88' lang='lat' dir='ltr'>suum.</span> <span class='ocrx_word' id='word_1_171' title='bbox 1129 3598 1256 3662; x_wconf 89' lang='lat' dir='ltr'>Dic</span> <span class='ocrx_word' id='word_1_172' title='bbox 1315 3596 1531 3677; x_wconf 87' lang='lat' dir='ltr'>adhuc</span> 
     </span>
     <span class='ocr_line' id='line_1_38' title="bbox 339 3686 1530 3767; baseline -0.003 -14"><span class='ocrx_word' id='word_1_173' title='bbox 339 3691 428 3753; x_wconf 90' lang='lat' dir='ltr'>de</span> <span class='ocrx_word' id='word_1_174' title='bbox 482 3690 762 3754; x_wconf 81' lang='lat' dir='ltr'>Christo,</span> <span class='ocrx_word' id='word_1_175' title='bbox 852 3686 1256 3751; x_wconf 84' lang='lat' dir='ltr'>Adorabunt</span> <span class='ocrx_word' id='word_1_176' title='bbox 1317 3687 1530 3767; x_wconf 91' lang='lat' dir='ltr'>inquit</span> 
     </span>
     <span class='ocr_line' id='line_1_39' title="bbox 337 3771 1530 3858; baseline -0.004 -16"><span class='ocrx_word' id='word_1_177' title='bbox 337 3798 495 3842; x_wconf 91' lang='lat' dir='ltr'>eum</span> <span class='ocrx_word' id='word_1_178' title='bbox 526 3798 756 3842; x_wconf 91' lang='lat' dir='ltr'>omnes</span> <span class='ocrx_word' id='word_1_179' title='bbox 812 3796 996 3858; x_wconf 85' lang='lat' dir='ltr'>reges</span> <span class='ocrx_word' id='word_1_180' title='bbox 1045 3785 1253 3839; x_wconf 87' lang='lat' dir='ltr'>terre:</span> <span class='ocrx_word' id='word_1_181' title='bbox 1286 3771 1530 3838; x_wconf 76' lang='lat' dir='ltr'>&#39;omnes</span> 
     </span>
     <span class='ocr_line' id='line_1_40' title="bbox 339 3862 1530 3949; baseline -0.005 -18"><span class='ocrx_word' id='word_1_182' title='bbox 339 3876 574 3949; x_wconf 88' lang='lat' dir='ltr'>gentes</span> <span class='ocrx_word' id='word_1_183' title='bbox 619 3866 902 3929; x_wconf 87' lang='lat' dir='ltr'>servient</span> <span class='ocrx_word' id='word_1_184' title='bbox 953 3865 1030 3927; x_wconf 92' lang='lat' dir='ltr'>ei.</span> <span class='ocrx_word' id='word_1_185' title='bbox 1129 3863 1246 3927; x_wconf 74' lang='lat' dir='ltr'>Re.</span> <span class='ocrx_word' id='word_1_186' title='bbox 1305 3862 1530 3945; x_wconf 89' lang='lat' dir='ltr'>Juravi</span> 
     </span>
     <span class='ocr_line' id='line_1_41' title="bbox 337 3951 1530 4034; baseline -0.005 -15"><span class='ocrx_word' id='word_1_187' title='bbox 337 3957 504 4019; x_wconf 90' lang='lat' dir='ltr'>dicit</span> <span class='ocrx_word' id='word_1_188' title='bbox 547 3954 853 4018; x_wconf 88' lang='lat' dir='ltr'>dominus</span> <span class='ocrx_word' id='word_1_189' title='bbox 891 3962 964 4015; x_wconf 89' lang='lat' dir='ltr'>ut</span> <span class='ocrx_word' id='word_1_190' title='bbox 1010 3951 1181 4015; x_wconf 88' lang='lat' dir='ltr'>ultra</span> <span class='ocrx_word' id='word_1_191' title='bbox 1211 3952 1351 4034; x_wconf 89' lang='lat' dir='ltr'>jam</span> <span class='ocrx_word' id='word_1_192' title='bbox 1397 3971 1530 4014; x_wconf 92' lang='lat' dir='ltr'>non</span> 
     </span>
     <span class='ocr_line' id='line_1_42' title="bbox 338 4045 1534 4125; baseline -0.005 -18"><span class='ocrx_word' id='word_1_193' title='bbox 338 4045 583 4107; x_wconf 88' lang='lat' dir='ltr'>irascar</span> <span class='ocrx_word' id='word_1_194' title='bbox 640 4063 836 4125; x_wconf 88' lang='lat' dir='ltr'>super</span> <span class='ocrx_word' id='word_1_195' title='bbox 901 4052 1193 4105; x_wconf 89' lang='lat' dir='ltr'>terram:</span> <span class='ocrx_word' id='word_1_196' title='bbox 1271 4047 1534 4102; x_wconf 90' lang='lat' dir='ltr'>montes</span> 
     </span>
     <span class='ocr_line' id='line_1_43' title="bbox 335 4127 1532 4211; baseline -0.005 -15"><span class='ocrx_word' id='word_1_197' title='bbox 335 4134 517 4196; x_wconf 89' lang='lat' dir='ltr'>enim</span> <span class='ocrx_word' id='word_1_198' title='bbox 565 4139 634 4195; x_wconf 90' lang='lat' dir='ltr'>et</span> <span class='ocrx_word' id='word_1_199' title='bbox 685 4130 884 4195; x_wconf 88' lang='lat' dir='ltr'>colles</span> <span class='ocrx_word' id='word_1_200' title='bbox 938 4127 1298 4211; x_wconf 89' lang='lat' dir='ltr'>suscipient</span> <span class='ocrx_word' id='word_1_201' title='bbox 1340 4127 1532 4209; x_wconf 89' lang='lat' dir='ltr'>justi-</span> 
     </span>
     <span class='ocr_line' id='line_1_44' title="bbox 335 4218 1532 4286; baseline -0.005 -1"><span class='ocrx_word' id='word_1_202' title='bbox 335 4224 511 4286; x_wconf 90' lang='lat' dir='ltr'>ciam</span> <span class='ocrx_word' id='word_1_203' title='bbox 569 4240 807 4284; x_wconf 89' lang='lat' dir='ltr'>meam.</span> <span class='ocrx_word' id='word_1_204' title='bbox 919 4218 1010 4281; x_wconf 89' lang='lat' dir='ltr'>Et</span> <span class='ocrx_word' id='word_1_205' title='bbox 1057 4225 1532 4281; x_wconf 88' lang='lat' dir='ltr'>testamentum</span> 
     </span>
    </p>
   </div>
   <div class='ocr_carea' id='block_1_4' title="bbox 638 4418 1238 4602">
    <p class='ocr_par' dir='ltr' id='par_1_6' title="bbox 638 4418 1238 4602">
     <span class='ocr_line' id='line_1_45' title="bbox 640 4418 942 4469; baseline 0.003 -1"><span class='ocrx_word' id='word_1_206' title='bbox 640 4422 655 4451; x_wconf 89' lang='lat'>¹</span> <span class='ocrx_word' id='word_1_207' title='bbox 690 4418 846 4469; x_wconf 80' lang='lat' dir='ltr'>esaia:</span> <span class='ocrx_word' id='word_1_208' title='bbox 879 4419 942 4469; x_wconf 92' lang='lat' dir='ltr'>G.</span> 
     </span>
     <span class='ocr_line' id='line_1_46' title="bbox 638 4484 1238 4536; baseline -0.002 -1"><span class='ocrx_word' id='word_1_209' title='bbox 638 4488 660 4517; x_wconf 83' lang='lat'>²</span> <span class='ocrx_word' id='word_1_210' title='bbox 697 4486 819 4535; x_wconf 86' lang='lat' dir='ltr'>‘de’</span> <span class='ocrx_word' id='word_1_211' title='bbox 844 4484 978 4534; x_wconf 84' lang='lat' dir='ltr'>add:</span> <span class='ocrx_word' id='word_1_212' title='bbox 1014 4484 1238 4536; x_wconf 88' lang='lat' dir='ltr'>E.G.W.</span> 
     </span>
     <span class='ocr_line' id='line_1_47' title="bbox 640 4551 1075 4602; baseline -0.007 0"><span class='ocrx_word' id='word_1_213' title='bbox 640 4555 659 4584; x_wconf 79' lang='lat'><strong>³</strong></span> <span class='ocrx_word' id='word_1_214' title='bbox 689 4552 958 4602; x_wconf 82' lang='lat' dir='ltr'>durissimi:</span> <span class='ocrx_word' id='word_1_215' title='bbox 993 4551 1075 4599; x_wconf 89' lang='lat' dir='ltr'>W.</span> 
     </span>
    </p>
   </div>
   <div class='ocr_carea' id='block_1_5' title="bbox 2181 487 2285 541">
    <p class='ocr_par' dir='ltr' id='par_1_7' title="bbox 2181 487 2285 541">
     <span class='ocr_line' id='line_1_48' title="bbox 2181 487 2285 541; baseline -0.01 0"><span class='ocrx_word' id='word_1_216' title='bbox 2181 487 2285 541; x_wconf 81' lang='lat'>62</span> 
     </span>
    </p>
   </div>
   <div class='ocr_carea' id='block_1_6' title="bbox 1628 589 2835 4301">
    <p class='ocr_par' dir='ltr' id='par_1_8' title="bbox 1633 589 2835 922">
     <span class='ocr_line' id='line_1_49' title="bbox 1643 589 2835 677; baseline 0.003 -23"><span class='ocrx_word' id='word_1_217' title='bbox 1643 589 1826 674; x_wconf 88' lang='lat' dir='ltr'>pacis</span> <span class='ocrx_word' id='word_1_218' title='bbox 1854 593 1977 656; x_wconf 86' lang='lat' dir='ltr'>erit</span> <span class='ocrx_word' id='word_1_219' title='bbox 2009 594 2074 656; x_wconf 91' lang='lat' dir='ltr'>in</span> <span class='ocrx_word' id='word_1_220' title='bbox 2105 591 2515 656; x_wconf 89' lang='lat' dir='ltr'>hierusalem.</span> <span class='ocrx_word' id='word_1_221' title='bbox 2585 593 2638 669; x_wconf 73' lang='grc' dir='ltr'><strong><em>Ϋ</em></strong></span> <span class='ocrx_word' id='word_1_222' title='bbox 2666 595 2835 677; x_wconf 91' lang='lat' dir='ltr'>Jux-</span> 
     </span>
     <span class='ocr_line' id='line_1_50' title="bbox 1641 681 2835 748; baseline 0.006 -6"><span class='ocrx_word' id='word_1_223' title='bbox 1641 690 1713 743; x_wconf 90' lang='lat' dir='ltr'>ta</span> <span class='ocrx_word' id='word_1_224' title='bbox 1753 690 1853 744; x_wconf 91' lang='lat' dir='ltr'>est</span> <span class='ocrx_word' id='word_1_225' title='bbox 1903 681 2077 744; x_wconf 89' lang='lat' dir='ltr'>salus</span> <span class='ocrx_word' id='word_1_226' title='bbox 2132 702 2281 745; x_wconf 90' lang='lat' dir='ltr'>mea</span> <span class='ocrx_word' id='word_1_227' title='bbox 2326 690 2401 745; x_wconf 93' lang='lat' dir='ltr'>ut</span> <span class='ocrx_word' id='word_1_228' title='bbox 2437 685 2702 748; x_wconf 88' lang='lat' dir='ltr'>veniat:</span> <span class='ocrx_word' id='word_1_229' title='bbox 2766 695 2835 748; x_wconf 91' lang='lat' dir='ltr'>et</span> 
     </span>
     <span class='ocr_line' id='line_1_51' title="bbox 1633 768 2831 849; baseline 0.007 -19"><span class='ocrx_word' id='word_1_230' title='bbox 1633 768 1903 849; x_wconf 88' lang='lat' dir='ltr'>justicia</span> <span class='ocrx_word' id='word_1_231' title='bbox 1962 790 2112 834; x_wconf 89' lang='lat' dir='ltr'>mea</span> <span class='ocrx_word' id='word_1_232' title='bbox 2170 780 2245 834; x_wconf 90' lang='lat' dir='ltr'>ut</span> <span class='ocrx_word' id='word_1_233' title='bbox 2289 773 2627 836; x_wconf 89' lang='lat' dir='ltr'>reveletur.</span> <span class='ocrx_word' id='word_1_234' title='bbox 2720 774 2831 838; x_wconf 90' lang='lat' dir='ltr'>Et.</span> 
     </span>
     <span class='ocr_line' id='line_1_52' title="bbox 1643 856 2085 922; baseline 0.007 -3"><span class='ocrx_word' id='word_1_235' title='bbox 1643 856 1885 921; x_wconf 90' lang='lat' dir='ltr'>Gloria.</span> <span class='ocrx_word' id='word_1_236' title='bbox 1977 858 2085 922; x_wconf 85' lang='lat' dir='ltr'>Et.</span> 
     </span>
    </p>

    <p class='ocr_par' dir='ltr' id='par_1_9' title="bbox 1631 944 2835 1430">
     <span class='ocr_line' id='line_1_53' title="bbox 1727 944 2833 1032; baseline 0.006 -25"><span class='ocrx_word' id='word_1_237' title='bbox 1727 944 1810 1008; x_wconf 90' lang='lat' dir='ltr'>In</span> <span class='ocrx_word' id='word_1_238' title='bbox 1844 945 1931 1028; x_wconf 77' lang='lat' dir='ltr'>iij</span> <span class='ocrx_word' id='word_1_239' title='bbox 1952 957 2256 1011; x_wconf 83' lang='lat' dir='ltr'>nocturno</span> <span class='ocrx_word' id='word_1_240' title='bbox 2283 957 2389 1012; x_wconf 73' lang='lat' dir='ltr'>aii.</span> <span class='ocrx_word' id='word_1_241' title='bbox 2452 950 2611 1013; x_wconf 91' lang='lat' dir='ltr'>Nox</span> <span class='ocrx_word' id='word_1_242' title='bbox 2644 971 2833 1032; x_wconf 89' lang='lat' dir='ltr'>prae-</span> 
     </span>
     <span class='ocr_line' id='line_1_54' title="bbox 1640 1035 2833 1117; baseline 0.007 -22"><span class='ocrx_word' id='word_1_243' title='bbox 1640 1035 1851 1097; x_wconf 88' lang='lat' dir='ltr'>cessit.</span> <span class='ocrx_word' id='word_1_244' title='bbox 1944 1045 2045 1117; x_wconf 63' lang='lat' dir='ltr'>pJ.</span> <span class='ocrx_word' id='word_1_245' title='bbox 2148 1035 2292 1100; x_wconf 91' lang='lat' dir='ltr'>Celi</span> <span class='ocrx_word' id='word_1_246' title='bbox 2366 1049 2691 1102; x_wconf 88' lang='lat' dir='ltr'>enarrant.</span> <span class='ocrx_word' id='word_1_247' title='bbox 2780 1038 2833 1114; x_wconf 74' lang='grc' dir='ltr'><strong><em>Ϋ</em></strong></span> 
     </span>
     <span class='ocr_line' id='line_1_55' title="bbox 1641 1121 2833 1204; baseline 0.006 -20"><span class='ocrx_word' id='word_1_248' title='bbox 1641 1121 2039 1204; x_wconf 89' lang='lat' dir='ltr'>Egredietur</span> <span class='ocrx_word' id='word_1_249' title='bbox 2110 1124 2435 1190; x_wconf 66' lang='lat' dir='ltr'>dominus</span> <span class='ocrx_word' id='word_1_250' title='bbox 2569 1126 2833 1192; x_wconf 91' lang='lat' dir='ltr'>Veniet.</span> 
     </span>
     <span class='ocr_line' id='line_1_56' title="bbox 1639 1209 2391 1294; baseline 0.003 -19"><span class='ocrx_word' id='word_1_251' title='bbox 1639 1209 2006 1275; x_wconf 82' lang='lat' dir='ltr'>Secundum</span> <span class='ocrx_word' id='word_1_252' title='bbox 2018 1212 2391 1294; x_wconf 73' lang='lat' dir='ltr'>johannem.</span> 
     </span>
     <span class='ocr_line' id='line_1_57' title="bbox 1631 1298 2835 1430; baseline 0.006 -70"><span class='ocrx_word' id='word_1_253' title='bbox 1631 1301 1727 1430; x_wconf 82' lang='lat' dir='ltr'><em>l</em></span> <span class='ocrx_word' id='word_1_254' title='bbox 1742 1318 1784 1361; x_wconf 93' lang='lat' dir='ltr'>n</span> <span class='ocrx_word' id='word_1_255' title='bbox 1817 1298 1931 1362; x_wconf 91' lang='lat' dir='ltr'>illo</span> <span class='ocrx_word' id='word_1_256' title='bbox 1974 1310 2312 1383; x_wconf 87' lang='lat' dir='ltr'>ternpore:</span> <span class='ocrx_word' id='word_1_257' title='bbox 2360 1301 2685 1367; x_wconf 88' lang='lat' dir='ltr'>Miserunt</span> <span class='ocrx_word' id='word_1_258' title='bbox 2723 1303 2835 1387; x_wconf 87' lang='lat' dir='ltr'>ju-</span> 
     </span>
    </p>

    <p class='ocr_par' dir='ltr' id='par_1_10' title="bbox 1633 1387 2833 1735">
     <span class='ocr_line' id='line_1_58' title="bbox 1722 1387 2833 1470; baseline 0.006 -21"><span class='ocrx_word' id='word_1_259' title='bbox 1722 1387 1828 1450; x_wconf 91' lang='lat' dir='ltr'>dei</span> <span class='ocrx_word' id='word_1_260' title='bbox 1862 1388 1948 1450; x_wconf 89' lang='lat' dir='ltr'>ab</span> <span class='ocrx_word' id='word_1_261' title='bbox 1973 1387 2429 1470; x_wconf 89' lang='lat' dir='ltr'>hierosolymis</span> <span class='ocrx_word' id='word_1_262' title='bbox 2454 1393 2833 1456; x_wconf 89' lang='lat' dir='ltr'>sacerdotes</span> 
     </span>
     <span class='ocr_line' id='line_1_59' title="bbox 1635 1474 2830 1559; baseline 0.007 -23"><span class='ocrx_word' id='word_1_263' title='bbox 1635 1484 1703 1537; x_wconf 91' lang='lat' dir='ltr'>et</span> <span class='ocrx_word' id='word_1_264' title='bbox 1748 1474 1983 1539; x_wconf 89' lang='lat' dir='ltr'>levitas</span> <span class='ocrx_word' id='word_1_265' title='bbox 2027 1477 2113 1540; x_wconf 92' lang='lat' dir='ltr'>ad</span> <span class='ocrx_word' id='word_1_266' title='bbox 2154 1477 2561 1559; x_wconf 89' lang='lat' dir='ltr'>johannem:</span> <span class='ocrx_word' id='word_1_267' title='bbox 2608 1490 2683 1543; x_wconf 89' lang='lat' dir='ltr'>ut</span> <span class='ocrx_word' id='word_1_268' title='bbox 2729 1482 2830 1543; x_wconf 89' lang='lat' dir='ltr'>in-</span> 
     </span>
     <span class='ocr_line' id='line_1_60' title="bbox 1633 1566 2833 1652; baseline 0.007 -27"><span class='ocrx_word' id='word_1_269' title='bbox 1633 1570 2045 1645; x_wconf 85' lang='lat' dir='ltr'>terrogarent</span> <span class='ocrx_word' id='word_1_270' title='bbox 2096 1586 2267 1630; x_wconf 88' lang='lat' dir='ltr'>eum.</span> <span class='ocrx_word' id='word_1_271' title='bbox 2357 1566 2463 1631; x_wconf 91' lang='lat' dir='ltr'>Tu</span> <span class='ocrx_word' id='word_1_272' title='bbox 2510 1570 2657 1652; x_wconf 91' lang='lat' dir='ltr'>quis</span> <span class='ocrx_word' id='word_1_273' title='bbox 2710 1570 2833 1634; x_wconf 77' lang='lat' dir='ltr'>es?</span> 
     </span>
     <span class='ocr_line' id='line_1_61' title="bbox 1635 1651 2023 1735; baseline 0.005 -21"><span class='ocrx_word' id='word_1_274' title='bbox 1635 1651 1727 1715; x_wconf 91' lang='lat' dir='ltr'>Et</span> <span class='ocrx_word' id='word_1_275' title='bbox 1760 1652 2023 1735; x_wconf 88' lang='lat' dir='ltr'>reliqua.</span> 
     </span>
    </p>

    <p class='ocr_par' dir='ltr' id='par_1_11' title="bbox 1727 1735 2682 1827">
     <span class='ocr_line' id='line_1_62' title="bbox 1727 1735 2682 1827; baseline 0.003 -23"><span class='ocrx_word' id='word_1_276' title='bbox 1727 1741 1981 1804; x_wconf 80' lang='lat' dir='ltr'>Omelia</span> <span class='ocrx_word' id='word_1_277' title='bbox 2010 1741 2180 1806; x_wconf 84' lang='lat' dir='ltr'>beati</span> <span class='ocrx_word' id='word_1_278' title='bbox 2195 1735 2489 1824; x_wconf 70' lang='lat' dir='ltr'>gregorii</span> <span class='ocrx_word' id='word_1_279' title='bbox 2500 1754 2682 1827; x_wconf 84' lang='lat' dir='ltr'>pape.</span> 
     </span>
    </p>

    <p class='ocr_par' dir='ltr' id='par_1_12' title="bbox 1785 1828 2831 1915">
     <span class='ocr_line' id='line_1_63' title="bbox 1785 1828 2831 1915; baseline 0.007 -25"><span class='ocrx_word' id='word_1_280' title='bbox 1785 1850 1835 1891; x_wconf 90' lang='lat' dir='ltr'>x</span> <span class='ocrx_word' id='word_1_281' title='bbox 1901 1828 2096 1912; x_wconf 89' lang='lat' dir='ltr'>hujus</span> <span class='ocrx_word' id='word_1_282' title='bbox 2172 1831 2363 1894; x_wconf 89' lang='lat' dir='ltr'>nobis</span> <span class='ocrx_word' id='word_1_283' title='bbox 2428 1831 2669 1914; x_wconf 73' lang='lat' dir='ltr'>[Lectio</span> <span class='ocrx_word' id='word_1_284' title='bbox 2713 1833 2831 1915; x_wconf 62' lang='lat' dir='ltr'>vij.</span> 
     </span>
    </p>

    <p class='ocr_par' dir='ltr' id='par_1_13' title="bbox 1628 1917 2831 3464">
     <span class='ocr_line' id='line_1_64' title="bbox 1784 1917 2831 1985; baseline 0.005 -5"><span class='ocrx_word' id='word_1_285' title='bbox 1784 1917 2083 1981; x_wconf 88' lang='lat' dir='ltr'>lectionis</span> <span class='ocrx_word' id='word_1_286' title='bbox 2128 1919 2345 1982; x_wconf 90' lang='lat' dir='ltr'>verbis</span> <span class='ocrx_word' id='word_1_287' title='bbox 2392 1918 2622 1984; x_wconf 84' lang='lat' dir='ltr'>fratres</span> <span class='ocrx_word' id='word_1_288' title='bbox 2674 1920 2831 1985; x_wconf 89' lang='lat' dir='ltr'>cha-</span> 
     </span>
     <span class='ocr_line' id='line_1_65' title="bbox 1635 2005 2830 2089; baseline 0.005 -22"><span class='ocrx_word' id='word_1_289' title='bbox 1635 2005 1872 2068; x_wconf 88' lang='lat' dir='ltr'>rissimi</span> <span class='ocrx_word' id='word_1_290' title='bbox 1900 2029 1913 2070; x_wconf 91' lang='lat'><strong>:</strong></span> <span class='ocrx_word' id='word_1_291' title='bbox 1954 2007 2266 2089; x_wconf 87' lang='lat' dir='ltr'>johannis</span> <span class='ocrx_word' id='word_1_292' title='bbox 2286 2006 2624 2072; x_wconf 90' lang='lat' dir='ltr'>humilitas</span> <span class='ocrx_word' id='word_1_293' title='bbox 2647 2030 2830 2073; x_wconf 89' lang='lat' dir='ltr'>com-</span> 
     </span>
     <span class='ocr_line' id='line_1_66' title="bbox 1637 2094 2831 2177; baseline 0.004 -21"><span class='ocrx_word' id='word_1_294' title='bbox 1637 2094 2002 2158; x_wconf 86' lang='lat' dir='ltr'>mendatur.</span> <span class='ocrx_word' id='word_1_295' title='bbox 2095 2095 2227 2177; x_wconf 79' lang='lat' dir='ltr'>Qui</span> <span class='ocrx_word' id='word_1_296' title='bbox 2276 2115 2427 2158; x_wconf 89' lang='lat' dir='ltr'>cum</span> <span class='ocrx_word' id='word_1_297' title='bbox 2482 2106 2669 2161; x_wconf 91' lang='lat' dir='ltr'>tante</span> <span class='ocrx_word' id='word_1_298' title='bbox 2701 2101 2831 2161; x_wconf 88' lang='lat' dir='ltr'>vir-</span> 
     </span>
     <span class='ocr_line' id='line_1_67' title="bbox 1633 2183 2830 2270; baseline 0.004 -26"><span class='ocrx_word' id='word_1_299' title='bbox 1633 2183 1795 2244; x_wconf 88' lang='lat' dir='ltr'>tutis</span> <span class='ocrx_word' id='word_1_300' title='bbox 1826 2191 2001 2246; x_wconf 90' lang='lat' dir='ltr'>esset</span> <span class='ocrx_word' id='word_1_301' title='bbox 2034 2193 2107 2246; x_wconf 89' lang='lat' dir='ltr'>ut</span> <span class='ocrx_word' id='word_1_302' title='bbox 2142 2183 2443 2247; x_wconf 90' lang='lat' dir='ltr'>Christus</span> <span class='ocrx_word' id='word_1_303' title='bbox 2486 2187 2662 2249; x_wconf 90' lang='lat' dir='ltr'>credi</span> <span class='ocrx_word' id='word_1_304' title='bbox 2708 2207 2830 2270; x_wconf 87' lang='lat' dir='ltr'>po·-</span> 
     </span>
     <span class='ocr_line' id='line_1_68' title="bbox 1631 2270 2829 2352; baseline 0.004 -20"><span class='ocrx_word' id='word_1_305' title='bbox 1631 2271 1906 2334; x_wconf 87' lang='lat' dir='ltr'>tuisset:</span> <span class='ocrx_word' id='word_1_306' title='bbox 1972 2270 2173 2352; x_wconf 85' lang='lat' dir='ltr'>elegit</span> <span class='ocrx_word' id='word_1_307' title='bbox 2218 2272 2426 2334; x_wconf 90' lang='lat' dir='ltr'>solide</span> <span class='ocrx_word' id='word_1_308' title='bbox 2470 2273 2829 2338; x_wconf 89' lang='lat' dir='ltr'>subsistere</span> 
     </span>
     <span class='ocr_line' id='line_1_69' title="bbox 1635 2358 2822 2444; baseline 0.004 -23"><span class='ocrx_word' id='word_1_309' title='bbox 1635 2359 1701 2421; x_wconf 91' lang='lat' dir='ltr'>in</span> <span class='ocrx_word' id='word_1_310' title='bbox 1734 2379 1842 2422; x_wconf 90' lang='lat' dir='ltr'>se:</span> <span class='ocrx_word' id='word_1_311' title='bbox 1912 2379 1995 2422; x_wconf 91' lang='lat' dir='ltr'>ne</span> <span class='ocrx_word' id='word_1_312' title='bbox 2040 2358 2331 2422; x_wconf 89' lang='lat' dir='ltr'>humana</span> <span class='ocrx_word' id='word_1_313' title='bbox 2377 2362 2688 2444; x_wconf 91' lang='lat' dir='ltr'>opinione</span> <span class='ocrx_word' id='word_1_314' title='bbox 2719 2383 2822 2426; x_wconf 85' lang='lat' dir='ltr'>ra·</span> 
     </span>
     <span class='ocr_line' id='line_1_70' title="bbox 1634 2448 2823 2531; baseline 0.006 -23"><span class='ocrx_word' id='word_1_315' title='bbox 1634 2456 1899 2529; x_wconf 88' lang='lat' dir='ltr'>peretur</span> <span class='ocrx_word' id='word_1_316' title='bbox 1928 2448 2211 2511; x_wconf 88' lang='lat' dir='ltr'>inaniter</span> <span class='ocrx_word' id='word_1_317' title='bbox 2239 2469 2435 2531; x_wconf 91' lang='lat' dir='ltr'>super</span> <span class='ocrx_word' id='word_1_318' title='bbox 2464 2469 2551 2513; x_wconf 91' lang='lat' dir='ltr'>se.</span> <span class='ocrx_word' id='word_1_319' title='bbox 2644 2451 2823 2515; x_wconf 91' lang='lat' dir='ltr'>Nam</span> 
     </span>
     <span class='ocr_line' id='line_1_71' title="bbox 1635 2534 2827 2623; baseline 0.006 -25"><span class='ocrx_word' id='word_1_320' title='bbox 1635 2534 1973 2600; x_wconf 87' lang='lat' dir='ltr'>consessus</span> <span class='ocrx_word' id='word_1_321' title='bbox 2035 2545 2136 2601; x_wconf 91' lang='lat' dir='ltr'>est</span> <span class='ocrx_word' id='word_1_322' title='bbox 2209 2547 2279 2601; x_wconf 90' lang='lat' dir='ltr'>et</span> <span class='ocrx_word' id='word_1_323' title='bbox 2346 2558 2480 2602; x_wconf 91' lang='lat' dir='ltr'>non</span> <span class='ocrx_word' id='word_1_324' title='bbox 2542 2539 2827 2623; x_wconf 87' lang='lat' dir='ltr'>negavit.</span> 
     </span>
     <span class='ocr_line' id='line_1_72' title="bbox 1637 2624 2826 2709; baseline 0.003 -22"><span class='ocrx_word' id='word_1_325' title='bbox 1637 2624 1995 2689; x_wconf 88' lang='lat' dir='ltr'>Confessus</span> <span class='ocrx_word' id='word_1_326' title='bbox 2056 2633 2196 2691; x_wconf 86' lang='lat' dir='ltr'>est:</span> <span class='ocrx_word' id='word_1_327' title='bbox 2252 2627 2407 2709; x_wconf 87' lang='lat' dir='ltr'>quia</span> <span class='ocrx_word' id='word_1_328' title='bbox 2470 2647 2603 2691; x_wconf 91' lang='lat' dir='ltr'>non</span> <span class='ocrx_word' id='word_1_329' title='bbox 2678 2648 2826 2692; x_wconf 90' lang='lat' dir='ltr'>sum</span> 
     </span>
     <span class='ocr_line' id='line_1_73' title="bbox 1636 2710 2829 2780; baseline 0.002 -2"><span class='ocrx_word' id='word_1_330' title='bbox 1636 2710 1957 2778; x_wconf 78' lang='lat' dir='ltr'>Christus,</span> <span class='ocrx_word' id='word_1_331' title='bbox 2078 2714 2194 2777; x_wconf 80' lang='lat' dir='ltr'>Re.</span> <span class='ocrx_word' id='word_1_332' title='bbox 2316 2715 2471 2778; x_wconf 92' lang='lat' dir='ltr'>Non</span> <span class='ocrx_word' id='word_1_333' title='bbox 2550 2717 2829 2780; x_wconf 90' lang='lat' dir='ltr'>discedi·-</span> 
     </span>
     <span class='ocr_line' id='line_1_74' title="bbox 1638 2801 2829 2894; baseline 0.007 -31"><span class='ocrx_word' id='word_1_334' title='bbox 1638 2821 1787 2864; x_wconf 89' lang='lat' dir='ltr'>mus</span> <span class='ocrx_word' id='word_1_335' title='bbox 1816 2822 1857 2864; x_wconf 89' lang='lat' dir='ltr'>a</span> <span class='ocrx_word' id='word_1_336' title='bbox 1887 2801 2345 2894; x_wconf 48' lang='lat' dir='ltr'>te·vivificabis</span> <span class='ocrx_word' id='word_1_337' title='bbox 2368 2823 2490 2867; x_wconf 90' lang='lat' dir='ltr'>nos</span> <span class='ocrx_word' id='word_1_338' title='bbox 2519 2806 2829 2871; x_wconf 82' lang='lat' dir='ltr'>domine:</span> 
     </span>
     <span class='ocr_line' id='line_1_75' title="bbox 1635 2892 2829 2959; baseline 0.006 -8"><span class='ocrx_word' id='word_1_339' title='bbox 1635 2898 1704 2952; x_wconf 90' lang='lat' dir='ltr'>et</span> <span class='ocrx_word' id='word_1_340' title='bbox 1772 2909 2015 2953; x_wconf 91' lang='lat' dir='ltr'>nomen</span> <span class='ocrx_word' id='word_1_341' title='bbox 2091 2900 2279 2955; x_wconf 90' lang='lat' dir='ltr'>tuum</span> <span class='ocrx_word' id='word_1_342' title='bbox 2356 2892 2829 2959; x_wconf 76' lang='lat' dir='ltr'>invocabimus,</span> 
     </span>
     <span class='ocr_line' id='line_1_76' title="bbox 1638 2976 2829 3046; baseline 0.003 -4"><span class='ocrx_word' id='word_1_343' title='bbox 1638 2976 1941 3043; x_wconf 87' lang='lat' dir='ltr'>Ostende</span> <span class='ocrx_word' id='word_1_344' title='bbox 1993 2979 2185 3043; x_wconf 90' lang='lat' dir='ltr'>nobis</span> <span class='ocrx_word' id='word_1_345' title='bbox 2234 2980 2470 3043; x_wconf 83' lang='lat' dir='ltr'>faciem</span> <span class='ocrx_word' id='word_1_346' title='bbox 2519 2990 2703 3045; x_wconf 87' lang='lat' dir='ltr'>tuam</span> <span class='ocrx_word' id='word_1_347' title='bbox 2760 2992 2829 3046; x_wconf 92' lang='lat' dir='ltr'>et</span> 
     </span>
     <span class='ocr_line' id='line_1_77' title="bbox 1635 3065 2827 3143; baseline 0.004 -15"><span class='ocrx_word' id='word_1_348' title='bbox 1635 3065 1800 3129; x_wconf 90' lang='lat' dir='ltr'>salvi</span> <span class='ocrx_word' id='word_1_349' title='bbox 1844 3069 2105 3131; x_wconf 81' lang='lat' dir='ltr'>erimuS.</span> <span class='ocrx_word' id='word_1_350' title='bbox 2196 3067 2249 3143; x_wconf 73' lang='grc' dir='ltr'><strong><em>Ϋ</em></strong></span> <span class='ocrx_word' id='word_1_351' title='bbox 2312 3068 2602 3133; x_wconf 90' lang='lat' dir='ltr'>Domine</span> <span class='ocrx_word' id='word_1_352' title='bbox 2664 3071 2827 3135; x_wconf 90' lang='lat' dir='ltr'>deus</span> 
     </span>
     <span class='ocr_line' id='line_1_78' title="bbox 1633 3152 2829 3223; baseline 0.004 -7"><span class='ocrx_word' id='word_1_353' title='bbox 1633 3152 1949 3218; x_wconf 89' lang='lat' dir='ltr'>virtutum</span> <span class='ocrx_word' id='word_1_354' title='bbox 1972 3164 2281 3219; x_wconf 88' lang='lat' dir='ltr'>converte</span> <span class='ocrx_word' id='word_1_355' title='bbox 2310 3176 2449 3221; x_wconf 78' lang='lat' dir='ltr'>nos,</span> <span class='ocrx_word' id='word_1_356' title='bbox 2526 3158 2829 3223; x_wconf 91' lang='lat' dir='ltr'>Ostende</span> 
     </span>
     <span class='ocr_line' id='line_1_79' title="bbox 1633 3242 2829 3329; baseline 0.005 -25"><span class='ocrx_word' id='word_1_357' title='bbox 1633 3242 1841 3307; x_wconf 80' lang='lat' dir='ltr'>nobis,</span> <span class='ocrx_word' id='word_1_358' title='bbox 2440 3244 2657 3309; x_wconf 82' lang='lat' dir='ltr'>Lectio</span> <span class='ocrx_word' id='word_1_359' title='bbox 2686 3246 2829 3329; x_wconf 77' lang='lat' dir='ltr'>viij.</span> 
     </span>
     <span class='ocr_line' id='line_1_80' title="bbox 1628 3331 2828 3464; baseline 0.007 -72"><span class='ocrx_word' id='word_1_360' title='bbox 1628 3331 1835 3464; x_wconf 66' lang='lat' dir='ltr'>sed</span> <span class='ocrx_word' id='word_1_361' title='bbox 1869 3332 2023 3413; x_wconf 90' lang='lat' dir='ltr'>quia</span> <span class='ocrx_word' id='word_1_362' title='bbox 2054 3332 2267 3396; x_wconf 89' lang='lat' dir='ltr'>dixit:</span> <span class='ocrx_word' id='word_1_363' title='bbox 2318 3353 2449 3397; x_wconf 91' lang='lat' dir='ltr'>non</span> <span class='ocrx_word' id='word_1_364' title='bbox 2483 3354 2665 3399; x_wconf 88' lang='lat' dir='ltr'>sum:</span> <span class='ocrx_word' id='word_1_365' title='bbox 2716 3355 2828 3399; x_wconf 90' lang='lat' dir='ltr'>ne-</span> 
     </span>
    </p>

    <p class='ocr_par' dir='ltr' id='par_1_14' title="bbox 1628 3419 2833 4301">
     <span class='ocr_line' id='line_1_81' title="bbox 1740 3419 2827 3503; baseline 0.005 -20"><span class='ocrx_word' id='word_1_366' title='bbox 1740 3419 1923 3501; x_wconf 85' lang='lat' dir='ltr'>gavit</span> <span class='ocrx_word' id='word_1_367' title='bbox 1982 3420 2178 3503; x_wconf 91' lang='lat' dir='ltr'>plane</span> <span class='ocrx_word' id='word_1_368' title='bbox 2238 3422 2418 3503; x_wconf 90' lang='lat' dir='ltr'>quod</span> <span class='ocrx_word' id='word_1_369' title='bbox 2467 3443 2601 3485; x_wconf 91' lang='lat' dir='ltr'>non</span> <span class='ocrx_word' id='word_1_370' title='bbox 2647 3432 2827 3488; x_wconf 85' lang='lat' dir='ltr'>erat:</span> 
     </span>
     <span class='ocr_line' id='line_1_82' title="bbox 1631 3508 2830 3590; baseline 0.005 -21"><span class='ocrx_word' id='word_1_371' title='bbox 1631 3508 1749 3569; x_wconf 93' lang='lat' dir='ltr'>sed</span> <span class='ocrx_word' id='word_1_372' title='bbox 1783 3528 1917 3571; x_wconf 91' lang='lat' dir='ltr'>non</span> <span class='ocrx_word' id='word_1_373' title='bbox 1966 3509 2233 3589; x_wconf 84' lang='lat' dir='ltr'>negavit</span> <span class='ocrx_word' id='word_1_374' title='bbox 2282 3510 2458 3590; x_wconf 91' lang='lat' dir='ltr'>quod</span> <span class='ocrx_word' id='word_1_375' title='bbox 2517 3521 2701 3574; x_wconf 90' lang='lat' dir='ltr'>erat:</span> <span class='ocrx_word' id='word_1_376' title='bbox 2755 3521 2830 3575; x_wconf 90' lang='lat' dir='ltr'>ut</span> 
     </span>
     <span class='ocr_line' id='line_1_83' title="bbox 1628 3597 2828 3679; baseline 0.004 -21"><span class='ocrx_word' id='word_1_377' title='bbox 1628 3597 1974 3659; x_wconf 89' lang='lat' dir='ltr'>veritatem</span> <span class='ocrx_word' id='word_1_378' title='bbox 2051 3597 2357 3679; x_wconf 87' lang='lat' dir='ltr'>loquens:</span> <span class='ocrx_word' id='word_1_379' title='bbox 2418 3598 2561 3679; x_wconf 88' lang='lat' dir='ltr'>ejus</span> <span class='ocrx_word' id='word_1_380' title='bbox 2623 3620 2828 3663; x_wconf 89' lang='lat' dir='ltr'>mern-</span> 
     </span>
     <span class='ocr_line' id='line_1_84' title="bbox 1629 3683 2829 3765; baseline 0.004 -18"><span class='ocrx_word' id='word_1_381' title='bbox 1629 3684 1820 3747; x_wconf 86' lang='lat' dir='ltr'>brum</span> <span class='ocrx_word' id='word_1_382' title='bbox 1886 3683 2069 3748; x_wconf 87' lang='lat' dir='ltr'>fieret</span> <span class='ocrx_word' id='word_1_383' title='bbox 2138 3683 2322 3765; x_wconf 89' lang='lat' dir='ltr'>cujus</span> <span class='ocrx_word' id='word_1_384' title='bbox 2386 3706 2627 3750; x_wconf 90' lang='lat' dir='ltr'>nomen</span> <span class='ocrx_word' id='word_1_385' title='bbox 2704 3688 2829 3752; x_wconf 91' lang='lat' dir='ltr'>sibi</span> 
     </span>
     <span class='ocr_line' id='line_1_85' title="bbox 1633 3771 2831 3855; baseline 0.005 -21"><span class='ocrx_word' id='word_1_386' title='bbox 1633 3771 1951 3836; x_wconf 86' lang='lat' dir='ltr'>fallaciter</span> <span class='ocrx_word' id='word_1_387' title='bbox 2025 3792 2157 3835; x_wconf 92' lang='lat' dir='ltr'>non</span> <span class='ocrx_word' id='word_1_388' title='bbox 2220 3784 2580 3855; x_wconf 90' lang='lat' dir='ltr'>usurparet.</span> <span class='ocrx_word' id='word_1_389' title='bbox 2668 3774 2831 3841; x_wconf 89' lang='lat' dir='ltr'>Alio</span> 
     </span>
     <span class='ocr_line' id='line_1_86' title="bbox 1631 3860 2830 3943; baseline 0.003 -20"><span class='ocrx_word' id='word_1_390' title='bbox 1631 3862 1877 3943; x_wconf 89' lang='lat' dir='ltr'>quippe</span> <span class='ocrx_word' id='word_1_391' title='bbox 1909 3862 1973 3922; x_wconf 93' lang='lat' dir='ltr'>in</span> <span class='ocrx_word' id='word_1_392' title='bbox 2006 3860 2152 3924; x_wconf 93' lang='lat' dir='ltr'>loco</span> <span class='ocrx_word' id='word_1_393' title='bbox 2178 3862 2529 3943; x_wconf 89' lang='lat' dir='ltr'>inquisitus</span> <span class='ocrx_word' id='word_1_394' title='bbox 2567 3884 2608 3927; x_wconf 86' lang='lat' dir='ltr'>a</span> <span class='ocrx_word' id='word_1_395' title='bbox 2638 3866 2830 3929; x_wconf 91' lang='lat' dir='ltr'>disci-</span> 
     </span>
     <span class='ocr_line' id='line_1_87' title="bbox 1632 3948 2831 4036; baseline 0.008 -26"><span class='ocrx_word' id='word_1_396' title='bbox 1632 3948 1806 4032; x_wconf 89' lang='lat' dir='ltr'>pulis</span> <span class='ocrx_word' id='word_1_397' title='bbox 1847 3949 2154 4012; x_wconf 89' lang='lat' dir='ltr'>dominus</span> <span class='ocrx_word' id='word_1_398' title='bbox 2184 3949 2269 4013; x_wconf 89' lang='lat' dir='ltr'>de</span> <span class='ocrx_word' id='word_1_399' title='bbox 2302 3951 2587 4014; x_wconf 88' lang='lat' dir='ltr'>adventu</span> <span class='ocrx_word' id='word_1_400' title='bbox 2621 3953 2831 4036; x_wconf 89' lang='lat' dir='ltr'>helye.</span> 
     </span>
     <span class='ocr_line' id='line_1_88' title="bbox 1636 4036 2833 4121; baseline 0.007 -22"><span class='ocrx_word' id='word_1_401' title='bbox 1636 4038 2062 4119; x_wconf 88' lang='lat' dir='ltr'>Respondit:</span> <span class='ocrx_word' id='word_1_402' title='bbox 2137 4036 2394 4120; x_wconf 88' lang='lat' dir='ltr'>Helyas</span> <span class='ocrx_word' id='word_1_403' title='bbox 2450 4040 2593 4121; x_wconf 87' lang='lat' dir='ltr'>jam</span> <span class='ocrx_word' id='word_1_404' title='bbox 2648 4045 2833 4107; x_wconf 90' lang='lat' dir='ltr'>venit</span> 
     </span>
     <span class='ocr_line' id='line_1_89' title="bbox 1635 4131 2831 4207; baseline 0.006 -18"><span class='ocrx_word' id='word_1_405' title='bbox 1635 4134 1703 4189; x_wconf 92' lang='lat' dir='ltr'>et</span> <span class='ocrx_word' id='word_1_406' title='bbox 1734 4146 1868 4189; x_wconf 91' lang='lat' dir='ltr'>non</span> <span class='ocrx_word' id='word_1_407' title='bbox 1900 4136 2356 4207; x_wconf 87' lang='lat' dir='ltr'>cognoverunt</span> <span class='ocrx_word' id='word_1_408' title='bbox 2389 4148 2560 4192; x_wconf 92' lang='lat' dir='ltr'>eum.</span> <span class='ocrx_word' id='word_1_409' title='bbox 2654 4131 2746 4196; x_wconf 88' lang='lat' dir='ltr'>Et</span> <span class='ocrx_word' id='word_1_410' title='bbox 2776 4134 2831 4196; x_wconf 93' lang='lat' dir='ltr'>si</span> 
     </span>
     <span class='ocr_line' id='line_1_90' title="bbox 1635 4214 2833 4301; baseline 0.004 -22"><span class='ocrx_word' id='word_1_411' title='bbox 1635 4214 1834 4279; x_wconf 87' lang='lat' dir='ltr'>vultis</span> <span class='ocrx_word' id='word_1_412' title='bbox 1894 4215 2059 4279; x_wconf 90' lang='lat' dir='ltr'>scire</span> <span class='ocrx_word' id='word_1_413' title='bbox 2120 4215 2447 4299; x_wconf 87' lang='lat' dir='ltr'>johannes</span> <span class='ocrx_word' id='word_1_414' title='bbox 2509 4218 2651 4301; x_wconf 88' lang='lat' dir='ltr'>ipse</span> <span class='ocrx_word' id='word_1_415' title='bbox 2732 4230 2833 4285; x_wconf 90' lang='lat' dir='ltr'>est</span> 
     </span>
    </p>
   </div>
   <div class='ocr_carea' id='block_1_7' title="bbox 1932 4416 2532 4600">
    <p class='ocr_par' dir='ltr' id='par_1_15' title="bbox 1932 4416 2532 4600">
     <span class='ocr_line' id='line_1_91' title="bbox 1932 4416 2532 4469; baseline 0.01 -6"><span class='ocrx_word' id='word_1_416' title='bbox 1932 4418 1951 4446; x_wconf 87' lang='lat'><strong>⁴</strong></span> <span class='ocrx_word' id='word_1_417' title='bbox 1992 4420 2184 4465; x_wconf 82' lang='lat' dir='ltr'>‘vestra</span> <span class='ocrx_word' id='word_1_418' title='bbox 2203 4416 2216 4439; x_wconf 91' lang='lat'>&#39;</span> <span class='ocrx_word' id='word_1_419' title='bbox 2239 4417 2362 4467; x_wconf 84' lang='lat' dir='ltr'>add:</span> <span class='ocrx_word' id='word_1_420' title='bbox 2398 4418 2532 4469; x_wconf 84' lang='lat' dir='ltr'>E.G.</span> 
     </span>
     <span class='ocr_line' id='line_1_92' title="bbox 1932 4481 2523 4545; baseline 0.008 -16"><span class='ocrx_word' id='word_1_421' title='bbox 1932 4482 1953 4511; x_wconf 80' lang='lat'>⁸</span> <span class='ocrx_word' id='word_1_422' title='bbox 1987 4481 2262 4545; x_wconf 85' lang='lat' dir='ltr'>legislator:</span> <span class='ocrx_word' id='word_1_423' title='bbox 2296 4484 2429 4533; x_wconf 90' lang='lat' dir='ltr'>E.G.</span> <span class='ocrx_word' id='word_1_424' title='bbox 2442 4484 2523 4535; x_wconf 88' lang='lat' dir='ltr'>W.</span> 
     </span>
     <span class='ocr_line' id='line_1_93' title="bbox 1936 4548 2523 4600; baseline 0.007 -4"><span class='ocrx_word' id='word_1_425' title='bbox 1936 4550 1956 4577; x_wconf 80' lang='lat'>⁸</span> <span class='ocrx_word' id='word_1_426' title='bbox 1994 4548 2119 4597; x_wconf 89' lang='lat' dir='ltr'>‘de’</span> <span class='ocrx_word' id='word_1_427' title='bbox 2144 4548 2266 4599; x_wconf 85' lang='lat' dir='ltr'>add:</span> <span class='ocrx_word' id='word_1_428' title='bbox 2302 4549 2523 4600; x_wconf 88' lang='lat' dir='ltr'>E.G.W.</span> 
     </span>
    </p>
   </div>
  </div>
 </body>
</html>
