3375 5100
1195 419 1318 474 AD
1366 418 1493 473 MA
1511 418 1889 474 TUTINAS.

837 528 991 583 799

296 656 373 701 es
438 634 645 699 nobis,
761 633 1193 700 Commovisti
1260 641 1506 698 terram

296 736 369 789 et
404 723 811 789 conturbasti
844 743 993 809 eam
1020 744 1033 787 :
1074 743 1238 786 sana
1267 722 1509 786 contri-

297 816 519 877 tiones
572 812 715 893 ejus
776 813 933 894 quia
996 820 1335 876 commota
1388 819 1509 875 est.

306 902 677 967 Ostendisti
709 902 961 984 populo
991 912 1108 965 tuo
1139 902 1341 963 dura:
1390 920 1509 981 po-

302 992 465 1053 tasti
533 1010 655 1052 nos
728 990 883 1052 vino
958 989 1507 1071 compunctionis,

302 1078 579 1142 Dedisti
612 1077 1060 1142 metuentibus
1083 1088 1151 1141 te
1182 1075 1509 1159 significa-

302 1169 595 1231 tionem:
628 1174 703 1230 ut
734 1165 991 1249 fugiant
1023 1186 1061 1229 a
1093 1166 1259 1229 facie
1302 1186 1507 1229 arcuS.

316 1256 415 1321 Ut
446 1256 804 1319 liberentur
828 1255 1051 1319 dilecti
1083 1256 1179 1317 tui
1206 1275 1219 1318 :
1252 1254 1508 1317 salvum

303 1344 414 1408 sac
466 1345 749 1407 dextera
800 1352 917 1406 tua
966 1353 1034 1407 et
1082 1343 1331 1407 exaudi
1386 1362 1511 1406 me.

302 1433 497 1496 Deus
544 1432 803 1495 locutus
849 1440 953 1495 est
982 1431 1045 1494 in
1081 1440 1313 1495 sancto
1345 1450 1509 1495 suo:

304 1522 565 1584 letabor
595 1530 663 1584 et
694 1521 990 1604 partibor
1020 1520 1409 1583 sichimam:
1442 1529 1512 1581 et

301 1609 678 1673 convallem
710 1608 1285 1673 tabernaculorum
1321 1607 1513 1671 meti-

305 1699 449 1763 bor.
538 1698 743 1759 Meus
790 1707 890 1760 est
935 1696 1175 1779 galaad
1225 1706 1291 1759 et
1324 1716 1513 1759 meus

306 1795 414 1850 est
467 1805 852 1850 manasses:
905 1795 973 1848 et
1022 1785 1279 1849 effraim
1328 1784 1513 1847 forti-

308 1875 479 1937 tudo
538 1875 774 1955 capitis
851 1874 999 1937 mei.
1128 1874 1322 1948 Juda
1390 1894 1513 1936 rex

310 1983 541 2025 meus:
590 1962 791 2025 moab
820 1962 954 2024 olla
998 1962 1141 2043 spei
1188 1982 1351 2026 mee.
1426 1961 1511 2025 In

309 2051 650 2115 idumeam
695 2051 1059 2114 extendam
1106 2050 1515 2114 calceamen-

311 2148 457 2203 tum
534 2158 757 2202 meum
794 2160 809 2204 ε
894 2138 1057 2203 mihi
1142 2138 1514 2221 alienigene

309 2227 559 2290 subditi
603 2236 774 2292 sunt.
873 2226 1035 2306 Quis
1080 2226 1367 2291 deducet
1406 2248 1513 2291 me

309 2318 379 2379 in
411 2316 748 2380 civitatem
786 2317 1157 2381 munitam:
1204 2317 1353 2398 quis
1398 2316 1513 2380 de-

308 2406 513 2468 ducet
574 2425 680 2468 me
742 2424 951 2487 usque
1026 2404 1092 2467 in
1156 2405 1511 2469 idumeam.

311 2494 564 2558 Nonne
588 2502 660 2557 tu
687 2494 851 2558 deus
884 2494 997 2577 qui
1031 2494 1325 2576 repulisti
1360 2513 1512 2560 nos:

312 2593 382 2647 et
413 2604 547 2647 non
579 2583 931 2666 egredieris
962 2583 1126 2646 deus
1160 2584 1225 2646 in
1258 2583 1513 2646 virtuti-

312 2672 439 2734 bus
485 2673 741 2737 nostris,
818 2672 931 2737 Da
963 2673 1156 2735 nobis
1186 2672 1513 2735 auxilium

314 2761 401 2824 de
440 2760 911 2824 tribulatione:
957 2761 1159 2843 quia¹
1192 2781 1365 2823 vana
1410 2781 1515 2824 sa-

314 2849 417 2912 lus
477 2849 782 2912 hominis,
870 2849 957 2912 In
1010 2850 1139 2913 deo
1198 2847 1516 2913 faciemus

312 2939 661 3001 virtutem:
708 2947 777 2999 et
807 2937 948 3018 ipse
979 2939 1064 3002 ad
1097 2936 1375 3000 nihilum
1400 2937 1515 3000 de-

314 3027 515 3089 ducet
536 3025 929 3089 tribulantes
949 3045 1092 3088 nos.
1156 3025 1517 3090 psalmus?

315 3114 676 3248 Exaudi
736 3115 901 3177 deus
976 3115 1513 3196 deprecationem

470 3223 717 3266 meam:
750 3203 1023 3266 intende
1044 3203 1327 3266 orationi
1352 3223 1515 3268 mee.

316 3294 379 3357 A
441 3291 683 3355 finibus
730 3301 903 3355 terre
962 3291 1049 3354 ad
1110 3300 1180 3354 te
1233 3291 1513 3355 clamavi

318 3381 477 3444 dum
529 3379 913 3444 anxiaretur
962 3400 1075 3442 cor
1122 3399 1386 3444 meum:
1448 3381 1515 3443 in

319 3479 507 3552 petra
560 3469 874 3532 exaltasti
936 3489 1059 3532 me.
1151 3468 1517 3533 Deduxisti

320 3579 429 3621 me
488 3559 645 3640 quia
704 3557 917 3620 factus
978 3577 1049 3620 es
1108 3577 1261 3638 spes
1325 3577 1517 3622 mea:

320 3646 515 3708 turris
547 3646 951 3709 fortitudinis
983 3667 1023 3708 a
1054 3645 1221 3709 facie
1253 3646 1517 3710 inimici.

320 3734 727 3798 Inhabitabo
757 3735 822 3797 in
851 3734 1279 3798 tabernaculo
1301 3742 1419 3797 tuo
1452 3735 1519 3797 in

322 3823 584 3887 secula:
650 3832 961 3906 protegar
1022 3824 1089 3886 in
1140 3824 1521 3886 velamento

322 3912 572 3976 alarum
588 3921 868 3975 tuarum.
910 3911 1240 3990 Quoniam
1260 3920 1333 3974 tu
1354 3913 1519 3975 deus

322 4021 507 4064 meus
526 4000 855 4064 exaudisti
876 4001 1245 4063 orationem
1268 4020 1521 4064 meam:

322 4089 559 4152 dedisti
630 4088 1069 4152 hereditatem
1130 4088 1520 4152 timentibus

322 4197 561 4241 nomen
606 4185 817 4242 tuum.
906 4177 1074 4240 Dies
1126 4197 1325 4260 super
1376 4178 1519 4240 dies

321 4266 490 4349 regis
520 4265 792 4348 adjicies
820 4287 835 4331 :
883 4285 1095 4330 annos
1136 4267 1279 4349 ejus
1310 4286 1519 4348 usque

550 4440 571 4537 ζ
602 4439 1013 4556 Ρὲοὲἒῗὶἕΐ
1048 4440 1220 4556 ὶΝτῗς

550 4573 571 4602 ⁸
593 4513 817 4621 ξῦῐοῐὶἓι
841 4541 975 4636 patri
989 4572 1003 4594 ’
1024 4523 1161 4622 adtd':
1198 4572 1257 4622 E
1267 4571 1329 4622 G.
1342 4571 1393 4623 S.

552 4641 571 4670 ⁴
594 4645 674 4704 β.
702 4639 804 4688 61:
837 4639 977 4688 E.G.
1050 4639 1175 4702 lxj.:
1208 4639 1263 4688 S.

2115 526 2278 582 800

1610 632 1675 695 in
1711 634 1888 697 diem
1937 628 2382 716 generationis
2427 641 2496 698 et
2536 654 2812 716 genera-

1608 724 1825 785 tionis,
1925 722 2291 788 Permanet
2363 724 2427 786 in
2509 734 2811 787 eternum

1610 811 1676 873 in
1711 820 2070 892 conspectu
2105 812 2246 875 dei:
2297 811 2812 876 misericordiam

1610 908 1678 961 et
1726 900 2077 962 veritatem
2121 900 2264 981 ejus
2311 902 2458 982 quis
2509 901 2810 983 requiret.

1613 986 1731 1051 Sic
1778 988 2108 1071 psalmum
2141 990 2361 1051 dicam
2409 990 2659 1052 nomini
2694 999 2814 1053 tuo

1610 1077 1676 1139 in
1728 1076 2026 1140 seculum
2087 1077 2334 1141 seculi:
2399 1088 2474 1142 ut
2535 1079 2811 1142 reddam

1606 1174 1767 1227 vota
1810 1185 1958 1228 mea
2005 1166 2089 1228 de
2137 1166 2244 1229 die
2290 1166 2357 1229 in
2388 1167 2615 1231 diem.⁸
2678 1169 2813 1233 Ανῖ.

1611 1254 1722 1316 Da
1776 1254 1968 1317 nobis
2020 1254 2291 1318 domine
2349 1256 2677 1321 auxilium
2727 1258 2814 1322 de

1608 1342 2052 1406 tribulatione.
2457 1345 2814 1411 Psalmus.⁴

1608 1432 1972 1563 Nonne
2013 1430 2142 1493 deo
2187 1431 2488 1513 subjecta
2519 1436 2642 1498 erit
2675 1435 2816 1498 ani-

1799 1538 1910 1582 ma
1941 1540 2130 1584 mea:
2176 1520 2265 1583 ab
2311 1522 2456 1603 ipso
2501 1524 2679 1586 enim
2711 1544 2816 1587 sa-

1612 1605 1824 1670 lutare
1855 1627 2097 1672 meum.
2161 1610 2346 1673 Nam
2379 1620 2447 1674 et
2478 1612 2618 1692 ipse
2650 1612 2816 1676 deus

1612 1714 1800 1758 meus
1832 1705 1899 1759 et
1931 1696 2238 1761 salutaris
2270 1718 2457 1762 meus
2486 1720 2502 1764 :
2549 1721 2816 1783 suscep-

1611 1792 1720 1846 tor
1749 1785 1974 1847 meus-'³
1997 1806 2130 1847 non
2164 1787 2480 1851 movebor
2509 1790 2812 1872 amplius,

1618 1870 1982 1954 Quousque
2027 1874 2268 1937 irruitis
2315 1876 2382 1937 in
2431 1876 2814 1943 hominem:

1612 1959 1980 2024 interficitis
2027 1964 2312 2026 universi
2342 1984 2462 2027 vos
2494 1974 2816 2048 tanquam

1612 2047 1849 2131 parieti
1893 2049 2212 2115 inclinato
2259 2061 2329 2114 et
2371 2056 2653 2117 macerie
2702 2055 2818 2118 de·-

1613 2137 1818 2220 pulse.
1973 2137 2419 2204 Veruntamen
2520 2144 2814 2224 precium

1613 2246 1842 2289 meum
1915 2228 2374 2309 cogitaverunt
2450 2231 2764 2313 repellere
2799 2253 2816 2297 :

1612 2316 1864 2377 cucurri
1911 2315 1976 2377 in
2011 2316 2119 2379 siti
2147 2338 2162 2381 :
2209 2316 2366 2381 ore⁶
2394 2338 2516 2382 suo
2549 2319 2819 2385 benedi-

1613 2403 1856 2466 cebant
1908 2414 1976 2467 et
2029 2407 2228 2469 corde
2285 2426 2408 2470 suo
2463 2408 2816 2473 maledice-

1613 2490 1795 2558 bant.
1875 2492 2322 2559 Veruntamen
2355 2496 2486 2561 deo
2515 2497 2816 2581 subjecta

1612 2589 1760 2644 esto
1819 2582 2043 2646 anima
2097 2603 2290 2650 mea:
2358 2589 2674 2668 quoniam
2729 2583 2840 2653 ab'

1614 2670 1762 2752 ipso
1815 2671 2138 2753 patientia
2183 2693 2354 2738 mea.
2449 2673 2621 2753 Quia
2675 2677 2816 2758 ipse

1612 2759 1781 2822 deus
1856 2779 2044 2822 meus
2119 2770 2189 2825 et
2259 2761 2557 2826 salvator
2629 2785 2818 2830 meus

1614 2847 1882 2928 adjutor
1947 2868 2172 2915 meus:
2249 2871 2384 2914 non
2456 2854 2818 2935 emigrabo,

1613 2936 1698 2999 In
1731 2936 1860 3000 deo
1904 2937 2191 3002 salutare
2237 2959 2462 3004 meum
2509 2950 2577 3005 et
2606 2943 2819 3025 gloria

1616 3043 1806 3088 mea:
1863 3025 2028 3089 deus
2077 3028 2308 3092 auxilii
2359 3030 2491 3092 mei
2541 3040 2609 3095 et
2659 3053 2816 3115 spes

1615 3132 1768 3176 mea
1814 3115 1879 3176 in
1911 3115 2042 3178 deo
2087 3125 2204 3181 est.
2300 3117 2588 3200 Sperate
2635 3120 2702 3183 in
2735 3142 2819 3186 eo

1614 3202 1834 3266 omnis
1863 3205 2294 3286 congregatio
2329 3207 2560 3289 populi
2607 3209 2819 3272 effun-

1616 3291 1755 3354 dite
1812 3310 2036 3354 coram
2101 3294 2216 3356 illo
2284 3297 2485 3358 corda
2544 3308 2818 3364 vestra:

1614 3380 1781 3442 deus
1813 3379 2080 3461 adjutor
2106 3381 2366 3445 vester⁷
2399 3384 2464 3445 in
2497 3395 2815 3452 eternum.

1632 3467 2078 3532 Veruntamen
2104 3471 2254 3533 vani
2288 3469 2402 3534 filii
2435 3471 2818 3542 hominum:

1618 3557 1974 3620 mendaces
2019 3556 2132 3620 filii
2177 3559 2523 3624 hominum
2571 3563 2636 3624 in
2683 3575 2820 3628 sta-

1617 3645 1824 3709 teris:
1901 3654 1976 3708 ut
2043 3647 2460 3728 decipiantur
2531 3650 2654 3733 ipsi
2731 3654 2820 3716 de

1616 3733 1913 3797 vanitate
2003 3734 2071 3797 in
2163 3736 2468 3818 idipsum.
2582 3739 2820 3804 Nolite

1616 3841 1881 3904 sperare
1913 3822 1980 3886 in
2013 3823 2364 3906 iniquitate
2392 3847 2407 3890 :
2455 3837 2522 3891 et
2553 3829 2820 3909 rapinas

1618 3911 1827 3974 nolite
1886 3913 2399 3993 concupiscere:
2471 3916 2702 3980 divitie
2761 3918 2818 3982 si

1618 3999 1894 4063 affluant
1977 4001 2184 4064 nolite
2270 4022 2386 4064 cor
2462 4025 2816 4087 opponere.

1622 4087 1853 4152 Semel
1892 4088 2152 4152 locutus
2197 4100 2299 4153 est
2329 4093 2495 4154 deus
2529 4093 2666 4157 duo
2694 4096 2820 4162 hec

1620 4176 1882 4240 audivi:
1943 4178 2100 4259 quia
2159 4188 2456 4260 potestas
2507 4181 2614 4245 dei
2675 4195 2820 4250 est:

1619 4274 1692 4330 et
1712 4265 1834 4329 tibi
1857 4266 2127 4330 domine
2147 4268 2592 4335 misericordia
2615 4292 2630 4338 :
2661 4275 2820 4356 quia

1915 4443 1936 4470 ⁸
1975 4445 1989 4469 ‘
2007 4447 2056 4489 et
2077 4439 2091 4463 '
2113 4439 2214 4490 add
2239 4459 2253 4490 ε
2289 4441 2352 4494 Ε.

1916 4508 1937 4537 ⁸
1969 4505 2137 4556 sitiore
2164 4525 2175 4556 :
2211 4507 2272 4556 E.

1917 4575 1936 4602 ³
1971 4582 2178 4624 noster:
2215 4573 2410 4628 E.G.S.
