3375 5100
1595 361 2015 418 DOMINICA

582 583 684 646 nis
736 581 847 663 qui
880 580 1080 644 fidem
1137 589 1385 644 rectam
1429 587 1498 642 et
1559 597 1771 660 opera

577 672 754 735 bona
800 670 1126 753 predicat:
1157 669 1322 750 quid
1364 667 1542 732 aliud
1565 685 1771 749 quam

577 759 865 823 venienti
897 757 1172 820 domino
1221 756 1307 820 ad
1354 755 1556 820 corda
1585 753 1773 818 audi-

582 849 836 912 entium
869 845 1048 908 viam
1071 853 1278 928 parat.
1349 845 1462 908 Re.
1498 844 1775 907 Paratus

583 944 730 1000 esto
782 932 972 997 israel
1020 935 1084 996 in
1131 952 1474 996 occursum
1519 931 1772 996 domini

586 1024 900 1107 quoniam
919 1022 1114 1084 venit.
1193 1021 1494 1085 Firmans
1514 1028 1775 1083 montes

592 1122 661 1175 et
709 1129 937 1174 creans
990 1109 1271 1192 spiritus.
1373 1109 1462 1172 Et
1522 1127 1773 1172 annun-

592 1201 774 1264 cians
842 1200 907 1261 in
983 1197 1358 1260 hominibus
1435 1195 1771 1260 Christum

593 1307 738 1351 esse
784 1296 1152 1350 venturum.
1242 1301 1291 1372 γ
1335 1285 1509 1348 Ecce
1563 1285 1776 1348 domi-

595 1386 789 1440 nator
839 1375 1148 1437 dominus
1194 1393 1346 1436 cum
1393 1375 1636 1436 virtute
1665 1393 1775 1434 ve-

597 1466 752 1528 niet.
877 1463 1197 1526 FirmanS.
1319 1460 1561 1524 Gloria.
1685 1461 1775 1524 Et

596 1551 1024 1616 annuncians.
1116 1568 1162 1636 γ
1213 1549 1465 1612 Emitte
1511 1568 1775 1631 agnum.

596 1642 681 1706 In
727 1638 1032 1702 laudibus
1409 1637 1773 1718 antiphona.

619 1729 944 1862 Veniet
969 1729 1203 1790 iterum
1224 1726 1497 1808 angelus
1529 1735 1680 1788 tuus
1712 1735 1779 1788 et

740 1816 1005 1879 docebit
1025 1834 1144 1878 nos
1164 1815 1303 1878 vias
1323 1825 1472 1878 tuas
1492 1814 1777 1877 domine.

585 1913 687 1986 pf.
777 1905 1106 1967 Miserere.
1213 1912 1317 1966 an.
1423 1903 1779 1966 Intuemini

603 2000 890 2075 quantus
920 1994 1006 2055 sit
1036 1992 1356 2075 gloriosus
1387 1991 1510 2055 iste
1535 1992 1645 2074 qui
1679 1991 1778 2054 in-

601 2081 896 2163 greditur
943 2080 1029 2144 ad
1103 2081 1454 2144 salvandas
1527 2088 1777 2161 gentes,

588 2178 689 2251 ps'.
768 2170 1028 2233 Bonum
1089 2179 1190 2232 est
1249 2168 1562 2232 confiteri.
1670 2177 1775 2232 αῆ.

607 2257 781 2322 Ecce
834 2259 1000 2321 deus
1051 2266 1275 2321 noster
1331 2277 1484 2320 cum
1534 2258 1777 2319 virtute

602 2347 864 2410 veniet:
934 2355 1002 2409 et
1051 2346 1191 2427 ipse
1243 2345 1491 2409 auferet
1540 2344 1773 2426 jugum

605 2435 1008 2516 captivitatis
1087 2442 1322 2496 nostre.
1420 2441 1520 2514 ps‘.
1593 2433 1777 2495 Deus

602 2522 766 2587 deus
807 2542 1008 2586 meus.
1097 2530 1202 2585 an.
1253 2522 1664 2603 Expectetur
1692 2521 1777 2583 si-

605 2620 715 2674 cut
750 2611 972 2692 pluvia
1003 2610 1340 2692 eloquium
1372 2611 1662 2673 domini:
1709 2619 1777 2673 et

604 2698 962 2762 descendet
1022 2699 1189 2762 sicut
1241 2718 1348 2761 ros
1406 2718 1602 2779 super
1653 2718 1776 2760 nos

604 2788 768 2850 deus
821 2797 1060 2850 noster.
1134 2796 1234 2868 ps'.
1326 2785 1579 2849 Audite
1634 2785 1777 2850 celi.

602 2884 706 2937 aii.
758 2874 1156 2957 Expectabo
1231 2875 1574 2938 dominum
1649 2875 1777 2938 sal-

602 2971 898 3027 vatorem
950 2984 1213 3027 meum:
1267 2973 1334 3026 et
1371 2962 1781 3046 prestolabor

604 3071 756 3114 eum
818 3053 977 3115 dum
1027 3072 1230 3135 prope
1275 3061 1392 3116 est.
1467 3051 1778 3115 Alleluia.

587 3149 691 3221 ps’.
740 3140 1058 3204 Laudate.
1141 3140 1527 3221 Capitulum.
1605 3141 1781 3203 Ecce

605 3228 744 3291 dies
805 3230 1092 3292 veniunt.
1221 3229 1542 3307 Hymnus.
1621 3229 1779 3293 Vox

603 3316 797 3380 clara.
893 3334 941 3401 γ
1000 3317 1157 3381 Vox
1216 3317 1579 3380 clamantis,
1697 3318 1782 3380 In

600 3426 779 3467 evan.
848 3414 953 3468 an.
1023 3404 1260 3470 Omnis
1311 3405 1498 3468 vallis
1551 3406 1782 3487 imple-

602 3494 781 3558 bitur
831 3503 899 3557 et
944 3494 1158 3557 omnis
1221 3514 1411 3557 mons
1472 3503 1539 3557 et
1600 3494 1783 3557 collis

600 3581 1055 3645 humiliabitur
1114 3592 1182 3645 et
1242 3582 1492 3645 videbit
1566 3584 1781 3645 omnis

598 3692 753 3734 caro
811 3671 1098 3734 salutare
1159 3670 1281 3733 dei.
1387 3680 1487 3752 ps.
1567 3671 1776 3735 Bene-

603 3760 838 3823 dictuS.
887 3758 1330 3841 Kyrieleyson
1362 3779 1486 3822 non
1516 3758 1769 3823 dicitur.

597 3850 869 3979 Deus
900 3848 1012 3930 qui
1044 3848 1368 3929 conspicis
1489 3845 1771 3933 [Oratio.

753 3938 910 4018 quia
985 3955 1072 3998 ex
1149 3946 1373 3999 nostra
1446 3937 1773 4018 pravitate

597 4022 949 4105 affligimur
979 4024 1263 4087 concede
1294 4026 1653 4107 propitius:
1703 4034 1775 4089 ut

595 4133 688 4175 ex
751 4122 866 4175 tua
911 4111 1284 4175 visitatione
1336 4114 1772 4177 consolemur.

596 4198 731 4281 Qui
806 4200 987 4263 vivis,
1099 4201 1420 4264 Memorie
1472 4202 1779 4264 dicantur

589 4288 672 4351 de
694 4288 959 4351 domina
981 4312 1003 4351 .·
1034 4297 1098 4350 et
1110 4288 1188 4350 a’e
1206 4288 1497 4353 omnibus
1517 4290 1773 4353 sanctis.

681 4377 807 4440 Ad
847 4377 1044 4441 ltoras
1086 4386 1164 4439 nt
1201 4388 1400 4458 supra
1443 4399 1584 4441 cum
1630 4399 1773 4440 ora-

2396 471 2496 524 36

1868 577 2049 641 tione.
2142 577 2395 642 Aurem
2456 587 2661 641 tuam.
2718 587 2823 641 etc.

1868 686 2017 730 vero
2031 666 2283 746 festum
2316 665 2405 748 iij
2424 666 2758 729 lectionum
2803 666 3045 730 contin-

1858 763 1987 837 gat
2043 755 2115 816 in
2172 763 2451 836 quatuor
2504 747 2887 836 temporibus
2944 755 3043 816 ni-

1868 842 2221 906 hilominus
2276 851 2481 906 totum
2526 843 2867 906 servitium
2908 843 3050 928 fiat

1874 931 1956 994 de
1980 940 2262 1014 quatuor
2298 930 2678 1012 temporibus
2703 931 3051 1014 ferialiter

1869 1040 2014 1082 cum
2072 1021 2403 1082 nocturnis
2472 1028 2535 1082 et
2589 1019 2899 1083 memoria
2970 1020 3052 1083 de

1862 1107 2061 1188 festi's
2098 1107 2185 1190 iij
2226 1107 2575 1170 lectionum.
2670 1107 2899 1172 Oratio
2956 1109 3045 1169 si-

1870 1195 2125 1278 quidem
2168 1195 2485 1277 specialis¹
2518 1205 2773 1258 tantum
2802 1196 3051 1260 debetur

1871 1285 1969 1346 ad
1992 1285 2281 1348 mirsam.
2376 1284 2606 1349 Oratio
2652 1305 2800 1348 vero
2840 1285 3045 1348 domi-

2960 577 3051 641 Si

1872 1373 2103 1436 uitali-r
2124 1372 2219 1435 aa'
2236 1373 2595 1436 matutinas
2624 1382 2684 1435 et
2708 1371 2904 1436 horas
2944 1394 3047 1435 ex-

1868 1471 2029 1542 cepto
2076 1461 2147 1524 in
2190 1460 2469 1524 adventu
2506 1461 2758 1524 domini
2794 1463 3050 1544 quando

1872 1549 2087 1612 eadem
2118 1549 2325 1612 oratio
2351 1549 2598 1612 dicetur
2642 1549 2739 1612 ad
2782 1551 3047 1613 matuti-

1874 1658 1997 1700 nas
2046 1658 2166 1719 que
2220 1638 2314 1699 ad
2368 1639 2650 1701 missam.
2776 1637 3051 1716 Quando

1876 1747 2022 1789 vero
2082 1726 2153 1788 in
2213 1726 2331 1808 iiij
2374 1725 2757 1808 temporibus
2794 1727 3049 1808 festum

1876 1814 2106 1896 duplex
2141 1814 2246 1876 vel
2283 1815 2357 1876 ix
2403 1814 2733 1876 lectionum
2777 1817 3055 1878 evenerit

1858 1903 2000 1986 fiat
2053 1903 2224 1965 sicut
2275 1901 2703 1966 subscribitur
2755 1903 2836 1965 de
2876 1904 3053 1985 festo

1874 1991 2087 2054 sancti
2160 1990 2367 2053 tlzome
2434 2002 2677 2073 excepta
2744 1992 3053 2055 memoria

1875 2079 1956 2142 de
1980 2078 2245 2142 domina
2274 2099 2437 2161 quae
2477 2100 2603 2142 non
2630 2079 2726 2163 fit
2762 2081 2934 2142 alias
2978 2081 3058 2142 de

1874 2168 2079 2232 debito
2128 2167 2294 2230 sicut
2338 2177 2500 2230 tune.
2594 2169 2856 2232 Festum
2906 2190 3055 2232 vero

1875 2256 2087 2318 sancti
2132 2256 2342 2318 thome
2386 2256 2658 2337 apostoli
2697 2278 3057 2340 quocunque

1873 2344 1979 2407 die
2033 2344 2309 2406 evenerit
2330 2365 2353 2406 .·
2426 2355 2629 2407 totum
2688 2346 2917 2427 agitur
2979 2346 3057 2407 de

1872 2432 2145 2513 apostolo
2215 2453 2357 2495 cum
2432 2433 2739 2496 memoria
2796 2435 2877 2496 de
2936 2435 3056 2496 ad-

1872 2530 2061 2585 ventu
2134 2529 2197 2584 et
2263 2521 2345 2585 de
2410 2521 2689 2586 domina.
2786 2521 2921 2588 Sed
2982 2523 3063 2586 de

1872 2610 2132 2673 domina
2180 2619 2433 2673 tantum
2477 2610 2573 2672 ad
2601 2612 2961 2675 matutinas
2998 2622 3063 2675 et

1873 2698 1969 2760 ad
1992 2700 2257 2761 missam
2286 2722 2310 2762 .·
2338 2699 2492 2781 quia
2525 2698 2592 2760 in
2622 2700 2894 2780 vesperis
2908 2710 3063 2782 post

1876 2787 2245 2850 memoriam
2312 2788 2391 2849 de
2462 2787 2737 2850 adventu
2794 2789 3057 2870 factam

1874 2896 2015 2938 cum
2061 2875 2409 2957 antiphona
2469 2876 2529 2939 O
2564 2878 2744 2939 nulla
2772 2878 3065 2958 sequitur

1876 2965 2183 3027 memoria
2214 2974 2289 3026 ut
2299 2974 2485 3046 patet
2507 2977 2720 3045 supra.
2800 2966 2855 3028 S
2858 2966 2888 3027 i
2914 2987 3060 3028 vero

1880 3052 1947 3115 in
1974 3054 2227 3135 jejunio
2269 3053 2382 3136 iiij
2420 3063 2765 3134 temporum
2802 3055 3059 3135 festum

1879 3142 2060 3203 istud
2096 3142 2371 3203 evenerit
2417 3142 2752 3204 servitium
2790 3142 2930 3224 fiat
2982 3144 3065 3205 de

1875 3240 2094 3292 sancto
2121 3251 2262 3291 cum
2308 3231 2618 3292 memoria
2662 3231 2739 3292 de
2780 3232 3059 3293 adventu

1878 3328 1941 3381 et
1964 3318 2043 3381 de
2068 3318 2330 3380 domina
2359 3318 2456 3381 aa'
2490 3320 2867 3381 matutinas.
2956 3320 3063 3382 De

1881 3407 2158 3469 adventu
2213 3427 2353 3467 cum
2400 3407 2749 3489 antiphona
2791 3429 2913 3490 que
2950 3428 3059 3470 su-

1867 3504 2145 3575 peresset
2210 3494 2542 3576 psalmum
2664 3497 3063 3560 Benedictus

1879 3584 1946 3646 si
1982 3584 2063 3646 de
2104 3594 2381 3666 quatuor
2426 3584 2802 3666 temporibus
2829 3585 3061 3647 dicere-

1880 3680 2007 3735 tur.
2096 3672 2165 3733 E
2169 3681 2197 3733 t
2238 3671 2548 3734 similiter
2592 3694 2733 3735 cum
2782 3674 3071 3736 oratione

1873 3760 1953 3822 de
1981 3770 2286 3843 quattuor
2316 3761 2709 3841 temporibus.

1876 3853 1941 3926 π
1990 3848 2271 3929 Septimo
2300 3848 2535 3911 decimo
2563 3849 2689 3913 kal.
2736 3850 3073 3925 Januarii

1874 3947 2090 3999 octavo
2140 3937 2373 3999 scilieet
2416 3938 2522 4000 die
2566 3949 2715 4001 ante
2761 3939 3065 4021 vigiliam

1877 4025 2249 4087 nativitatis
2293 4026 2513 4088 domin
2520 4027 2548 4089 i
2576 4027 2929 4109 incipiatur
2998 4028 3063 4093 O

1876 4113 2215 4195 sapientia.
2354 4114 2449 4176 aa’
2523 4128 2811 4198 vesperas
2878 4128 3073 4198 super

1862 4201 2193 4283 psalmum
2272 4202 2673 4285 Magnificat.
2824 4206 3067 4269 Prima

1874 4290 2112 4352 scilieet
2136 4291 2243 4354 die
2269 4291 2619 4373 antiphona
2652 4294 2712 4358 O
2739 4296 3069 4376 sapientia

1866 4389 2099 4459 percan
2106 4389 2276 4442 tetur
2386 4391 2536 4443 ante
2662 4382 3067 4464 inceptionem

1318 4546 1332 4575 ¹
1374 4551 1637 4611 ‘quattuor
1657 4554 1929 4611 tmeporum
1945 4548 1957 4570 ’
1983 4548 2085 4597 add
2096 4564 2111 4597 .·
2149 4550 2213 4599 E.
2229 4550 2283 4599 G.
2307 4550 2381 4599 W.
