3375 5100
1543 426 1664 481 AD
1711 426 1948 482 NONA
1955 428 2042 483 M.

1065 536 1216 592 897

533 654 725 709 tuum
760 642 1235 727 supersperavi.
1304 640 1659 705 Declinate
1690 660 1735 705 a

534 755 643 798 me
688 734 1006 815 maligni:
1053 741 1121 795 et
1170 730 1513 794 scrutabor
1543 750 1729 792 man-

534 824 697 887 data
720 822 825 885 dei
860 822 1009 884 mei.
1066 819 1349 901 Suscipe
1370 837 1477 881 me
1500 838 1734 881 secun-

535 914 697 975 dum
752 910 1091 993 eloquium
1124 918 1315 971 tuum
1347 914 1417 969 et
1464 906 1686 970 vivam
1717 926 1734 971 ι

534 1010 603 1065 et
635 1020 771 1063 non
817 999 1187 1062 confundas
1219 1016 1326 1059 me
1374 995 1460 1058 ab
1490 1014 1735 1077 expec-

535 1089 789 1153 tatione
820 1107 989 1151 mea.
1058 1085 1336 1167 Adjuva
1364 1104 1474 1147 me
1505 1091 1574 1147 et
1604 1084 1736 1146 sal-

533 1199 659 1240 vus
688 1197 840 1241 ero:
888 1184 956 1240 et
987 1173 1363 1237 meditabor
1392 1173 1460 1235 in
1497 1169 1736 1253 justifi-

530 1267 904 1329 cationibus
950 1262 1081 1327 tuis
1132 1280 1411 1343 semper.
1533 1260 1740 1344 Spre-

528 1356 682 1418 visti
732 1372 966 1417 omnes
1017 1350 1435 1414 discedentes
1477 1370 1519 1413 a
1558 1348 1736 1430 judi-

532 1444 648 1507 ciis
679 1444 855 1507 tuis:
900 1440 1059 1524 quia
1110 1440 1357 1521 injusta
1418 1438 1737 1519 cogitatio

530 1551 777 1595 eorum.
874 1528 1379 1593 prevaricantes
1431 1526 1734 1609 reputavi

534 1640 769 1683 omnes
840 1626 1221 1701 peccatores
1280 1625 1504 1679 terre:
1580 1615 1736 1678 ideo

531 1708 739 1771 dilexi
799 1707 1183 1771 testimonia
1230 1712 1364 1767 tua.
1463 1702 1736 1785 Confige

534 1798 775 1859 timore
804 1805 922 1859 tuo
952 1814 1185 1858 carnes
1218 1812 1401 1857 meas
1430 1814 1445 1857 :
1492 1813 1533 1855 a
1557 1791 1736 1873 judi-

526 1886 645 1949 ciis
676 1886 855 1949 enim
885 1884 1017 1948 tuis
1046 1881 1258 1946 timui.
1344 1879 1504 1945 Feci
1558 1879 1740 1961 judi-

531 1977 707 2039 cium
768 1982 839 2038 et
893 1972 1273 2055 justiciam:
1321 1989 1454 2033 non
1506 1970 1736 2032 tradas

532 2084 639 2127 me
660 2059 1215 2127 calumniantibus
1240 2078 1363 2122 me.
1450 2057 1736 2139 Suscipe

530 2172 791 2215 servum
838 2160 1029 2213 tuum
1076 2150 1142 2211 in
1176 2148 1427 2210 bonum
1458 2166 1591 2209 non
1621 2166 1732 2208 ca-

532 2239 937 2303 lumnientur
968 2258 1075 2299 me
1134 2236 1417 2318 superbi.
1540 2233 1732 2298 Oculi

472 2382 483 2393 .
533 2330 662 2391 mei
695 2327 1075 2391 defecerunt
1109 2325 1175 2387 in
1189 2323 1476 2387 salutare
1506 2333 1729 2387 tuum:

532 2426 601 2479 et
632 2417 699 2480 in
732 2416 1069 2498 eloquium
1096 2413 1352 2496 justitie
1383 2421 1511 2476 tue.
1589 2413 1730 2475 Fac

531 2526 683 2569 cum
708 2525 898 2569 servo
928 2514 1045 2568 tuo
1077 2501 1439 2566 secundum
1478 2500 1732 2566 miseri-

530 2596 825 2659 cordiam
858 2602 1085 2658 tuam:
1115 2601 1185 2654 et
1223 2589 1730 2673 justificationes

530 2692 679 2746 tuas
710 2682 876 2746 doce
908 2701 1033 2745 me.
1115 2679 1363 2745 Servus
1394 2688 1549 2742 tuus
1577 2697 1727 2741 sum

528 2793 702 2854 ego:
777 2771 864 2834 da
938 2769 1101 2833 mihi
1176 2767 1589 2831 intellectum
1652 2777 1728 2830 ut

527 2861 734 2924 sciam
782 2858 1164 2923 testimonia
1203 2866 1336 2920 tua.
1436 2855 1728 2938 Tempus

530 2948 814 3012 faciendi
876 2947 1190 3010 domine:
1236 2945 1727 3027 dissipaverunt

528 3036 746 3120 legem
794 3047 999 3100 tuam.
1088 3034 1257 3098 Ideo
1302 3033 1508 3096 dilexi
1542 3053 1727 3096 man-

526 3127 691 3190 data
720 3135 835 3189 tua
863 3147 878 3188 ε
924 3144 1123 3206 super
1152 3141 1384 3186 aurum
1418 3131 1487 3184 et
1532 3132 1726 3203 topa-

529 3217 694 3278 zion.
787 3215 1158 3295 Propterea
1177 3213 1263 3274 ad
1289 3211 1513 3273 omnia
1539 3230 1726 3273 man-

524 3304 686 3367 data
716 3311 832 3366 tua
852 3300 1209 3383 dirigebar¹
1244 3319 1514 3362 omnem
1546 3299 1725 3362 viam

528 3391 993 3474 iniquamodio
1018 3387 1269 3453 habui.²
1312 3388 1445 3452 Αῆ.
1496 3387 1729 3452 Gloria

526 3480 741 3544 laudis
802 3488 1063 3542 resonet
1124 3478 1187 3541 in
1252 3497 1366 3539 ore
1426 3477 1724 3539 omniurn

526 3570 701 3651 patri
756 3569 1113 3652 geniteque
1188 3563 1357 3648 proli
1418 3565 1675 3648 spiritui
1701 3564 1728 3603 ⁸

524 3667 759 3721 sancto
827 3657 1074 3740 pariter
1162 3653 1436 3718 resultet
1525 3652 1726 3717 laude

524 3745 815 3830 perenni.
1306 3741 1726 3823 Capitulum*

658 3836 823 3897 ratia
929 3831 1183 3896 domini
1278 3831 1485 3894 nostri
1559 3830 1721 3912 Jesu

658 3921 902 3988 Christi
935 3931 1003 3985 et
1034 3921 1273 3985 caritas
1297 3919 1404 3982 dei
1438 3928 1505 3982 et
1537 3939 1718 3982 com-

523 4013 886 4075 municatio
960 4009 1171 4073 sancti
1278 4008 1543 4090 spiritus
1633 4008 1721 4073 sit

520 4121 785 4186 semper
858 4119 1011 4164 cum
1094 4096 1409 4162 omnibus
1484 4097 1720 4160 nobis,5

619 4285 635 4314 ¹
670 4283 951 4348 dirigebam
987 4281 1069 4330 W.

616 4352 637 4381 ¹
676 4349 883 4400 ‘Gloria
896 4347 1072 4414 patri’=
1093 4347 1151 4398 Ε.
1161 4347 1225 4398 G.
1236 4347 1289 4398 S.
1325 4347 1417 4396 ‘In
1435 4345 1720 4397 dominica?

518 4417 652 4466 add:
684 4417 751 4466 E.
766 4417 823 4465 G.

616 4485 763 4548 ⁸pro
804 4479 1059 4546 ‘spiritui’
1082 4478 1372 4546 pneumati.
1407 4479 1469 4530 G.

677 4548 1012 4612 ‘1Johanm's
1032 4547 1069 4596 i.
1076 4547 1243 4598 ’adds
1280 4547 1343 4595 E.
1358 4545 1415 4595 G.

620 4618 640 4650 ⁸
680 4613 1049 4678 ‘Deogratias’
1075 4613 1214 4662 add.
1250 4611 1383 4662 E..G

2340 536 2498 591 898

1837 642 1948 706 Re.
2001 640 2080 705 In
2159 650 2460 705 eternum
2523 642 2796 706 domine
2891 644 3038 707 Per-

1840 740 2066 794 manet
2096 731 2373 794 verbum
2407 740 2615 796 tuum.
2664 748 2712 819 γ
2763 732 2842 795 In
2893 734 3038 796 celo

1837 828 1906 883 et
1936 820 2003 882 in
2046 820 2342 883 seculum
2374 820 2576 884 seculi
2607 821 2852 884 veritas
2905 830 3038 885 tua.

1841 908 2206 972 Permanet.
2267 908 2510 975 Gloria.
2605 910 2685 972 In
2716 920 3039 973 eternum.

1837 1013 1886 1082 γ
1933 998 2263 1061 Dominus
2297 998 2462 1079 regit
2494 1018 2602 1060 me
2631 1008 2701 1061 et
2730 997 2893 1061 nihil
2921 1000 3042 1061 mi-

1837 1084 1909 1148 hi
1941 1084 2196 1149 deerit}⁵
2288 1085 2367 1149 In
2430 1086 2576 1149 loco
2637 1106 2882 1169 pascue
2946 1087 3038 1149 ibi

1840 1194 1950 1238 me
1980 1172 2373 1238 collocavit.⁷
2446 1175 2578 1238 Ανῖ.
2625 1174 2900 1255 Adjuva
2931 1196 3042 1238 me

1839 1272 1908 1327 et
1927 1262 2148 1326 salvus
2169 1284 2282 1326 ero
2300 1263 2588 1328 domine.
2619 1262 3041 1344 Capitulum.⁸

1977 1352 2158 1415 mnia
2188 1351 2456 1415 autem⁹
2517 1352 2795 1435 probate
2855 1352 3040 1435 quod

1976 1440 2228 1504 bonum
2259 1450 2362 1503 est
2393 1449 2656 1503 tenete:
2703 1440 2790 1503 ab
2852 1443 3040 1503 omni

1839 1529 2061 1611 specie
2075 1529 2252 1591 mala
2271 1529 2600 1592 abstinete
2611 1550 2744 1592 vos,
2777 1528 2895 1592 Re.
2910 1530 3042 1593 Be-

1841 1618 2144 1681 nedicam
2158 1618 2522 1681 dominum.
2573 1618 2652 1679 In
2672 1618 2855 1680 omni
2869 1627 3040 1681 tem-

1839 1726 2018 1787 pore.
2063 1723 2112 1792 γ
2159 1704 2442 1788 Semper
2472 1706 2616 1769 laus
2647 1704 2792 1787 ejus
2823 1706 2892 1768 in
2925 1726 3040 1769 ore

1841 1814 2007 1858 meo,
2103 1795 2182 1858 In
2216 1795 2399 1857 omni
2430 1803 2748 1877 tempore.
2810 1794 3041 1859 Gloria

1837 1882 2028 1967 patri.
2123 1883 2549 1947 Benedicam.
2612 1890 2665 1967 Ῠ
2702 1883 3040 1947 Dominus

1839 1972 2210 2054 regnavit.¹⁰

1835 2059 1964 2124 Ad
1986 2080 2240 2125 nonam.
2705 2060 3038 2141 Hymnus.

1835 2151 2166 2280 Rerum
2183 2150 2347 2212 deus
2359 2157 2566 2212 tenax
2579 2149 2767 2231 vigor
2798 2150 3040 2213 immo-

1984 2246 2092 2301 tus
2124 2238 2190 2300 in
2241 2246 2309 2301 te
2363 2258 2760 2320 permanens
2790 2259 2804 2300 :
2868 2237 3038 2303 lucis

1834 2325 2069 2389 diurne
2123 2336 2426 2411 tempora
2471 2326 2885 2389 successibus
2918 2326 3040 2389 de-

1833 2416 2214 2479 terminans,
2304 2414 2584 2497 Largire
2607 2414 2858 2477 clarum
2891 2436 3038 2479 ves-

1835 2522 1990 2586 pere
2021 2523 2156 2586 quo
2185 2503 2326 2567 vita
2356 2523 2688 2587 nusquam
2719 2503 3032 2569 decidat:

1833 2593 1949 2656 sed
1975 2594 2304 2674 premium
2334 2594 2565 2656 mortis
2585 2613 2768 2656 sacre
2800 2611 3034 2675 peren-

1832 2682 1934 2744 nis
1967 2683 2169 2746 instet
2225 2681 2452 2764 gloria.
2540 2682 2784 2746 Presta
2845 2692 3034 2764 pater

1833 2771 2144 2852 piissime.
2710 2771 3028 2852 psalmus.

1831 2861 2026 2991 M
2044 2856 2299 2921 irabilia
2327 2858 2710 2922 testimonia
2739 2868 2859 2922 tua
2913 2858 3031 2922 do·

2016 2949 2234 3011 mine:
2279 2946 2432 3010 ideo
2463 2954 2756 3010 scrutata
2815 2957 2920 3012 est
2950 2969 3028 3011 ea

1831 3035 2054 3099 anima
2108 3056 2274 3099 mea.
2364 3034 2750 3099 Declaratio
2780 3057 3026 3099 sermo-

1831 3143 1990 3187 num
2022 3132 2287 3187 tuorum
2321 3123 2646 3188 illuminat
2674 3145 2690 3188 :
2737 3134 2807 3187 et
2839 3124 3026 3189 intel-

1830 3212 2076 3277 lectum
2109 3214 2226 3276 dat
2273 3213 2579 3295 parvulis
2676 3213 2769 3278 Os
2801 3233 3026 3277 meum

1831 3303 2057 3385 aperui
2090 3309 2159 3365 et
2219 3301 2467 3365 attraxi
2530 3301 2838 3384 spiritum
2871 3303 3026 3385 quia

1833 3389 2153 3453 mandata
2183 3400 2301 3455 tua
2321 3389 2802 3454 desiderabam.
2893 3392 2956 3454 A
2967 3411 3026 3453 s-

1829 3479 1976 3560 pice
2037 3479 2104 3541 in
2167 3499 2276 3544 me
2335 3487 2404 3542 et
2479 3479 2788 3542 miserere
2851 3480 2980 3542 mei
3010 3501 3024 3543 :

1829 3567 2194 3631 secundum
2220 3567 2546 3649 judicium
2605 3568 3022 3650 diligentium

1830 3675 2073 3718 nomen
2106 3666 2315 3720 tuum.
2413 3656 2688 3720 Gressus
2709 3677 2898 3720 meos
2930 3658 3024 3720 di-

1831 3745 1968 3826 rige
1999 3746 2362 3808 secundum
2395 3744 2733 3828 eloquium
2788 3753 2981 3809 tuum
3009 3767 3024 3810 z

1825 3842 1894 3898 et
1921 3834 1964 3872 ¹¹
2022 3853 2156 3896 non
2185 3835 2568 3897 dominetur
2613 3835 2742 3897 mei
2805 3836 3024 3898 omnis

1825 3921 2164 4006 injustitia.
2255 3922 2541 3986 Redime
2571 3943 2678 3986 me
2702 3943 2745 3986 a
2776 3924 3023 3987 calum-

1824 4011 1948 4073 niis
2023 4010 2370 4074 horninum
2397 4033 2411 4075 :
2496 4019 2572 4074 ut
2648 4014 3023 4077 custodiam

1823 4099 2142 4164 mandata
2188 4109 2322 4164 tua.
2459 4100 2732 4164 Faciem
2841 4111 3023 4166 tuam

1922 4284 1943 4313 ⁸
1983 4281 2122 4332 ‘Ra’
2146 4283 2276 4332 add:
2299 4283 2364 4333 E.
2381 4284 2437 4334 G.

1923 4351 1942 4378 ’
1982 4349 2421 4413 ‘Inferiis-’adds
2457 4350 2592 4400 E.G.

1921 4417 1942 4445 ⁸
1981 4415 2414 4466 ‘Hessalmenses
2437 4418 2646 4480 s'add:
2679 4419 2748 4469 E.
2761 4419 2822 4470 G.

1918 4483 1940 4512 ⁰
1981 4483 2208 4530 ‘autem’
2235 4497 2334 4531 om.
2363 4483 2547 4533 ·..EG

1905 4549 1942 4644 :¹
1976 4563 2112 4678 ΞΕ
2095 4519 2566 4666 ’πεξςῃιὲνὶῐέῐεῦςίμ
2601 4549 2664 4601 Ε.
2671 4551 2736 4600 G.
2748 4553 2830 4602 W.
