3375 5100
592 526 662 600 1
703 521 790 584 In
823 516 1172 583 nativitate
1197 515 1373 582 beate
1411 515 1617 580 marie
1657 515 1796 580 vir-

797 629 919 673 ms.

675 629 934 782 ,lig-‘Nos
964 693 1165 760 hodie
1195 702 1398 759 nata:
1443 693 1797 759 benedicat

859 785 1046 868 virgo
1076 783 1316 848 beata.¹

672 875 741 959 ij.
791 873 935 939 Nos
953 871 1284 938 cibet¹hic
1306 889 1585 937 manna:
1609 871 1798 953 virgo

861 979 1064 1044 quam
1084 961 1110 1000 ⁸
1140 959 1416 1044 protulit
1433 961 1458 998 ⁴
1488 979 1684 1024 anna.

651 1051 748 1136 iij.
797 1051 1087 1134 Spiritus
1135 1049 1312 1114 alme
1358 1050 1472 1132 pia
1521 1055 1799 1132 peccata

865 1147 1176 1222 precante
1209 1139 1432 1202 maria.

622 1229 774 1312 iiij.¹⁵
794 1227 1054 1294 Peccati
1087 1225 1340 1292 moles:
1386 1225 1586 1292 tollas
1627 1243 1802 1291 anne

864 1317 976 1399 pia
1005 1315 1240 1398 proles·

687 1426 747 1470 v.
796 1403 1022 1488 Quam
1084 1403 1248 1468 deus
1308 1403 1607 1467 ornavit:
1679 1419 1801 1466 nos

864 1501 1142 1576 protege
1174 1490 1310 1556 filia
1340 1491 1559 1555 david.

661 1583 746 1665 vj.
797 1581 988 1645 Intus
1019 1589 1086 1644 et
1116 1580 1450 1644 exterius:
1496 1600 1619 1643 nos
1648 1599 1802 1662 pur-

866 1679 983 1752 get
1014 1669 1283 1752 virginis
1313 1677 1514 1732 ortus,

837 1859 989 1911 ‘nos
1019 1845 1242 1911 dicta⁶
1273 1844 1540 1909 mathei.

601 1937 743 2021 viij.
791 1935 1017 2002 Celica
1056 1935 1353 2002 subsidia
1387 1956 1402 2000 ε
1448 1935 1566 1998 det
1612 1932 1806 1998 nobis

868 2033 1025 2088 nata
1057 2025 1284 2090 maria.
1714 2083 1721 2090 .

655 2114 747 2178 ix.
798 2111 1106 2196 Inclyta⁷
1165 2113 1365 2195 stirps
1419 2109 1632 2194 jesse:
1694 2129 1805 2174 ve·-

867 2221 1014 2266 rum
1047 2221 1168 2265 nos
1197 2201 1400 2264 ducat
1432 2200 1516 2263 ad
1547 2197 1739 2264 esse.⁸

607 2297 672 2371 {I
719 2289 1068 2355 Dominica
1114 2289 1302 2370 infra
1345 2297 1604 2352 octavas
1641 2286 1811 2350 sicut

739 2381 810 2442 in
833 2379 940 2443 die
943 2388 1166 2462 preter
1183 2376 1666 2442 benedictionem
1691 2375 1805 2459 vij.

736 2487 858 2550 que
882 2467 1025 2532 erit.
1105 2467 1288 2530 Nato
1323 2465 1543 2530 marie.

686 2558 753 2641 j.
782 2556 900 2622 die.
950 2556 1107 2621 Fit⁹
1160 2555 1353 2619 nobis
1399 2564 1672 2638 portus:
1720 2552 1807 2617 ad

868 2646 1078 2709 vitam
1111 2644 1382 2727 virginis
1413 2652 1614 2707 ortuS.

783 2732 1144 2799 Sumamus
1177 2742 1484 2816 portum:
1529 2732 1667 2796 vite
1692 2751 1809 2814 per

869 2822 1140 2905 virginis
1171 2830 1407 2887 ortum.

902 2972 917 3001 ¹
953 2986 1048 3036 pro
1075 2969 1287 3020 ‘beata’
1311 2968 1508 3020 mariae
1540 2967 1686 3021 N.K.

899 3038 923 3134 Ξ
952 3036 1222 3151 cidet=1111³

903 3118 1244 3269 :fflussfflz
1279 3166 1421 3219 m<

904 3303 925 3332 ·
957 3234 1270 3351 ”ix-{fas
1295 3300 1504 3367 petam?
1537 3299 1680 3350 NJ„

905 3372 924 3401 ⁹
990 3368 1178 3419 nclitaz
1214 3368 1280 3417 K.

2077 514 2157 578 In
2232 513 2371 578 vite
2444 523 2641 598 portu
2676 537 2693 580 ε
2768 517 3105 584 salvemur

2160 603 2435 685 virginis
2464 611 2631 670 ortu.

1978 691 2047 775 ij.
2078 690 2199 757 die.
2247 691 2393 756 Nos
2447 691 2639 774 juvet
2696 694 2766 758 in
2827 697 3103 761 castris:

2160 788 2347 844 ortus
2376 783 2717 864 regnantis
2746 783 2814 846 in
2845 787 3059 850 astris,

2071 867 2326 952 Jungat
2370 868 2658 934 celicolis
2692 892 2707 935 :
2777 891 2903 936 nos
2944 895 3107 938 vera

2160 957 2460 1040 sportula
2488 959 2663 1025 solis.

2076 1045 2282 1111 Ortus
2334 1046 2672 1115 solamen:
2738 1049 2857 1113 det
2910 1051 3104 1114 nobis

2164 1135 2436 1217 virginis
2468 1155 2685 1202 amen.

1952 1222 2048 1308 iij.
2079 1221 2199 1287 die.
2248 1223 2393 1286 Nos
2436 1225 2604 1288 ditet
2626 1225 2673 1264 ¹⁰
2710 1225 2951 1290 venia:
3000 1228 3103 1290 di·-

2166 1311 2425 1376 tissima
2452 1315 2641 1395 virgo
2672 1316 2898 1378 maria.

2036 1403 2076 1442 ¹¹
2100 1403 2245 1466 Nos
2265 1421 2420 1483 rege
2442 1421 2703 1466 summe
2725 1413 2947 1485 pater:
2982 1424 3107 1468 nos

2168 1489 2427 1571 integra
2456 1498 2734 1573 protege
2766 1501 2997 1557 mater.

2082 1579 2227 1644 Nos
2288 1577 2489 1642 faciat
2549 1581 2824 1645 matris:
2878 1601 3109 1646 servos

2168 1667 2496 1749 sapientia
2524 1668 2748 1749 patriS.

2168 1844 2383 1908 lorum
2416 1843 2669 1927 fulgida
2698 1855 2909 1928 porta.

2082 1933 2228 1998 Nos
2250 1931 2537 1997 famulos
2560 1955 2779 1999 serva:
2810 1935 3107 2017 genitrix

2171 2041 2211 2084 a
2242 2031 2458 2085 morte
2486 2031 2810 2105 proterva.

2084 2110 2230 2175 Nos
2295 2108 2538 2193 jungat
2607 2111 2904 2177 thronis:
2969 2113 3109 2177 veri

2168 2197 2447 2262 thronus
2476 2197 2853 2265 salomonis,

1994 2307 2054 2352 v.
2086 2287 2207 2352 die.
2253 2286 2371 2351 Ad
2417 2284 2672 2352 fontem
2708 2289 2940 2354 venie:
2987 2291 3110 2354 du-

2170 2383 2281 2440 cat
2318 2395 2441 2439 nos
2464 2375 2511 2414 ¹²
2540 2377 2821 2441 dextera
2853 2379 3081 2444 marie.

2083 2463 2200 2528 Ad
2232 2463 2355 2528 celi
2381 2464 2653 2530 decora:
2686 2484 2807 2530 nos
2824 2467 3117 2532 transfer

2171 2554 2359 2636 virgo
2389 2554 2648 2619 decora.

2088 2642 2413 2725 Impetret
2473 2664 2515 2707 a
2572 2642 2840 2726 genito:
2918 2645 3119 2710 nobis

2173 2730 2437 2796 veniam
2462 2732 2509 2771 ¹³
2538 2734 2649 2815 pia
2678 2732 2885 2816 virge.

2220 2970 2240 2999 ⁸
2272 2966 2481 3019 adessez
2508 2968 2720 3021 E.K.N.

2221 3036 2242 3065 ⁸
2276 3034 2391 3085 Sita
2426 3034 2487 3085 C.

2209 3102 2247 3132 ¹⁰
2280 3100 2448 3151 dicet:
2484 3100 2552 3151 K.

2212 3168 2244 3197 ¹¹
2282 3168 2387 3217 Hic
2414 3168 2541 3232 ‘iiijz
2568 3168 2706 3219 die‘:
2740 3169 2891 3221 MK.

2211 3235 2248 3265 ¹²
2281 3250 2374 3299 pro
2403 3234 2552 3285 ‘nos'
2578 3251 2713 3285 nox:
2748 3234 2809 3286 C.

2210 3300 2249 3332 ¹⁸
2280 3300 2478 3351 venaim
2502 3320 2515 3353 ι
2540 3300 2606 3351 Κ.

1730 4628 2007 4691 (18)
