3375 5100
1099 204 1520 261 DOMINICA
1575 204 1841 260 PRIMA
1896 204 2401 262 NOVEMBRIS.

1037 312 1152 367 611

508 430 576 486 et
607 420 840 484 statuit
871 439 978 483 me
1021 440 1220 504 super
1252 422 1458 504 pedes
1503 440 1705 484 meos.

505 510 598 575 Et
643 509 864 573 audivi
916 508 1296 593 loquentem
1343 511 1431 573 ad
1482 530 1590 573 me
1635 519 1706 573 et

504 600 836 663 dicentem
862 619 877 661 τ
921 597 1045 661 Fili
1077 597 1365 661 hominis
1394 618 1545 662 ecce
1577 618 1703 680 ego

506 688 702 752 mitto
725 696 793 751 te
824 685 910 751 ad
943 684 1112 749 filios
1135 686 1327 751 israel
1352 687 1437 751 ad
1469 696 1703 769 gentes

505 775 936 858 apostatrices
955 796 1084 857 que
1106 784 1509 839 recesserunt
1524 796 1565 837 a
1578 796 1699 839 me.

503 864 620 927 Re.
668 863 919 947 Aspice
943 863 1212 926 domine
1236 863 1319 927 de
1337 864 1495 927 sede
1515 883 1702 927 sanc-

502 962 574 1016 ta
615 960 773 1015 tua:
821 960 889 1015 et
931 952 1154 1033 cogita
1199 952 1284 1015 de
1329 952 1558 1015 nobis:
1607 953 1703 1013 in-

501 1040 677 1104 clina
706 1040 872 1102 deus
903 1058 1088 1103 meus
1119 1059 1344 1103 aurem
1367 1049 1552 1103 tuam
1579 1061 1593 1103 :
1635 1049 1703 1102 et

504 1127 679 1191 audi.
768 1126 978 1209 Aperi
1015 1127 1242 1191 oculos
1273 1136 1424 1191 tuos
1452 1136 1522 1191 et
1551 1128 1703 1191 vide

503 1214 998 1281 tribulationem
1059 1225 1369 1279 nostram.
1461 1233 1508 1302 γ
1573 1216 1704 1279 Re-

504 1306 686 1389 spice
716 1302 984 1367 domine
1016 1303 1102 1367 de
1142 1304 1515 1368 sanctuario
1544 1312 1701 1368 tuo:

503 1402 575 1457 et
623 1392 712 1455 de
771 1390 1038 1456 excelso
1095 1392 1384 1457 celorum
1446 1392 1703 1456 habita-

505 1480 672 1545 culo.
762 1479 990 1563 Aperi.
1370 1480 1583 1544 Lectio
1607 1480 1701 1562 iij.

501 1572 834 1703 patres
869 1588 1096 1632 eorum
1130 1570 1517 1652 prevaricati
1547 1579 1703 1633 sunt

637 1666 907 1740 pactum
941 1676 1162 1721 meum
1185 1677 1392 1740 usque
1417 1658 1501 1721 ad
1523 1658 1702 1720 diem

504 1746 674 1809 hanc
701 1768 717 1810 :
765 1742 833 1809 et
862 1744 976 1809 filii
1008 1746 1176 1811 dura
1206 1745 1372 1810 facie
1413 1755 1481 1809 et
1512 1746 1703 1809 indo-

505 1832 732 1898 mabili
773 1834 970 1898 corde
1015 1844 1209 1899 sunt:
1257 1834 1342 1898 ad
1375 1854 1544 1916 quos
1573 1854 1703 1916 ego

503 1924 701 1987 mitto
732 1931 815 1987 te.
898 1923 990 1986 Et
1019 1924 1199 1987 dices
1229 1922 1316 1985 ad
1346 1943 1500 1987 eos:
1551 1922 1700 1986 Hec

501 2012 664 2075 dicit
693 2011 1000 2075 dominus
1031 2013 1194 2076 deus
1225 2034 1240 2076 ε
1291 2010 1363 2076 Si
1397 2012 1564 2074 sorte
1594 2008 1701 2074 vel

503 2100 626 2183 ipsi
673 2100 992 2164 audiant:
1045 2108 1114 2164 et
1157 2100 1210 2163 si
1263 2100 1431 2163 forte
1483 2100 1701 2182 quies-

501 2198 699 2253 cant:
759 2188 1076 2271 quoniam
1122 2190 1361 2253 domus
1421 2208 1700 2270 exaspe-

501 2297 654 2340 rans
705 2284 850 2341 est:
911 2285 978 2341 et
1038 2277 1282 2341 scient:
1346 2277 1504 2359 quia
1551 2296 1701 2359 pro-

499 2365 706 2447 pheta
764 2363 961 2428 suerit
1020 2367 1086 2428 in
1164 2365 1384 2428 medio
1451 2384 1697 2428 eorum.

500 2453 618 2518 Re.
679 2452 932 2535 Aspice
974 2454 1281 2517 domine:
1329 2452 1484 2536 quia
1525 2452 1700 2516 sacta

501 2552 604 2607 est
655 2541 955 2606 desolata
1003 2543 1233 2606 civitas
1286 2540 1482 2625 plena
1532 2541 1698 2605 divi-

502 2631 650 2694 tiis:
721 2629 909 2694 sedet
967 2631 1034 2693 in
1094 2631 1370 2694 tristicia
1430 2630 1701 2694 domina

501 2719 818 2802 gentium.
911 2719 1067 2782 Non
1115 2726 1218 2782 est
1247 2719 1359 2801 qui
1401 2718 1699 2782 console-

501 2817 613 2872 tur
638 2827 787 2870 eam
821 2807 943 2870 nisi
976 2816 1048 2872 tu
1079 2809 1260 2872 deus,
1445 2807 1701 2872 Omnes

501 2895 696 2959 amici
728 2895 870 2978 ejus
893 2904 1280 2979 spreverunt
1303 2896 1346 2958 il
1374 2916 1514 2960 am:
1552 2916 1701 2978 per-

501 2992 833 3048 secutores
907 2982 1049 3066 ejus
1122 2984 1701 3067 apprehenderunt

502 3091 650 3137 eam
683 3073 854 3137 inter
882 3073 1239 3155 angustias,
1331 3074 1488 3137 Non
1519 3082 1638 3136 est.

523 3163 704 3294 Γ
751 3181 908 3244 ergo
939 3161 1031 3224 fili
1064 3161 1350 3225 hominis
1384 3161 1545 3245 [Lec.
1574 3161 1699 3244 iiij.

661 3271 745 3313 ne
793 3251 1030 3314 timeas
1078 3270 1231 3314 eos:
1297 3270 1512 3332 neque
1564 3271 1697 3313 ser-

503 3359 735 3403 mones
793 3359 1020 3402 eorum
1072 3347 1330 3402 metuas
1381 3338 1696 3421 quoniam

503 3426 820 3492 increduli
867 3437 934 3491 et
963 3428 1382 3491 subversores
1418 3436 1573 3490 sunt
1603 3436 1701 3490 te-

502 3536 653 3581 cum
683 3538 698 3580 :
744 3525 813 3581 et
843 3537 994 3580 cum
1027 3516 1480 3599 scorpionibus
1512 3514 1700 3579 habi-

500 3614 621 3670 taS.
684 3604 905 3670 Verba
936 3625 1164 3670 eorum
1197 3624 1280 3667 ne
1309 3605 1584 3669 timeas:
1631 3614 1700 3668 et

499 3693 722 3758 vultus
767 3713 996 3757 eorum
1028 3714 1112 3757 ne
1143 3692 1498 3756 formides:
1541 3693 1699 3774 quia

500 3782 740 3846 domus
771 3801 1176 3864 exasperans
1207 3790 1324 3845 est.
1401 3780 1516 3845 Re.
1573 3781 1701 3847 Su-

503 3889 622 3953 per
652 3890 874 3933 muros
918 3880 1070 3934 tuos
1115 3869 1508 3936 hierusalem
1545 3890 1702 3933 con-

503 3958 687 4021 stitui
749 3959 1075 4023 custodes,
1195 3958 1373 4022 Tota
1435 3960 1548 4022 die
1624 3979 1703 4022 ac

507 4055 702 4111 nocte
750 4067 881 4110 non
923 4047 1238 4111 tacebunt
1271 4045 1540 4110 laudare
1587 4066 1703 4110 no-

504 4155 659 4199 men
705 4135 976 4202 domini.
1061 4151 1112 4222 7
1158 4134 1290 4219 Qui
1347 4135 1704 4200 reminisci-

505 4223 669 4287 mini
700 4222 951 4287 domini
995 4244 1082 4287 ne
1118 4224 1431 4289 taceatis:
1478 4233 1547 4287 et
1576 4225 1697 4288 ne¹

505 4313 676 4377 detis
706 4313 1040 4375 silentium
1071 4313 1147 4376 ei.
1219 4313 1412 4378 Tota.
1474 4313 1608 4375 Lec.
1642 4333 1701 4377 v.

771 4473 953 4523 '‘ne’
981 4487 1115 4522 om.:
1153 4472 1234 4523 W.

1536 4473 1559 4504 ²
1599 4473 1871 4535 ‘ego’on1.
1905 4491 1915 4523 :
1953 4474 2015 4522 N.

2334 312 2473 369 612

2060 430 2286 485 autem
2346 419 2440 483 fili
2498 418 2783 483 hominis
2843 420 3005 483 audi

1963 530 2353 593 quecunque
2401 508 2639 591 loquor
2684 509 2769 571 ad
2818 518 2888 573 te
2930 518 3007 571 et

1806 597 1939 661 noli
1972 620 2115 663 esse
2144 617 2547 679 exasperans
2570 598 2739 660 sicut
2760 597 3005 660 domus

1804 689 2264 770 exasperatrix
2312 694 2429 751 est.
2524 686 2613 749 Et
2659 685 2835 749 dixit
2880 685 3005 767 do-

1804 776 2023 839 minus
2053 776 2140 839 ad
2178 796 2299 839 me.
2391 774 2599 856 Aperi
2648 794 2723 837 os
2766 782 2953 837 tuum
2986 796 3003 837 :

1804 872 1871 927 et
1922 864 2199 927 comede
2246 882 2639 947 quecunque
2690 882 2817 944 ego
2839 862 2864 899 ’
2908 862 3004 925 do

1802 952 1941 1015 tibi.
2038 952 2127 1015 Et
2188 952 2361 1015 vidi:
2424 960 2493 1014 et
2552 970 2705 1013 ecce
2764 969 3005 1014 manus

1805 1041 2005 1104 missa
2048 1040 2135 1103 ad
2185 1060 2292 1103 me
2334 1040 2399 1101 in
2448 1058 2582 1121 qua
2629 1047 2772 1102 erat
2816 1040 3005 1101 invo-

1805 1127 1983 1192 lutus
2042 1128 2243 1193 liber:
2302 1137 2371 1191 et
2429 1127 2755 1208 expandit
2814 1126 3001 1189 illum

1804 1235 2025 1280 coram
2057 1237 2164 1280 me
2194 1218 2305 1299 qui
2337 1224 2479 1279 erat
2507 1216 2791 1297 scriptus
2822 1215 3002 1277 intus

1804 1314 1873 1369 et
1920 1304 2115 1369 soris:
2165 1315 2234 1369 et
2278 1304 2519 1386 scripte
2572 1312 2761 1367 erant
2804 1302 2870 1365 in
2918 1324 3003 1365 eo

1805 1392 2361 1457 lamentationes:
2436 1411 2701 1454 carmen
2770 1400 2839 1455 et
2898 1412 3005 1455 ve.

1804 1481 1915 1545 Re.
1973 1482 2167 1546 Muro
2196 1490 2315 1545 tuo
2346 1479 2847 1562 inexpugnabili
2878 1480 3002 1543 cir-

1801 1571 2148 1653 cumcinge
2194 1590 2315 1634 nos
2344 1569 2656 1633 domine:
2700 1575 2769 1631 et
2800 1569 3001 1631 armis

1803 1667 1917 1721 tue
1947 1659 2246 1741 potentie
2268 1664 2541 1741 protege
2571 1676 2691 1719 nos
2722 1676 3003 1738 semper.

1806 1746 2045 1810 Libera
2093 1746 2361 1811 domine
2413 1746 2577 1809 deus
2630 1745 2819 1807 israel
2866 1744 3001 1808 cla-

1804 1844 2065 1899 mantes
2118 1834 2205 1898 ad
2254 1844 2339 1899 te.
2429 1851 2476 1920 γ
2532 1833 2709 1897 Erue
2761 1852 2882 1895 nos
2932 1834 3001 1896 in

1804 1922 2215 1987 mirabilibus
2260 1924 2429 1988 tuis:
2476 1930 2543 1985 et
2586 1922 2677 1985 da
2720 1920 2999 2003 gloriam

1802 2012 2220 2076 nominituo,
2312 2011 2569 2075 Libera.
2666 2010 2880 2072 Lectio
2908 2011 2999 2091 vj.

1955 2110 1980 2162 t
2010 2101 2183 2163 dixit
2212 2099 2298 2163 ad
2347 2119 2491 2163 me:
2541 2098 2665 2161 Fili
2712 2098 3003 2161 hominis

1951 2188 2393 2270 quodcunque
2424 2186 2749 2249 inveneris
2778 2206 3001 2249 come-

1801 2277 1901 2340 de.
1996 2277 2291 2341 Comede
2321 2274 2632 2339 volumen
2668 2276 2883 2340 istud:
2930 2284 3002 2339 et

1798 2364 2049 2429 vadens
2095 2364 2365 2449 loquere
2413 2363 2500 2427 ad
2561 2361 2735 2426 filios
2788 2362 3001 2427 israel.

1802 2453 1893 2518 Et
1934 2454 2159 2535 aperui
2210 2474 2285 2517 os
2332 2471 2593 2516 meum:
2640 2460 2709 2514 et
2753 2452 3001 2516 cibavit

1802 2563 1909 2606 me
1954 2541 2289 2606 volumine
2325 2541 2456 2606 illo.
2548 2541 2641 2605 Et
2686 2538 2863 2604 dixit
2910 2541 2997 2604 ad

1802 2652 1926 2696 me.
2016 2631 2144 2694 Fili
2205 2630 2491 2694 hominis
2548 2638 2782 2694 venter
2838 2638 2997 2692 tuus

1800 2720 2143 2784 comedet:
2185 2729 2254 2783 et
2282 2720 2530 2784 viscera
2560 2727 2677 2780 tua
2705 2716 2999 2799 comple-

1800 2806 2045 2872 buntur
2072 2807 2405 2872 volumine
2445 2807 2610 2870 isto:
2657 2805 2839 2888 quod
2870 2825 2999 2887 ego

1802 2897 1889 2960 do
1950 2897 2087 2960 tibi.
2180 2895 2271 2960 Et
2322 2895 2581 2959 comedi
2642 2894 2850 2958 illud:
2928 2903 2999 2958 et

1771 2984 2095 3049 sactum³
2150 2994 2253 3049 est
2302 2985 2368 3047 in
2430 3003 2542 3046 ore
2604 3002 2755 3046 meo
2804 2983 2997 3064 quasi

1803 3073 1934 3137 mel
1966 3073 2173 3137 dulce.
2239 3074 2353 3137 Re.
2404 3071 2850 3138 Sustinuimus
2880 3091 2997 3153 pa-

1800 3181 1991 3226 cem:
2036 3171 2103 3226 et
2149 3182 2283 3225 non
2328 3161 2548 3224 venit:
2595 3160 2998 3242 quesivimus

1802 3251 2021 3314 bona:
2069 3259 2135 3314 et
2180 3270 2333 3314 ecce
2376 3249 2708 3313 turbatio:
2753 3267 2997 3330 cogno-

1800 3339 2017 3403 vimus
2077 3338 2344 3401 domine
2414 3346 2689 3419 peccata
2754 3346 2997 3400 nostra.

1804 3427 1959 3491 Non
2036 3427 2521 3508 imperpetuum
2596 3424 3000 3489 obliviscaris

1804 3536 1940 3580 nos.
2033 3533 2080 3602 γ
2128 3516 2551 3578 Peccavimus
2598 3533 2748 3577 cum
2796 3513 2997 3596 patri·

1803 3605 1929 3669 bus
1974 3605 2214 3668 nostris
2253 3603 2496 3686 injuste
2531 3603 2831 3684 egimus:
2878 3601 3002 3663 ini-

1802 3693 2126 3776 quitatem
2160 3691 2450 3755 fecimus.
2514 3690 2687 3754 Non.
2754 3689 3001 3754 Gloria.

1805 3782 1979 3845 Non.
2076 3781 2190 3863 νῇ.
2252 3779 2761 3861 Responsorium.
2851 3777 3003 3841 An-

1802 3871 2019 3952 gustie
2084 3868 2243 3932 mihi
2305 3875 2459 3932 sunt
2521 3868 2856 3951 undique:
2932 3875 3005 3929 et

1804 3959 1965 4040 quid
1998 3957 2238 4040 eligam
2273 3958 2521 4040 ignom.
2615 3955 2855 4019 Melius
2898 3963 3003 4018 est

1806 4047 1964 4110 mihi
2019 4046 2307 4110 incidere
2369 4045 2435 4108 in
2499 4065 2733 4108 manus
2785 4042 3005 4106 homi-

1806 4155 1964 4199 num
2014 4155 2215 4218 quam
2270 4134 2720 4215 derelinquere
2782 4131 3001 4214 legem

1798 4225 1908 4288 dei
1964 4225 2109 4288 mei.
2204 4239 2247 4308 y
2295 4221 2367 4287 Si
2410 4222 2585 4286 enim
2632 4221 2759 4284 hoc
2800 4240 3004 4303 egero

1805 4333 1980 4375 mors
2042 4311 2199 4375 mihi
2262 4320 2400 4374 est:
2465 4311 2517 4372 si
2580 4317 2801 4372 autem
2865 4329 3001 4371 non

2290 4473 2308 4501 ²
2342 4471 2497 4520 sactus
2520 4488 2533 4520 z
2568 4470 2648 4519 W.
2662 4469 2723 4518 N.
