3375 5100
946 310 1202 367 FERJA
1264 291 1574 369 TEffTJA
1630 313 1754 368 AD
1811 312 2184 369 VESPERA
2191 314 2254 371 S.

872 420 1031 477 903

339 526 529 593 nulla
560 527 1023 611 comprimant.
1092 528 1337 593 Presta
1355 536 1545 612 pater

344 618 663 700 piissime.
684 632 732 703 y
766 616 1387 699 Dirigaturdomine
1398 638 1545 681 ora-

342 707 443 769 tio
476 725 641 769 mea.
688 706 821 769 Αῆ.
900 706 1295 789 Magnificat
1318 708 1543 770 anima

342 814 496 857 mea
508 794 875 857 dominum.
892 804 995 877 pf.
1030 796 1279 877 Ipsum.
1302 795 1543 877 Kyrie-

343 880 575 945 leison.
634 890 699 945 et
734 892 929 946 cetere
958 893 1177 966 preces
1218 884 1539 948 minores.¹

348 976 415 1048 11·
445 970 646 1033 Feria
678 970 773 1053 iij.
805 972 904 1034 ad
926 984 1217 1055 vesperas
1260 980 1366 1037 αῆ.
1462 972 1541 1036 In

342 1059 675 1123 domum.²
1410 1061 1543 1142 pf!

341 1150 699 1280 Letatus
731 1167 877 1211 sum
926 1148 993 1211 in
1045 1148 1149 1211 his
1201 1169 1333 1231 que
1362 1150 1543 1213 dicta

482 1246 636 1299 sunt
667 1234 828 1299 mihi
854 1237 956 1301 :in
982 1237 1257 1301 domum
1290 1238 1542 1301 domini

343 1324 605 1389 ibimus,
726 1324 1005 1389 Stantes
1087 1335 1276 1389 erant
1337 1326 1543 1407 pedes

342 1414 550 1477 nostri
578 1434 593 1477 :
656 1412 723 1475 in
756 1414 938 1477 atriis
969 1414 1099 1478 tuis
1129 1413 1540 1479 hierusalem.

338 1500 767 1566 Hierusalem
798 1522 930 1584 que
961 1502 1306 1567 edificatur
1334 1513 1407 1567 ut
1451 1504 1541 1567 ci-

338 1592 552 1655 vitas:
599 1590 786 1673 cujus
834 1593 1251 1673 participatio
1296 1591 1441 1674 ejus
1472 1594 1539 1655 in

342 1678 651 1762 idipsum.
736 1677 911 1744 Illuc
987 1680 1166 1743 enim
1227 1680 1541 1744 ascende-

344 1778 497 1831 runt
532 1767 742 1831 tribus
773 1767 981 1831 tribus
1014 1769 1307 1833 domini:
1354 1769 1540 1832 testi-

343 1856 645 1919 monium
700 1856 895 1920 israel
950 1859 1035 1920 ad
1084 1857 1537 1921 confitendum

344 1945 597 2008 nomini
629 1945 902 2010 domini.
998 1944 1166 2025 Quia
1199 1946 1328 2011 illic
1348 1948 1538 2010 sede-

338 2042 493 2097 runt
518 2033 709 2096 sedes
730 2034 795 2095 in
810 2032 1061 2115 judicio
1089 2056 1103 2098 :
1128 2034 1319 2099 sedes
1342 2054 1541 2117 super

340 2122 619 2185 domum
654 2122 873 2185 david.
965 2123 1235 2205 Rogate
1288 2143 1420 2205 que
1452 2124 1539 2187 ad‘

340 2230 577 2293 pacem
610 2210 1211 2277 sunthierusalem:
1243 2221 1311 2275 et
1332 2212 1538 2276 abun-

334 2299 568 2363 dantia
596 2299 1025 2381 diligentibus
1050 2310 1132 2364 te.
1227 2300 1379 2363 Fiat
1399 2320 1539 2383 pax

341 2388 409 2449 in
441 2387 683 2450 virtute
713 2396 864 2452 tua:
908 2396 977 2451 et
1010 2388 1417 2452 abundantia
1468 2390 1535 2452 in

339 2476 630 2539 turribus
690 2476 838 2539 tuiS.
959 2478 1250 2560 Propter
1303 2477 1535 2541 fratres

340 2585 527 2629 meos
561 2575 631 2628 et
660 2565 1005 2649 proximos
1038 2587 1259 2631 meos:
1307 2567 1535 2650 loque-

337 2654 460 2716 bar
504 2673 735 2736 pacem
769 2654 855 2718 de
902 2665 985 2718 te.
1075 2655 1367 2737 Propter
1410 2656 1533 2719 do-

334 2762 521 2805 mum
554 2743 806 2806 domini
854 2743 958 2807 dei
989 2745 1225 2808 nostri:
1280 2745 1531 2827 quesivi

333 2831 513 2895 bona
554 2830 719 2895 tibi.⁴
782 2831 918 2895 Αῆ.
992 2831 1071 2895 In
1112 2833 1389 2896 domum
1414 2833 1535 2896 do-

336 2920 500 2982 mini
532 2919 815 2984 letantes
848 2920 1107 2986 ibimuS.
1195 2922 1332 2986 Asi.
1396 2920 1530 3004 Qui

340 3007 651 3072 habitas?
1402 3009 1532 3092 pff

328 3097 547 3228 Ad
580 3107 647 3160 te
679 3097 892 3161 levavi
924 3097 1151 3162 oculos
1176 3118 1391 3162 meos:
1418 3097 1530 3180 qui

500 3183 760 3249 habitas
792 3187 859 3249 in
884 3187 1057 3251 celiS.
1144 3187 1335 3252 Ecce
1362 3187 1531 3251 sicut

334 3272 515 3337 oculi
528 3294 866 3338 servorum
886 3297 899 3339 :
915 3275 982 3338 in
998 3274 1305 3339 manibus
1317 3275 1531 3340 domi-

332 3381 575 3425 norum
608 3383 895 3427 suorum.
992 3363 1185 3427 Sicut
1210 3364 1381 3428 oculi
1414 3384 1531 3428 an-

331 3449 483 3512 cille
516 3451 581 3514 in
615 3451 921 3515 manibus
942 3452 1213 3516 domine
1242 3473 1360 3516 sue
1388 3474 1403 3517 :
1436 3454 1531 3517 ita

329 3538 505 3603 oculi
538 3540 743 3603 nostri
789 3540 875 3604 ad
928 3542 1273 3604 dominum
1327 3543 1527 3606 deum

330 3638 629 3693 nostrum
662 3629 875 3693 donec
899 3629 1286 3693 misereatur
1305 3630 1531 3695 nostri.

326 3717 655 3782 Miserere
688 3719 893 3781 nostri
926 3718 1196 3781 domine
1220 3719 1529 3782 miserere

327 3806 573 3870 nostri:
618 3807 777 3889 quia
823 3806 1109 3871 multum
1157 3806 1388 3889 repleti
1420 3827 1529 3870 su-

326 3914 477 3958 mus
500 3895 945 3977 despectione.
1038 3895 1211 3975 Quia
1241 3895 1525 3960 multum

430 4131 445 4162 ¹
489 4133 503 4159 ⁸
516 4147 628 4180 cum
674 4132 891 4181 oratione
930 4131 1004 4179 ad
1050 4131 1181 4181 diem
1228 4131 1525 4195 perte'ncnte’
1555 4156 1563 4165 ·

326 4199 433 4287 adc'l
444 4213 461 4246 .·
494 4199 563 4247 E.
577 4199 633 4248 G.
714 4203 729 4226 ‘
744 4202 792 4248 A
814 4197 1033 4248 Domine
1056 4199 1186 4248 nein
1204 4198 1275 4246 ira
1290 4215 1442 4264 usque
1462 4199 1535 4249 ad

324 4265 399 4315 xl·
425 4265 722 4380 'anZQG'In
746 4333 951 4382 domum
967 4331 979 4353 ’
1002 4345 1102 4380 om.
1130 4349 1143 4380 :
1178 4330 1239 4382 E.
1250 4332 1313 4383 G.

426 4399 545 4461 ’pit
583 4409 668 4474 123
694 4413 711 4446 .·
745 4401 882 4448 ΕΟ.

426 4467 445 4495 ⁴
485 4471 499 4493 ⁴
520 4463 697 4512 Gloria
721 4467 847 4530 patri
866 4466 879 4489 ’
906 4465 1003 4514 add
1032 4483 1045 4515 :
1080 4463 1214 4513 E.G.

424 4533 445 4560 ⁸
484 4533 619 4580 ‘Ari
648 4531 761 4596 'Qui
788 4532 1013 4582 habitas'
1038 4547 1143 4582 om.
1172 4549 1189 4581 :
1222 4530 1365 4582 E.G.

2162 424 2318 478 904

1642 528 1898 614 repleta
1928 537 2031 594 est
2061 530 2288 595 anima
2307 537 2572 596 nostra:
2603 550 2845 615 oppro-

1642 616 1860 683 brium
1894 619 2388 683 abundantibus
2449 628 2516 683 et
2569 621 2844 702 despec-

1640 708 1740 771 tio
1801 707 2146 790 superbis.⁴
2220 716 2326 771 aii.
2395 706 2530 790 Qui
2576 708 2842 772 habitas

1642 796 1710 857 in
1733 794 1892 859 celis
1925 797 2231 859 miserere
2261 795 2468 860 nobis,
2514 797 2650 861 Αῆ.
2695 796 2843 860 Ad-

1634 882 2003 967 jutorium.⁷
2489 884 2840 966 psalmus-,⁸

1640 972 1913 1104 Nisi
1989 972 2147 1054 quia
2195 971 2504 1037 dominus
2565 982 2708 1037 erat
2771 974 2840 1037 in

1807 1061 2000 1124 nobis
2033 1061 2212 1125 dicat
2241 1080 2418 1125 nunc
2451 1062 2680 1126 israel:
2713 1062 2840 1125 nisi

1644 1149 1800 1231 q‘uia
1829 1149 2137 1213 dominus
2160 1160 2302 1213 erat
2333 1150 2400 1213 in
2424 1150 2633 1214 nobiS.
2672 1149 2838 1217 Cum

1643 1248 2050 1320 exurgerent
2077 1238 2381 1301 homines
2412 1237 2478 1301 in
2512 1258 2632 1302 nos
2661 1259 2675 1302 :
2709 1238 2838 1302 sor-

1641 1334 1712 1389 te
1747 1327 1934 1390 vivos
1957 1326 2396 1409 deglutissent
2428 1347 2566 1391 nos.
2665 1326 2832 1393 Cum

1650 1414 2041 1479 irasceretur
2071 1416 2250 1479 furor
2279 1435 2508 1478 eorum
2559 1416 2625 1478 in
2672 1436 2837 1480 nos:

1638 1502 1914 1568 forsitan
1965 1524 2140 1587 aqua
2191 1503 2636 1569 absorbuisset
2696 1523 2835 1567 nos

1650 1592 2042 1656 Torrentem
2117 1594 2539 1675 pertransivit
2614 1593 2840 1656 anima

1640 1691 1866 1745 nostra
1889 1681 2161 1745 forsitan
2208 1680 2666 1764 pertransisset
2697 1682 2840 1755 ani-

1640 1789 1754 1831 ma
1774 1780 2003 1833 nostra
2027 1790 2040 1833 :
2065 1788 2308 1852 aquam
2324 1768 2833 1834 intolerabilem.

1638 1857 2043 1921 Benedictus
2103 1858 2448 1921 dominus:
2525 1858 2640 1939 qui
2703 1878 2836 1920 non

1638 1946 1826 2009 dedit
1853 1966 1974 2009 nos
1999 1946 2064 2009 in
2085 1944 2501 2028 captionem⁹
2525 1946 2837 2009 dentibus

1638 2054 1888 2099 eorum.
2021 2036 2276 2099 Anima
2351 2044 2580 2097 nostra
2663 2036 2836 2098 sicut

1638 2142 1866 2205 passer
1925 2132 2152 2205 erepta
2221 2132 2354 2187 est:
2431 2122 2516 2186 de
2589 2121 2832 2205 laqueo

1638 2212 2038 2275 venantium.
2135 2210 2452 2293 Laqueus
2506 2213 2829 2274 contritus

1638 2309 1740 2363 est
1771 2320 1785 2365 ε
1818 2310 1887 2363 et
1918 2320 2039 2363 nos
2071 2299 2327 2363 liberati
2352 2320 2594 2363 sumus.
2685 2300 2834 2363 Ad-

1630 2388 1954 2470 jutorium
1989 2397 2290 2452 nostrum
2323 2388 2389 2451 in
2415 2389 2684 2452 nomine
2715 2388 2836 2451 do-

1636 2478 1838 2542 mini:
1871 2478 1985 2560 qui
2019 2476 2172 2541 fecit
2196 2476 2412 2540 celum
2444 2486 2513 2540 et
2543 2477 2834 2541 terram.⁴

1633 2575 1743 2630 αῆ.
1799 2567 2234 2648 Adjutorium
2268 2575 2566 2629 nostrum
2615 2567 2680 2629 in
2715 2585 2834 2629 no-

1632 2656 1812 2718 mine
1831 2656 2098 2719 domini.
2130 2655 2263 2719 Αῆ.
2299 2653 2655 2718 Benefac.¹⁰
2685 2655 2836 2736 pilu

1773 2745 1836 2807 ui
1867 2743 2213 2807 confidunt
2246 2744 2312 2806 in
2355 2743 2630 2806 domino
2662 2743 2835 2807 sicut

1774 2853 1964 2895 mons
2009 2851 2224 2914 syon:
2271 2851 2405 2895 non
2452 2851 2833 2895 commove-

1631 2921 1812 2984 bitur
1842 2922 1910 2984 in
1956 2930 2256 2984 eternum
2307 2921 2420 3002 qui
2472 2919 2732 2983 habitat
2765 2921 2832 2983 in

1630 3007 2044 3074 hierusalem.
2133 3009 2412 3073 Montes
2444 3007 2511 3071 in
2557 3007 2830 3072 circuitu

1632 3098 1776 3179 ejus
1795 3107 1864 3161 et
1895 3099 2204 3162 dominus
2226 3099 2292 3161 in
2324 3097 2596 3161 circuitu
2618 3116 2830 3179 popu-

1632 3185 1677 3250 li
1709 3187 1850 3250 sui:
1897 3207 1984 3250 ex
2014 3187 2142 3250 hoc
2189 3205 2364 3250 nunc
2409 3196 2481 3249 et
2523 3185 2830 3267 usquein

1632 3274 1947 3348 seculum.
2072 3274 2242 3354 Quia
2305 3295 2438 3338 non
2499 3274 2829 3356 relinquet

1631 3363 1946 3428 dominus
2049 3365 2304 3444 virgam
2404 3372 2829 3445 peccatorum

1630 3473 1830 3534 super
1859 3461 2104 3516 sortem
2147 3451 2516 3532 justorum:
2565 3460 2640 3513 ut
2695 3469 2830 3513 non

1629 3541 2004 3604 extendant
2057 3540 2220 3623 justi
2269 3541 2356 3603 ad
2408 3539 2829 3621 iniquitatem

1632 3650 1869 3693 manus
1915 3649 2086 3694 suaS.
2176 3627 2471 3692 Benesac
2525 3628 2834 3692 domine:

1628 3719 1822 3782 bonis
1883 3727 1952 3782 et
2013 3717 2208 3781 rectis
2267 3717 2483 3780 corde.
2603 3715 2834 3779 Decli-

1626 3816 1864 3870 nantes
1895 3815 2118 3870 autem
2146 3806 2213 3869 in
2246 3803 2685 3887 obligationes
2718 3804 2836 3868 ad-

1625 3896 1825 3960 ducet
1866 3896 2176 3960 dominus
2219 3915 2370 3958 cum
2401 3894 2831 3976 operantibus

1729 4133 1752 4162 0
1825 4137 1848 4148 “
2005 4145 2016 4158 α
2377 4131 2412 4144 '¹
2449 4144 2460 4157 .

1729 4201 1748 4228 2
1777 4129 2452 4262 ff'iiffitdssifimuifssssj
2476 4131 2662 4247 ἕο.

1728 4266 1749 4296 ⁸
1771 4271 1850 4329 pf.
1886 4275 2014 4326 123:
2049 4265 2118 4314 E.
2132 4264 2190 4314 G.
2261 4264 2433 4328 cxxiij.
2456 4278 2475 4312 .·
2506 4263 2559 4312 S.

1693 4329 1748 4398 ζ·
1780 4331 2015 4394 captione
2041 4347 2053 4380 :
2087 4330 2231 4379 w.S.

1711 4397 1748 4428 ¹⁰
1789 4399 1924 4447 ‘Am
1965 4395 2206 4445 Benefac'
2233 4411 2332 4445 om.
2365 4413 2378 4445 :
2413 4395 2548 4446 E.G.

1697 4463 1748 4528 ,⁸¹
1775 4469 1858 4528 px.
1885 4475 2007 4526 124:
2039 4463 2180 4513 E.G.
