3375 5100
1215 335 1342 389 AD
1387 334 1517 389 MA
1533 334 1919 390 TUTINAS.

873 444 1026 499 795

354 546 578 613 'oleum
609 570 622 613 :
667 557 737 613 et
767 549 891 634 ipsi
923 558 1078 614 sunt
1104 548 1340 630 jacula.
1395 550 1561 625 Jac-

357 647 430 701 ta
476 660 675 721 super
709 640 1050 703 dominum
1099 658 1324 703 curam
1372 646 1557 702 tuam

356 736 427 790 et
473 728 613 809 ipse
663 736 732 791 te
777 728 1062 791 enutriet
1090 728 1144 791 :¹
1195 747 1330 790 non
1368 728 1558 791 dabit

356 815 424 877 in
466 825 766 879 eternum
815 815 1312 879 fluctuationem
1357 815 1556 897 justo,

366 904 466 968 Tu
513 924 672 967 vero
721 904 882 967 deus
937 905 1226 969 deduces
1277 924 1432 967 eos:
1487 905 1554 967 in

354 1001 634 1074 puteum
667 992 984 1057 interitus,
1095 993 1238 1057 Viri
1286 994 1552 1076 sangui-

354 1100 516 1144 num
563 1090 630 1144 et
667 1080 880 1145 dolosi
927 1102 1060 1145 non
1108 1081 1556 1145 dimidiabunt

353 1168 495 1232 dies
547 1189 746 1234 suos:
804 1190 932 1253 ego
990 1179 1218 1234 autem
1271 1170 1553 1252 sperabo

350 1257 418 1319 in
481 1267 550 1321 te
601 1258 920 1323 domine.²
1009 1261 1290 1324 Avertet
1337 1260 1552 1322 domi-

350 1365 478 1409 nus
507 1348 966 1429 captivitatem
1000 1348 1211 1430 plebis
1243 1368 1376 1411 sue.

346 1435 796 1567 Miserere
829 1437 956 1500 mei
983 1437 1147 1499 deus
1171 1435 1552 1519 [Psalmus.⁸

531 1526 850 1606 quoniam
875 1523 1284 1589 conculcavit
1305 1545 1412 1587 me
1429 1524 1549 1587 ho-

350 1631 501 1675 mo:
550 1622 696 1676 tota
740 1613 850 1676 die
895 1614 1294 1695 impugnans
1339 1612 1547 1677 tribu-

347 1699 510 1764 lavit
571 1721 695 1765 me.
813 1700 1378 1768 Conculcaverunt
1439 1721 1548 1765 me

346 1788 594 1852 inimici
643 1791 775 1854 mei
823 1798 968 1853 tota
1016 1791 1162 1854 die:
1228 1790 1544 1872 quoniam

345 1877 538 1941 multi
605 1877 929 1942 bellantes
1006 1880 1355 1941 adversum
1418 1899 1543 1943 me.

343 1965 462 2028 Ab
503 1964 856 2031 altitudine
901 1968 1033 2030 diei
1079 1967 1370 2031 timebo:
1417 1988 1544 2050 ego

342 2074 501 2117 vero
579 2055 644 2118 in
720 2065 790 2118 te
857 2056 1155 2139 sperabo
1263 2056 1349 2120 In
1411 2057 1544 2120 deo

343 2140 636 2206 laudabo
667 2164 1002 2209 sermones
1041 2165 1262 2208 meos:
1311 2146 1379 2208 in
1411 2145 1542 2208 deo

342 2232 600 2311 speravi
655 2253 788 2295 non
835 2234 1086 2296 timebo
1131 2232 1291 2316 quid
1341 2232 1541 2297 faciat

342 2318 504 2382 mihi
539 2340 707 2385 caro.
809 2321 980 2384 Tota
1013 2322 1120 2384 die
1150 2321 1354 2384 verba
1389 2342 1541 2385 mea

341 2409 875 2474 execrabantur:
978 2410 1329 2474 adversum
1431 2430 1540 2475 me

339 2515 574 2562 omnes
651 2499 1087 2581 cogitationes
1163 2518 1392 2563 eorum
1469 2500 1536 2563 in

341 2586 610 2650 malum.
713 2587 1198 2652 Inhabitabunt
1273 2598 1342 2652 et
1415 2588 1537 2652 ab·

337 2675 702 2739 scondent:
741 2677 864 2757 ipsi
894 2677 1276 2740 calcaneum
1311 2696 1534 2740 meum

337 2760 798 2828 observabunt.
861 2765 1055 2830 Sicut
1085 2766 1536 2830 sustinuerunt

339 2850 632 2915 animam
681 2873 941 2918 meam:
988 2874 1108 2936 pro
1155 2853 1361 2918 nihilo
1407 2853 1536 2917 sal-

335 2957 457 3000 vos
506 2939 702 3004 facies
748 2942 940 3006 illos:
987 2945 1055 3006 in
1106 2944 1203 3006 ira
1247 2943 1534 3027 populos

338 3027 726 3110 confringes,
816 3030 1006 3094 Deus
1050 3033 1256 3096 vitam
1314 3051 1532 3095 meam

333 3118 726 3180 annunciavi
758 3118 920 3183 tibi:
969 3121 1242 3202 posuisti
1275 3119 1535 3202 lachry-

334 3222 478 3268 mas
509 3225 692 3268 meas
722 3207 789 3270 in
821 3219 1178 3291 conspectu
1211 3219 1344 3273 tu0.
1425 3209 1533 3274 Si-

335 3302 448 3356 cut
479 3303 545 3356 et
577 3295 641 3357 in
687 3297 1121 3377 promissione
1165 3307 1324 3363 tua:
1373 3306 1531 3361 tunc

334 3391 802 3447 convertentur
830 3385 1075 3451 inimici
1121 3387 1249 3448 mei
1297 3395 1532 3449 retror-

332 3490 500 3536 sum.
574 3472 662 3536 In
695 3493 1090 3556 quacunque
1125 3474 1236 3538 die
1269 3475 1531 3539 invoca-

328 3579 486 3622 vero
525 3569 639 3625 te:
687 3581 839 3626 ecce
884 3563 1164 3644 cognovi
1212 3565 1529 3645 quoniam

331 3647 494 3712 deus
543 3669 728 3712 meus
768 3671 856 3714 eS.
945 3651 1030 3714 In
1063 3650 1194 3714 deo
1241 3651 1531 3716 laudabo

329 3736 606 3800 verbum
639 3739 706 3801 in
741 3739 1014 3802 domino
1062 3739 1352 3803 laudabo
1397 3761 1532 3804 ser·-

332 3843 641 3890 monem:
689 3827 756 3890 in
803 3828 932 3891 deo
975 3830 1233 3912 speravi
1283 3848 1416 3892 non
1449 3830 1531 3894 ti-

331 3913 531 3977 mebo
589 3915 751 3997 quid
823 3915 1023 3983 faciat
1084 3916 1246 3980 mihi
1307 3918 1528 3982 homo.

326 4000 412 4063 In
447 4022 552 4064 me
597 4013 755 4071 sunt
797 4004 962 4068 deus
1005 4015 1166 4070 vota
1195 4015 1350 4070 tua:
1397 4027 1528 4088 que

326 4091 602 4153 reddam
650 4091 1066 4157 laudationes
1111 4094 1253 4158 tibi.
1349 4094 1525 4174 Quo-

327 4179 506 4242 niam
539 4181 836 4263 eripuisti
867 4183 1160 4248 animam
1187 4203 1408 4248 meam
1439 4185 1527 4247 de

419 4353 434 4384 ¹
475 4352 592 4403 ‘et’
624 4353 762 4404 add:
797 4355 991 4406 E.G.S.

416 4421 438 4451 ²
477 4425 491 4449 ‘
517 4419 695 4469 Gloria
719 4422 848 4486 patri
871 4421 1000 4472 Are)
1034 4423 1135 4473 add
1159 4441 1171 4476 :
1207 4423 1402 4477 E.G.S.

412 4489 434 4518 ³
455 4493 535 4552 ps.
567 4496 666 4551 55:
699 4489 834 4538 E.G.
911 4490 975 4538 lv.
993 4503 1012 4538 .·
1033 4491 1086 4539 S.

413 4557 432 4586 ⁴
457 4561 534 4618 ps.
567 4553 666 4618 56:
705 4555 762 4604 G.
835 4555 955 4620 ἀρ’..-
990 4555 1042 4605 S.

2175 442 2327 499 796

1661 556 1877 613 morte
1918 554 1987 613 et
2018 548 2225 631 pedes
2270 568 2455 613 meos
2500 550 2587 613 de
2631 549 2862 635 lapsu:

1662 646 1737 701 ut
1768 638 2067 720 placeam
2100 658 2323 701 coram
2354 637 2483 702 deo
2514 639 2581 702 in
2613 639 2865 703 lumine

1659 727 2043 789 viventium.
2504 728 2861 793 Psalmus.⁴

1657 816 2104 947 Miserere
2157 814 2287 877 mei
2340 814 2507 877 deus
2555 818 2862 881 miserere

1867 904 2040 967 mei:
2087 903 2404 984 quoniam
2444 904 2511 966 in
2542 912 2612 967 te
2656 906 2861 969 confi-

1659 991 1761 1055 dit
1814 992 2039 1055 anima
2098 1010 2264 1055 mea.
2358 992 2457 1055 Et
2506 993 2572 1055 in
2624 994 2861 1058 umbra

1657 1079 1913 1143 alarum
1963 1090 2227 1143 tuarum
2278 1080 2597 1162 sperabo:
2646 1081 2859 1147 donec

1656 1176 1953 1233 transeat
1982 1169 2313 1250 iniquitas,
2412 1168 2740 1235 Clamabo
2772 1172 2856 1235 ad

1654 1257 1856 1321 deum
1889 1257 2325 1322 altissimum:
2364 1257 2565 1321 deum
2597 1260 2709 1341 qui
2742 1259 2856 1323 be-

1654 1346 1897 1411 nefecit
1949 1346 2127 1409 mihi.
2215 1345 2423 1409 Misit
2468 1348 2553 1411 de
2598 1348 2743 1411 celo
2788 1358 2857 1412 et

1654 1434 1957 1499 liberavit
2018 1454 2169 1498 me:
2236 1434 2425 1498 dedit
2484 1436 2552 1499 in
2613 1456 2855 1518 oppro-

1654 1522 1871 1586 brium
1920 1521 2384 1587 conculcantes
2431 1543 2553 1588 me.
2643 1525 2856 1589 Misit

1649 1612 1817 1674 deus
1863 1612 2379 1675 misericordiam
2420 1632 2611 1675 suam
2644 1622 2712 1677 et
2743 1635 2855 1677 ve-

1652 1700 1917 1763 ritatem
1978 1720 2219 1763 suam:
2283 1709 2352 1763 et
2412 1701 2652 1783 eripuit
2711 1704 2853 1766 ani·-

1651 1808 1831 1851 mam
1866 1808 2085 1851 meam
2118 1788 2202 1851 de
2228 1789 2450 1852 medio
2480 1789 2850 1855 catulorum

1650 1875 1935 1940 leonum.
2022 1876 2305 1941 dormivi
2400 1877 2848 1945 conturbatus·

1645 1965 1811 2027 Filii
1886 1964 2229 2027 hominum
2309 1964 2547 2029 dentes
2619 1987 2848 2031 eorum

1646 2073 1835 2117 arma
1881 2062 1949 2117 et
1998 2054 2280 2135 sagitte:
2343 2062 2411 2117 et
2463 2055 2691 2135 lingua
2738 2077 2850 2119 eo-

1645 2162 1792 2205 rum
1855 2141 2116 2225 gladius
2175 2150 2426 2208 acutus,
2512 2143 2849 2209 Exaltare

1643 2251 1843 2314 super
1885 2231 2063 2294 celos
2109 2231 2316 2294 deus:
2362 2230 2530 2295 etin
2573 2252 2843 2297 omnem

1641 2328 1886 2383 terram
1961 2318 2171 2402 gloria
2245 2329 2378 2383 tua.
2490 2318 2841 2402 Laqueum

1642 2416 2041 2490 paraverunt
2071 2408 2355 2490 pedibus
2394 2408 2597 2473 meis:
2644 2418 2712 2473 et
2744 2410 2841 2473 in-

1639 2505 2078 2562 curvaverunt
2101 2498 2394 2560 animam
2420 2516 2657 2563 meam.
2712 2498 2841 2563 Fo-

1641 2587 1883 2650 derunt
1912 2595 2068 2649 ante
2113 2585 2351 2650 faciem
2398 2605 2617 2649 meam
2660 2586 2841 2651 fove·

1639 2694 1791 2739 am:
1838 2683 1906 2739 et
1937 2673 2309 2738 inciderunt
2347 2674 2413 2737 in
2462 2695 2629 2745 eam,
2704 2676 2841 2739 Pa-

1641 2772 1860 2827 ratum
1892 2783 2004 2828 cor
2050 2783 2275 2826 meum
2323 2761 2487 2826 deus
2532 2775 2839 2846 paratum

1637 2872 1754 2915 cor
1783 2872 2005 2915 meum
2035 2873 2050 2916 :
2096 2851 2385 2916 cantabo
2416 2860 2484 2915 et
2507 2852 2840 2935 psalmum

1638 2941 1906 3006 dicam!
1978 2941 2261 3023 Exurge
2300 2939 2510 3022 gloria
2541 2960 2689 3005 mea
2721 2961 2841 3006 ex-

1637 3051 1801 3113 urge
1839 3029 2225 3113 psalterium
2257 3037 2325 3093 et
2356 3027 2668 3110 cythara:
2714 3051 2837 3093 ex·

1637 3139 1869 3201 urgam
1902 3117 2209 3183 diluculo,
2303 3116 2685 3183 confitebor
2714 3120 2837 3183 tibi

1633 3209 1701 3271 in
1734 3205 1999 3291 populis
2044 3205 2358 3270 domine:
2404 3215 2473 3269 et
2505 3205 2836 3288 psalmum

1635 3297 1855 3361 dicam
1916 3294 2037 3358 tibi
2099 3295 2167 3357 in
2227 3293 2555 3377 gentibus,
2660 3295 2837 3374 Quo-

1635 3387 1817 3449 niam
1869 3381 2294 3466 magnificata
2344 3391 2445 3446 est
2489 3403 2699 3464 usque
2747 3384 2833 3448 ad

1633 3475 1813 3538 celos
1846 3471 2293 3536 misericordia
2324 3479 2480 3536 tua:
2528 3479 2596 3534 et
2628 3491 2835 3552 usque

1634 3564 1720 3627 ad
1768 3561 1979 3626 nubes
2010 3561 2253 3624 veritas
2284 3570 2417 3622 tua.
2508 3558 2835 3624 Exaltare

1633 3671 1832 3734 super
1866 3649 2045 3715 celos
2088 3649 2291 3713 deus:
2338 3657 2406 3712 et
2450 3666 2647 3731 super
2690 3669 2833 3712 om·-

1633 3759 1787 3803 nem
1856 3749 2099 3803 terram
2175 3736 2388 3820 gloria
2460 3735 2621 3801 tua.⁶
2724 3745 2833 3802 αῆ.

1634 3827 1971 3910 Quoniam
2034 3828 2101 3890 in
2154 3835 2223 3890 te
2272 3823 2550 3889 confidit
2604 3825 2832 3890 unima

1633 3937 1805 3981 mea.
2471 3912 2833 3979 Psalmus.⁷

1627 4007 1781 4140 Si
1813 4024 1965 4069 vere
2006 4003 2238 4104 utique
2258 4000 2585 4104 justitiam
2618 4001 2830 4104 loqui-

1761 4094 1967 4157 mini:
2014 4101 2189 4155 recte
2214 4090 2509 4172 judicate
2555 4090 2669 4154 filu
2708 4092 2829 4155 ho-

1627 4183 1903 4248 minum.
1956 4181 2231 4244 Etenim
2264 4181 2331 4243 in
2364 4178 2561 4242 corde
2592 4180 2828 4264 iniqui-

1785 4359 1806 4388 ⁸
1844 4362 1860 4386 ‘
1878 4355 2084 4406 domino
2102 4354 2114 4376 ’
2135 4354 2267 4406 add:
2306 4353 2437 4403 E.G.

1784 4425 1805 4454 ⁸
1842 4427 1857 4452 ‘
1876 4423 2053 4473 Gloria
2076 4422 2204 4488 patri
2221 4422 2233 4443 ’
2258 4419 2355 4472 add
2381 4436 2393 4468 ι
2430 4419 2624 4473 E.G.S.

1786 4492 1806 4520 τ
1826 4497 1909 4555 ps.
1942 4499 2033 4554 57:
2067 4491 2133 4539 E.
2148 4489 2205 4537 G.
2276 4487 2382 4548 zvis.
2407 4501 2423 4535 .·
2458 4486 2511 4538 S.
