3375 5100
1400 335 1819 392 DOMINJCA
1889 336 2190 390 TERTIA

1088 446 1205 499 311

714 571 821 613 am
899 559 1001 614 ter
1058 552 1395 632 quaternis
1470 551 1747 614 trahitur

716 639 895 702 horis
940 639 1083 702 dies
1127 641 1212 702 ad
1264 659 1607 722 vesperum
1640 658 1747 700 oc-

484 725 495 736 ‘
554 749 711 791 casu
744 727 841 790 sol
874 729 1264 809 pronunciat
1296 729 1507 791 noctis
1539 728 1748 790 redire

555 825 875 897 tempora.
932 816 1080 878 Nos
1110 835 1268 899 ergo
1298 817 1489 898 signo
1520 815 1743 878 deum¹

559 915 851 968 tutemur
925 904 1209 967 claustra
1268 905 1599 987 pectoris:
1666 923 1748 966 ne

556 1013 824 1075 serpens
896 991 1005 1054 ille
1063 993 1388 1056 callidus:
1459 993 1748 1054 intrandi

558 1079 879 1161 temptet²
908 1080 1143 1142 adituS.
1230 1080 1367 1144 Sed
1400 1082 1597 1144 armis
1629 1101 1748 1161 pu-

559 1169 780 1231 dicitie
834 1188 1020 1230 mens
1075 1167 1239 1230 fulta
1294 1169 1449 1250 vigil
1505 1169 1748 1231 libere:

559 1258 917 1320 sobrietate
972 1258 1255 1320 comite:
1330 1257 1589 1320 hostem
1653 1277 1750 1318 re-

562 1344 765 1428 pellat
790 1344 1181 1426 improbum.
1247 1345 1386 1408 Sed
1421 1365 1541 1408 nec
1572 1344 1749 1408 cibo-

562 1453 704 1495 rum
760 1433 1025 1514 crapula
1077 1433 1349 1496 tandem
1412 1434 1750 1497 distendat

559 1541 837 1602 corpora
866 1542 879 1583 :
926 1541 1009 1583 ne
1040 1521 1101 1583 vi
1128 1541 1246 1603 per
1274 1542 1579 1585 somnum
1611 1522 1750 1584 ani-

562 1628 740 1672 mam
768 1607 1169 1672 ludificatam
1196 1609 1463 1692 polluat.
1512 1611 1754 1673 Presta

560 1697 759 1760 beata
790 1697 1085 1761 trinitas:
1129 1700 1417 1761 concede
1468 1699 1753 1780 simplex

561 1787 779 1848 unitas
803 1807 817 1848 :
842 1795 915 1849 ut
938 1785 1269 1849 fructuosa
1292 1788 1423 1850 sint
1441 1789 1571 1850 tuis
1585 1787 1754 1867 jeju—

563 1875 820 1936 niorum
854 1894 1139 1937 munera.
1217 1874 1457 1938 Amen.
1532 1891 1578 1961 γ
1611 1876 1753 1937 An-

565 1963 729 2044 gelis
760 1963 911 2026 suis,
999 1963 1084 2025 ln
1113 1964 1437 2044 evangelio
1464 1973 1569 2026 aii.
1622 1965 1753 2026 De-

564 2051 665 2114 dit
714 2060 902 2133 pater
954 2052 1277 2132 penitenti
1328 2051 1463 2114 filio
1512 2052 1751 2115 stolam

562 2141 843 2221 primam
921 2141 1165 2221 pariter
1231 2150 1299 2203 et
1372 2141 1687 2203 annulum
1738 2162 1751 2203 :

560 2248 717 2291 nam
749 2236 818 2290 et
847 2228 1279 2292 calciamenta
1318 2229 1411 2291 illi
1460 2230 1754 2292 tribuens

561 2317 915 2379 celebravit
992 2337 1306 2398 magnum
1382 2318 1752 2380 convivium

565 2404 887 2467 habemus
935 2404 1176 2467 stolam
1224 2406 1505 2486 primam
1554 2407 1618 2468 in
1659 2404 1752 2467 la-

564 2492 805 2557 vachro
835 2503 903 2557 et
934 2495 1250 2557 annulum
1278 2493 1426 2558 fidei
1452 2496 1754 2576 signacu-

563 2581 723 2645 lum.
796 2590 900 2662 pff.
948 2582 1349 2663 Magnificat.
1514 2583 1754 2646 Oratio,

575 2669 1010 2834 Quesumus
1084 2672 1502 2752 omnipotens
1592 2672 1756 2733 deus

700 2766 855 2820 vota
873 2756 1217 2820 humilium
1244 2760 1529 2840 respice:
1555 2767 1756 2842 atque

568 2845 653 2907 ad
715 2844 1166 2908 defensionem
1228 2858 1520 2909 nostram
1588 2848 1756 2910 dex-

565 2942 777 2995 teram
836 2942 949 2996 tue
1011 2935 1373 3015 majestatis
1447 2937 1754 2999 extende.

570 3022 692 3083 Per
723 3021 1083 3085 dominum.
1149 3024 1274 3086 Ad
1296 3034 1493 3088 matu.
1527 3024 1757 3087 invita.

570 3109 857 3191 Populus
889 3110 1139 3173 domini
1193 3120 1261 3175 et
1308 3133 1463 3175 oves
1516 3133 1758 3195 pascue

568 3197 724 3278 ejus.
796 3198 1035 3261 Venite
1066 3199 1432 3264 adoremus
1493 3210 1592 3282 pf.
1624 3202 1757 3265 Ve-

569 3288 723 3349 nite.
1258 3284 1265 3291 “
1434 3290 1756 3370 Hymnus.

581 3376 913 3508 Clarum
947 3376 1146 3440 decus
1170 3376 1401 3459 jejunii
1434 3389 1758 3441 monstra-

702 3472 810 3528 tur
824 3464 965 3527 orbi
978 3465 1207 3529 celitus
1223 3488 1238 3529 ε
1264 3467 1442 3547 quod
1457 3466 1757 3531 Christus

566 3563 799 3617 auctor
872 3554 1214 3618 omnium:
1290 3555 1452 3619 cibis
1512 3556 1758 3619 dicavit

568 3643 923 3705 abstinens,
1013 3642 1168 3706 Hoc
1215 3663 1478 3725 moyses
1524 3644 1758 3708 charus

567 3731 695 3793 deo
756 3729 1049 3813 legisque
1127 3731 1296 3794 lator
1369 3732 1581 3796 factus
1655 3743 1758 3796 est

566 3817 691 3881 hoc
722 3817 987 3900 helyam
1021 3839 1138 3901 per
1168 3841 1319 3884 aera
1360 3841 1546 3885 curru
1582 3821 1756 3886 leva-

565 3907 659 3970 vit
692 3906 905 3987 igneo.
972 3906 1059 3969 H
1058 3909 1163 3970 inc
1191 3908 1411 3972 daniel
1442 3911 1759 3990 mysteria

567 3996 774 4058 victor
840 3995 1104 4057 leonum
1155 3998 1409 4061 viderat
1460 4018 1579 4079 per
1631 3997 1758 4063 hoc

566 4083 817 4145 amicus
849 4083 1119 4146 intimus
1168 4086 1391 4167 sponsi
1432 4086 1758 4165 johannes

562 4170 813 4233 claruit.
904 4172 1054 4235 Hec
1130 4192 1249 4237 nos
1321 4176 1505 4256 sequi
1583 4176 1760 4239 dona

564 4260 728 4322 deus
804 4259 1118 4341 exempla
1190 4263 1636 4343 parsimonie:
1685 4274 1757 4327 tu

864 4444 877 4473 ¹
911 4442 1139 4493 domini:
1176 4444 1401 4495 E.G.W.

864 4511 883 4540 ²
916 4518 1107 4559 tentet:
1145 4511 1277 4561 E.G.

2371 443 2508 497 312

1858 549 2054 613 robur
2085 570 2256 632 auge
2288 549 2609 611 mentium
2648 548 2814 612 dans
2854 549 3042 630 spiri-

1853 639 1988 702 tale
2017 639 2354 720 gaudium.
2431 637 2670 700 Presta
2704 647 2894 718 pater
2923 658 3045 720 per

1850 727 2056 790 filium
2107 735 2327 808 presta
2381 746 2498 807 per
2554 725 2802 787 almum
2851 727 3043 808 spiri-

1849 824 2032 878 tum:
2079 835 2230 878 cum
2263 816 2364 877 his
2409 835 2528 896 per
2571 833 2766 876 evum
2799 811 3040 895 triplici

1849 924 2018 967 unus
2071 905 2233 966 deus
2291 903 2702 984 cognomine.
2796 903 3040 965 Amen.

1848 993 1930 1056 In
1942 993 2001 1074 j.
2035 1003 2337 1054 nocturno
2365 999 2471 1053 αῆ.
2521 991 2646 1052 Pro
2692 990 2858 1053 fidei.
2935 999 3041 1072 pf.

1852 1081 2096 1144 Beatus
2125 1081 2239 1143 vir.
2327 1089 2432 1142 etc.
2525 1097 2570 1164 y
2665 1079 2859 1142 Dicet
2919 1080 3042 1142 do-

1849 1170 2048 1232 min0.
2753 1167 2966 1229 Lectio
2975 1169 3042 1248 j.

2008 1255 2213 1339 oseph
2265 1275 2414 1319 cum
2475 1255 2806 1318 sedecim³
2863 1266 3044 1318 esset

1846 1258 2326 1433 Jannorum
2389 1343 2702 1428 pascebat
2767 1363 3042 1426 gregem

1848 1454 2000 1496 cum
2034 1432 2338 1496 fratribus
2387 1435 2522 1496 suis
2568 1432 2784 1495 adhuc
2833 1453 3042 1514 puer:

1851 1532 1919 1585 et
1950 1531 2092 1584 erat
2123 1541 2272 1584 curn
2306 1520 2454 1584 filiis
2501 1520 2654 1583 bale
2697 1529 2764 1583 et
2807 1520 3042 1602 zelphe

1853 1630 2136 1673 uxorum
2186 1611 2391 1691 patris
2441 1610 2557 1672 sui.
2647 1609 3040 1672 Accusavit-

1851 1718 1981 1780 que
2039 1699 2270 1762 fratres
2329 1719 2483 1762 suos
2543 1698 2720 1779 apud
2782 1707 3042 1779 patrem

1851 1787 2121 1849 crimine
2173 1787 2474 1869 pessimo,
2569 1785 2769 1849 Israel
2815 1795 3042 1848 autem

1854 1877 2172 1957 diligebat
2242 1875 2480 1957 joseph
2541 1895 2736 1956 super
2809 1894 3044 1937 omnes

1855 1964 2022 2027 filios
2053 1984 2206 2026 suos
2231 1964 2279 2027 :⁴
2313 1985 2392 2026 eo
2413 1965 2590 2045 quod
2613 1965 2679 2025 in
2705 1971 3046 2024 senectute

1853 2054 2187 2134 genuisset
2232 2073 2400 2114 eum.
2495 2052 2806 2132 Fecitque
2849 2053 2904 2112 ei
2938 2061 3044 2112 tu-

1855 2143 2070 2203 nicam
2104 2140 2490 2223 polimitam.
2576 2139 2688 2202 Re.
2722 2139 3043 2202 Videntes

1847 2229 2086 2311 joseph
2117 2251 2157 2292 a
2189 2227 2384 2310 longe
2433 2228 2870 2309 loquebantur
2901 2247 3043 2289 mu-

1856 2326 1971 2380 tuo
2019 2317 2249 2380 fratres
2295 2318 2630 2380 dicentes:
2677 2335 2828 2378 ecce
2869 2335 3044 2377 som-

1855 2407 2070 2469 niator
2120 2407 2336 2469 venit:
2383 2406 2624 2468 Venite
2665 2405 3044 2467 occidamus

1855 2515 2004 2558 eum
2039 2503 2107 2558 et
2150 2495 2491 2558 videamus
2537 2495 2590 2557 si
2644 2494 2895 2576 prosint
2949 2491 3044 2555 illi

1857 2586 2160 2666 sompnia
2213 2604 2348 2647 sua.
2441 2600 2486 2669 y
2535 2582 2813 2664 Cunque
2844 2582 3044 2644 vidis-

1857 2683 2003 2736 sent
2051 2672 2288 2754 joseph
2339 2671 2571 2734 fratres
2625 2673 2722 2733 sui
2779 2670 2956 2752 quod
3005 2690 3046 2732 a

1857 2769 2042 2842 patre
2072 2761 2324 2823 cunctis
2357 2759 2662 2823 fratribus
2685 2757 2835 2840 plus
2865 2778 3049 2820 ama-

1859 2859 2031 2912 retur
2083 2849 2362 2913 oderant
2405 2870 2556 2911 eum
2591 2868 2708 2910 nec
2741 2856 3048 2929 poterant

1856 2940 1915 3000 ei
1948 2939 2299 3020 quicquam
2356 2937 2626 3019 pacifice
2658 2936 2836 3018 loqui
2869 2935 3046 2998 unde

1856 3035 1922 3089 et
1955 3027 2280 3089 dicebant.
2326 3027 2582 3088 Venite.
2734 3024 2943 3087 Lectio
2977 3022 3048 3105 ᾔ.

1875 3116 2024 3245 V
2025 3116 2278 3178 identes
2327 3124 2549 3177 autem
2627 3112 2855 3175 fratres
2905 3112 3048 3192 ejus

2023 3204 2202 3285 quod
2257 3224 2298 3266 a
2349 3212 2535 3285 patre
2588 3200 2736 3284 plus
2797 3201 3049 3264 cunctis

1859 3290 2165 3355 fratribus
2197 3302 2526 3355 amaretur
2557 3292 2828 3353 oderant
2861 3309 3048 3351 eum:

1859 3400 1978 3443 nec
1999 3390 2303 3462 poterant
2324 3381 2382 3442 ei
2403 3381 2755 3461 quicquam
2778 3376 3050 3459 pacifice

1860 3468 2054 3550 loqui.
2131 3468 2400 3532 Accidit
2432 3488 2696 3550 quoque
2728 3477 2801 3530 ut
2831 3466 3048 3527 visum

1858 3558 2188 3620 somnium
2239 3556 2505 3619 referret
2557 3556 2866 3619 fratribus
2913 3555 3051 3616 suis

1857 3666 1988 3728 que
2020 3666 2218 3709 causa
2249 3645 2514 3726 majoris
2544 3645 2677 3707 odii
2711 3642 3048 3706 seminari-

1857 3755 1970 3798 um
2002 3734 2140 3797 suit.
2232 3734 2347 3796 Re.
2383 3734 2580 3797 Dixit
2604 3733 2802 3815 judas
2834 3730 3048 3793 fratri-

1857 3823 1978 3886 bus
2010 3823 2142 3886 suis
2171 3844 2184 3885 :
2231 3842 2384 3885 ecce
2414 3821 2807 3903 hysmaelite
2835 3829 3052 3883 trans-

1855 3920 2012 3974 eunt
2108 3912 2326 3974 venite
2417 3909 2855 3974 venumdetur
2893 3930 2908 3971 ε
2982 3917 3053 3971 et

1860 4020 2095 4063 manus
2158 4009 2378 4062 nostre
2440 4019 2574 4061 non
2650 3997 3049 4079 polluantur.

1862 4088 2034 4152 Caro
2065 4089 2242 4151 enim
2289 4098 2357 4151 et
2411 4088 2611 4150 frater
2659 4096 2882 4149 noster
2932 4094 3052 4147 est.

1859 4194 1906 4261 γ
1955 4176 2236 4258 Cunque
2265 4176 2551 4239 venisset
2575 4175 2782 4238 ruben
2815 4174 2898 4237 ad
2933 4194 3053 4254 pu-

1859 4275 2042 4328 teum
2081 4273 2158 4328 ‘et
2218 4285 2350 4327 non
2427 4265 2782 4327 invenisset
2855 4282 3051 4325 eum:

2089 4449 2109 4478 ⁸
2141 4449 2429 4497 sexdecim:
2465 4448 2528 4499 G.

2093 4518 2110 4546 ⁴
2150 4515 2323 4564 ‘suos’
2361 4531 2487 4563 orn.:
2522 4515 2678 4565 G.W.
