3375 5100
1224 335 1273 406 Q
1284 335 1389 390 UA
1395 335 1563 391 ΒΚΛ
1576 336 1912 392 GESJME.

840 447 997 502 333

306 552 571 620 tabulas
603 551 899 636 lapideas
930 553 997 616 in
1032 551 1339 617 manibus
1371 552 1505 615 suis

309 645 587 724 scriptas
618 652 930 724 utrasque
963 642 1173 726 digito
1204 642 1329 706 dei.
1388 641 1505 705 Vi-

310 732 563 796 denteS.
1124 729 1342 793 Lectio
1365 729 1505 812 vit-'72

315 820 495 951 Et
526 839 647 882 nos
679 839 838 901 ergo
868 819 1101 882 fratres
1141 818 1506 882 charissimi

466 907 661 988 hujus
691 907 1005 990 exemplo
1059 906 1215 971 facti
1269 927 1509 990 appro-

316 996 683 1078 pinquante
712 995 960 1079 pascha
990 996 1057 1062 id
1090 1005 1191 1059 est
1223 995 1331 1059 die
1356 1015 1509 1061 nos-

314 1094 416 1152 tre
470 1085 945 1167 redemptionis
1007 1084 1323 1165 adjuncta
1379 1083 1507 1147 fra-

312 1183 489 1236 trum
520 1183 787 1236 caterva
817 1173 1162 1237 dominum
1193 1181 1341 1237 toto
1370 1193 1511 1235 cor·

310 1262 397 1326 de
458 1281 853 1343 sequamur:
902 1271 969 1324 et
1018 1260 1160 1342 ejus
1219 1262 1509 1342 gratiam

310 1349 729 1432 flagitemus:
795 1360 868 1413 ut
928 1370 1051 1413 nos
1108 1349 1507 1432 spiritalium

308 1439 501 1502 donis
532 1439 849 1502 virtutum
876 1439 1125 1502 saciare
1156 1439 1508 1520 dignetur:

306 1537 639 1609 quatenus
713 1539 1016 1609 tempore
1093 1535 1509 1590 sacrosancte

310 1617 801 1680 resurrectionis
852 1615 1024 1678 illius
1074 1615 1347 1678 interius
1388 1635 1509 1678 ex-

311 1706 651 1786 teriusque
675 1704 985 1770 decenter
1007 1705 1222 1767 ornati
1247 1725 1261 1767 :
1294 1723 1513 1767 sacra-

318 1803 545 1856 menta
556 1803 777 1856 nostre
797 1792 1027 1855 salutis
1051 1813 1219 1874 puro
1236 1811 1509 1874 corpore

312 1882 513 1945 simul
564 1891 631 1945 et
690 1881 889 1945 corde
946 1901 1303 1945 sumamus.
1392 1879 1511 1944 Re.

320 1970 499 2034 Ecce
530 1971 724 2034 mitto
765 1969 1077 2052 angelum
1125 1989 1347 2032 meum
1395 1970 1510 2052 qui

316 2059 629 2140 precedat
662 2067 729 2122 te
760 2067 829 2121 et
859 2058 1191 2122 custodiat
1230 2077 1508 2139 semper.

314 2147 617 2212 Observa
668 2157 738 2210 et
786 2147 939 2210 audi
1000 2167 1233 2209 vocem
1290 2166 1507 2209 meam

310 2246 384 2299 et
416 2235 717 2299 inimicus
748 2255 861 2298 ero
892 2235 1170 2299 inimicis
1221 2235 1390 2298 tuis:
1438 2243 1509 2297 et

310 2323 681 2406 affligentes
728 2333 794 2387 te
840 2321 1129 2406 affligam
1187 2332 1255 2387 et
1286 2342 1509 2404 prece-

306 2413 426 2477 det
473 2423 539 2476 te
588 2411 863 2495 angelus
914 2432 1118 2475 meuS.
1211 2429 1254 2498 γ
1306 2411 1507 2476 Israel

308 2501 367 2564 si
403 2521 506 2565 me
539 2501 820 2566 audieris
852 2521 985 2565 non
1018 2502 1141 2564 erit
1168 2500 1233 2564 in
1252 2509 1321 2565 te
1345 2500 1509 2564 deus

315 2611 541 2654 recens
616 2610 832 2673 neque
908 2590 1217 2653 adorabis
1309 2590 1507 2653 deum

316 2680 607 2743 alienum
638 2699 765 2762 ego
795 2680 972 2743 enim
998 2679 1320 2742 dominus,
1366 2678 1507 2743 Ob-

310 2788 519 2831 serva.
1174 2766 1387 2829 Lectio
1417 2767 1509 2831 ix.

453 2857 583 2920 uod
629 2856 1009 2920 sublevasse
1056 2854 1285 2919 oculos
1316 2856 1510 2937 Jesus

326 2858 521 3023 ρετ
551 2946 926 3009 venientem
959 2944 1043 3007 ad
1087 2964 1158 3006 se
1209 2943 1509 3007 multitu-

308 3034 537 3097 dinem
578 3034 821 3098 vidisse
870 3032 1293 3115 perhibetur:
1340 3032 1507 3095 divi-

312 3142 395 3184 ne
448 3124 715 3205 pietatis
777 3123 1090 3185 indicium
1153 3131 1301 3184 est:
1350 3122 1508 3202 quia

308 3211 617 3274 videlicet
691 3212 945 3274 cunctis
1022 3210 1105 3273 ad
1161 3230 1231 3273 se
1280 3209 1507 3272 venire

309 3300 735 3380 querentibus
794 3300 1009 3382 gratia
1064 3298 1507 3361 misericordie

310 3386 569 3452 celestis
623 3408 956 3452 occurrere
1009 3388 1393 3450 consuevit:
1439 3396 1507 3449 et

312 3496 397 3539 ne
416 3478 752 3558 querendo
776 3496 990 3539 errare
1008 3476 1265 3557 possint
1289 3475 1505 3539 lucem

314 3566 412 3629 sui
474 3566 742 3648 spiritus
791 3566 1041 3647 aperire
1096 3564 1506 3628 currentibus

314 3652 546 3717 solitus
578 3665 694 3717 est.
788 3653 1100 3736 Quinque
1132 3661 1354 3716 autem
1387 3672 1504 3734 pa-

314 3761 431 3805 nes
483 3743 723 3826 quibus
773 3742 1086 3805 dominus
1141 3740 1507 3804 multitudi-

312 3851 466 3894 nem
520 3831 747 3914 populi
800 3831 1157 3894 saturavit:
1212 3830 1505 3912 quinque

308 3929 465 3984 sunt
490 3919 635 3983 libri
662 3920 877 4001 moysi
945 3919 1303 3981 Possumus
1326 3918 1503 3980 enim

308 4018 372 4071 et
408 4030 525 4091 per
554 4009 722 4072 duos
755 4010 968 4090 pisces
998 4006 1163 4071 alios
1205 4007 1374 4070 duos
1408 4007 1503 4068 in—

305 4097 601 4179 telligere
663 4096 864 4161 libros
925 4095 1190 4159 oracula
1250 4094 1501 4159 scilicet

304 4186 780 4269 prophetarum
813 4195 880 4248 et
914 4185 1173 4248 cantica
1206 4182 1501 4267 psalmo-

304 4296 469 4337 rum.
559 4274 673 4337 Re.
721 4274 907 4337 Audi
951 4273 1147 4337 israel'
1189 4282 1503 4355 precepta

305 4363 560 4427 domini
594 4374 663 4427 et
694 4384 775 4425 ea
806 4363 871 4426 in
905 4364 1103 4428 corde
1150 4370 1267 4424 tuo
1313 4360 1500 4443 quasi

310 4454 377 4516 in
443 4452 608 4514 libro
669 4450 897 4514 scribe.
990 4450 1081 4513 Et
1142 4450 1321 4514 dabo
1380 4449 1503 4511 tibi

310 4552 553 4605 terram
612 4540 925 4603 fluentem
973 4538 1075 4602 lac
1122 4546 1189 4601 et
1222 4537 1370 4600 mel.
1462 4552 1508 4622 γ

2120 447 2272 504 884

1614 551 1915 616 Observa
1977 553 2177 636 igitur
2233 563 2300 618 et
2361 556 2515 619 audi
2575 577 2806 621 vocem

1612 661 1832 705 meam
1887 651 1956 706 et
2004 643 2308 706 inimicus
2359 664 2472 707 ero
2527 645 2808 710 inimicis

1610 730 1759 793 tuis,
1810 730 1900 793 Et
1931 731 2124 794 dabo.
2189 731 2430 797 Gloria.
2488 732 2579 796 Et
2610 734 2806 797 dabo.

1612 818 2038 900 Responsoria
2083 820 2386 901 flrialia.
2474 821 2540 884 R
2544 843 2592 885 e.
2673 821 2808 885 At-

1611 907 1866 970 tendite
1899 909 2144 990 popule
2175 930 2362 972 meus
2404 908 2620 992 legem
2669 931 2808 973 me-

1611 1016 1740 1059 am.
1836 996 2162 1060 Inclinate
2221 1018 2452 1061 aurem
2513 1008 2804 1062 vestram

1611 1084 1679 1148 in
1723 1085 1926 1148 verba
1973 1086 2104 1148 oris
2153 1087 2300 1150 mei.
2392 1103 2439 1172 y
2483 1086 2806 1169 Aperiam

1611 1173 1679 1236 in
1701 1172 2032 1254 parabolis
2051 1193 2128 1236 os
2153 1195 2374 1238 meum
2401 1173 2637 1257 loquar
2654 1196 2806 1258 pro-

1612 1263 1974 1344 positiones
2025 1262 2111 1325 ab
2159 1263 2347 1326 initio
2378 1265 2597 1327 seculi.
2693 1264 2808 1327 In-

1610 1349 1872 1414 clinate.
1962 1350 2078 1415 Re.
2125 1351 2266 1415 Vos
2311 1352 2424 1433 qui
2471 1354 2808 1416 transituri

1612 1438 1772 1500 estis
1833 1438 2186 1520 jordanem
2242 1439 2548 1504 edificate
2597 1442 2807 1505 altare

1612 1526 1886 1590 domino
1933 1528 2017 1590 de
2070 1527 2400 1610 lapidibus
2455 1550 2621 1611 quos
2682 1528 2811 1592 fer-

1616 1635 1758 1678 rum
1791 1636 1923 1679 non
1955 1616 2190 1698 tetigit.
2285 1617 2376 1681 Et
2423 1617 2656 1682 offerte
2701 1639 2810 1682 su-

1611 1724 1731 1786 per
1791 1704 1950 1766 illud
2002 1703 2389 1769 holocausta
2441 1717 2510 1770 et
2556 1707 2810 1770 hostias

1612 1791 1920 1874 pacificas
1950 1793 2078 1856 deo
2108 1803 2342 1858 vestre.
2440 1812 2483 1881 γ
2527 1795 2810 1878 Cunque

1612 1881 2008 1944 intraveritis
2062 1891 2302 1945 terram
2345 1903 2547 1965 quam
2594 1885 2810 1948 domi-

1611 1988 1738 2031 nus
1797 1970 2070 2033 daturus
2118 1980 2220 2033 est
2267 1969 2455 2034 vobis
2504 1972 2809 2036 edificate

1612 2057 1704 2121 ibi
1736 2057 1944 2120 altare
1975 2058 2247 2122 domino
2279 2059 2423 2122 deo,
2493 2059 2584 2123 Et
2615 2061 2808 2123 offer-

1611 2153 1696 2210 te.
1775 2147 1890 2209 Re.
1927 2145 2114 2210 Sicut
2145 2146 2236 2210 fui
2270 2167 2418 2210 cum
2453 2168 2685 2230 moyse
2714 2150 2807 2213 ita

1611 2254 1725 2297 ero
1755 2241 1974 2297 tecum
2007 2235 2167 2298 dicit
2210 2236 2536 2300 dominus,
2630 2237 2808 2302 Con-

1612 2321 1855 2386 sortare
1886 2333 1954 2387 et
1985 2332 2130 2387 esto
2162 2325 2469 2388 robustus
2513 2326 2808 2388 introdu-

1610 2431 1720 2474 ces
1774 2411 2093 2494 populum
2145 2433 2366 2475 meum
2425 2414 2508 2476 ad
2562 2423 2804 2477 terram

1612 2499 1782 2565 lacte
1858 2511 1926 2564 et
2002 2499 2198 2565 melle
2259 2510 2660 2567 manantem.
2754 2521 2799 2591 γ

1612 2588 1950 2671 Quoniam
2013 2600 2232 2654 tecum
2283 2612 2428 2655 sum
2497 2592 2808 2657 dominus

1611 2678 1778 2742 deus
1829 2688 1984 2741 tuus
2033 2678 2098 2742 in
2151 2677 2460 2742 omnibus
2505 2681 2592 2743 ad
2645 2702 2806 2764 que-

1610 2787 1871 2849 cunque
1904 2769 2284 2849 perrexeris,
2397 2768 2804 2835 Consortare.

1610 2856 1723 2918 Re.
1775 2856 2025 2937 Popule
2073 2876 2258 2919 meus
2304 2857 2464 2939 quid
2516 2859 2640 2921 feci
2689 2868 2807 2922 aut

1611 2944 1771 3024 quid
1807 2945 2126 3008 molestus
2156 2945 2248 3008 fui
2280 2946 2402 3009 tibi
2431 2967 2446 3009 ε
2479 2949 2808 3030 responde

1612 3031 1774 3095 mihi
1807 3034 2123 3114 quoniam
2169 3054 2295 3115 ego
2325 3034 2532 3098 eduxi
2564 3056 2682 3100 vos
2713 3037 2800 3100 de

1609 3130 1785 3184 terra
1817 3122 2045 3203 egypti
2079 3130 2148 3185 et
2178 3122 2263 3185 de
2293 3123 2498 3186 domo
2528 3126 2804 3188 servitu-

1610 3210 1728 3272 tis:
1762 3210 2202 3292 quadraginta
2225 3212 2414 3273 annis
2439 3212 2506 3274 in
2538 3212 2810 3279 heremo

1612 3318 1858 3360 manna
1891 3298 2030 3379 plui
2062 3299 2265 3361 vobis,
2361 3300 2454 3363 Et
2487 3302 2673 3363 obliti
2707 3322 2808 3365 es-

1609 3386 1698 3449 tis
1759 3406 1864 3448 me
1925 3386 2085 3450 dicit
2145 3387 2473 3451 dominus.
2564 3406 2611 3473 7
2658 3390 2807 3453 Ad·

1610 3474 1776 3537 duxi
1809 3495 1927 3538 vos
1974 3494 2091 3556 per
2136 3474 2468 3538 desertum
2525 3478 2810 3557 quadra-

1608 3564 1797 3645 ginta
1859 3564 2050 3627 annis
2110 3582 2237 3644 ego
2297 3564 2620 3628 dominus,
2716 3566 2810 3629 Et

1609 3651 1817 3714 obliti.
1909 3652 2023 3714 Re.
2071 3650 2352 3715 Adduxi
2384 3672 2502 3715 vos
2539 3674 2659 3735 per
2689 3654 2811 3717 de-

1608 3748 1858 3803 sertum
1923 3740 2368 3821 quadraginta
2427 3744 2620 3804 annis
2680 3762 2814 3825 ego

1609 3828 1919 3891 dominus
1951 3848 2084 3891 non
2131 3837 2286 3891 sunt
2336 3829 2564 3893 attrita
2611 3831 2810 3893 vesti-

1610 3925 1840 3979 menta
1869 3926 2086 3980 vestra
2118 3936 2364 3979 manna
2387 3917 2472 3979 de
2497 3918 2642 3982 celo
2671 3920 2810 4001 plui

1606 4006 1814 4067 vobiS.
1909 4004 1998 4067 Et
2053 4005 2240 4068 obliti
2291 4006 2449 4068 estis
2497 4027 2604 4070 me
2649 4010 2814 4072 dicit

1608 4093 1937 4156 dominus,
2029 4109 2075 4179 γ
2124 4092 2378 4176 Popule
2411 4116 2598 4159 meus
2643 4098 2808 4178 quid

1602 4181 1726 4245 feci
1783 4182 1903 4245 tibi
1955 4190 2072 4245 aut
2125 4183 2286 4264 quid
2339 4182 2660 4249 molestus
2713 4186 2806 4249 fui

1606 4270 1930 4352 responde
2025 4270 2186 4333 mihi
2279 4274 2596 4354 quoniam
2675 4294 2810 4355 ego

1607 4359 1812 4422 eduxi
1865 4379 1983 4421 vos
2032 4359 2116 4422 de
2168 4369 2340 4423 terra
2373 4364 2621 4443 egypti.
2720 4364 2809 4427 Et

1608 4446 1816 4511 obliti.
1906 4446 2021 4509 Re.
2072 4447 2388 4513 Adduxit
2434 4471 2548 4513 eos
2593 4451 2810 4514 domi-

1610 4557 1735 4599 nus
1789 4537 1854 4598 in
1907 4534 2292 4601 fortitudine
2344 4545 2512 4601 terre
2561 4539 2808 4603 cibavit
