3375 5100
1581 355 1687 412 IN
1728 353 1998 412 FESTO

1077 466 1214 522 107

547 573 672 638 bus
701 573 851 638 tuiS.
943 572 1100 638 Post
1129 571 1252 636 hec
1277 569 1474 654 jussit
1503 571 1740 634 beatus

543 662 870 746 johannes
913 661 1038 726 sibi
1075 662 1332 726 foveam
1365 659 1502 724 fieri
1537 659 1742 741 juxta

547 751 796 816 altare:
841 759 911 814 et
932 759 1174 814 terram
1193 749 1366 812 foras
1394 747 1741 813 eeclesiam

547 838 874 922 provehi:
940 848 1010 902 et
1063 839 1405 902 descendit
1464 837 1530 900 in
1591 855 1742 900 eam

549 927 948 1010 expandens
1009 945 1244 990 manus
1302 945 1454 990 suas
1513 933 1583 988 et
1642 924 1745 988 di-

551 1035 759 1081 cens:
838 1015 1166 1078 Invitatus
1225 1015 1309 1077 ad
1371 1013 1741 1078 convivium

553 1113 744 1168 tuum
796 1105 990 1167 venio
1039 1103 1285 1186 gratias
1335 1121 1556 1184 agens
1651 1101 1744 1164 Et

553 1211 706 1256 cum
737 1191 952 1256 omnis
983 1189 1264 1273 populus
1301 1189 1747 1272 respondisset

553 1301 751 1344 amen
775 1302 790 1344 :
833 1280 954 1343 lux
975 1289 1166 1343 tanta
1184 1279 1488 1361 apparuit
1513 1278 1740 1360 super¹

555 1368 933 1450 apostolum
988 1366 1120 1430 fere
1179 1387 1314 1430 una
1383 1367 1595 1430 hora:
1671 1373 1745 1428 ut

555 1456 838 1520 nullius²
869 1455 1166 1519 sufferret
1189 1463 1508 1537 aspectus
1587 1452 1746 1518 Pos-

555 1555 668 1608 tea
699 1545 965 1608 inventa
995 1553 1096 1608 est
1126 1542 1239 1607 illa
1284 1542 1474 1606 fovea
1502 1540 1700 1625 plena
1727 1563 1743 1606 :

557 1633 719 1696 nihil
777 1633 959 1696 aliud
1031 1633 1098 1696 in
1171 1652 1246 1694 se
1304 1631 1560 1694 habens
1619 1630 1743 1693 nisi

557 1741 819 1786 manna.
929 1722 1057 1785 Die
1117 1740 1274 1784 vero
1331 1721 1742 1782 resurrectio-

559 1811 662 1872 nis
721 1810 1048 1874 dominice
1109 1809 1417 1890 migravit
1468 1829 1555 1871 ex
1617 1807 1743 1870 hoc

559 1898 859 1962 mundo:
933 1898 1020 1962 ad
1081 1918 1234 1961 eum
1295 1898 1410 1980 qui
1457 1896 1618 1960 vivit
1676 1905 1745 1959 et

559 1996 793 2067 regnat
881 1987 948 2049 in
1047 1985 1270 2050 secula
1372 1985 1743 2048 seculorum

557 2095 772 2138 amen.
849 2073 964 2138 Re.
1033 2075 1367 2159 Quattuor
1389 2072 1746 2138 animalia?

557 2179 605 2250 y
668 2164 848 2228 Erat.
927 2172 1006 2226 ut
1075 2163 1146 2226 in
1219 2162 1556 2226 communi.
1660 2161 1745 2224 In

557 2251 646 2333 iy'
696 2262 998 2315 nocturno
1054 2272 1160 2315 an.
1249 2250 1587 2333 Apparuit
1635 2271 1745 2314 ca-

558 2341 667 2403 ro⁴
713 2362 835 2404 suo
875 2341 1150 2423 johanni
1199 2339 1508 2403 dominus
1551 2339 1746 2420 Jesus

559 2429 860 2492 Christus
920 2447 1069 2492 cum
1115 2428 1450 2510 discipulis
1494 2428 1630 2490 suis
1677 2437 1747 2490 et

557 2518 650 2581 ait
710 2518 840 2582 illi:
904 2517 1052 2582 veni
1115 2515 1352 2579 dilecte
1413 2535 1600 2580 meus
1658 2515 1745 2579 ad

559 2625 706 2669 me:
754 2607 910 2687 quia
938 2615 1201 2687 tempus
1231 2614 1330 2668 est
1361 2614 1436 2667 ut
1466 2604 1747 2685 epuleris

557 2694 626 2755 in
680 2694 982 2757 convivio
1033 2714 1183 2756 meo
1235 2712 1384 2757 curn
1438 2692 1747 2756 fratribus

559 2782 707 2844 tuis,
755 2790 852 2863 pf.
898 2780 1392 2847 Confitebimur.
1451 2790 1558 2843 αῆ.
1607 2780 1747 2843 Ex-

561 2871 862 2952 pandens
922 2890 1160 2933 manus
1206 2890 1359 2932 suas
1411 2870 1496 2932 ad
1547 2869 1745 2933 deum

559 2958 787 3023 dixit:
855 2958 1168 3022 invitatus
1230 2958 1313 3021 ad
1374 2957 1747 3020 convivium

560 3056 748 3110 tuum
797 3046 994 3109 venio
1045 3046 1289 3129 gratias
1339 3066 1545 3128 agens
1593 3046 1750 3127 quia

563 3155 670 3197 me
734 3135 1046 3217 dignatus
1105 3154 1176 3197 es
1247 3135 1517 3197 domine
1589 3135 1748 3215 Jesu

564 3222 824 3288 Christe
869 3223 954 3287 ad
1001 3232 1150 3287 tuas
1199 3224 1426 3305 epulas
1475 3224 1749 3286 invitare

561 3312 774 3374 sciens
813 3311 992 3393 quod
1039 3332 1128 3374 ex
1173 3320 1318 3375 toto
1355 3312 1555 3374 corde
1600 3331 1749 3374 meo

559 3400 1018 3464 desiderabam
1094 3410 1177 3464 te.
1253 3410 1352 3482 pf.
1422 3400 1751 3463 Dominus

562 3490 863 3571 regnavit
924 3488 1200 3553 exultet.
1289 3498 1392 3552 αῆ.
1461 3489 1750 3552 Domine

559 3580 820 3661 suscipe
851 3598 959 3641 me
979 3587 1052 3641 ut
1083 3598 1233 3641 cum
1259 3577 1568 3640 fratribus
1591 3577 1751 3639 meis

557 3669 684 3731 sim
717 3688 866 3731 cum
901 3667 1138 3749 quibus
1161 3667 1430 3730 veniens
1461 3665 1753 3728 invitasti

559 3778 719 3820 me:
781 3758 960 3839 aperi
1026 3756 1186 3819 mihi
1241 3754 1515 3836 januam
1576 3756 1750 3817 vite:

561 3854 629 3907 et
661 3846 907 3927 perduc
929 3866 1034 3909 me
1059 3844 1165 3909 in*⁵
1195 3846 1567 3908 convivium
1593 3864 1752 3925 epu-

561 3932 771 3996 larum
795 3942 1055 3997 tuarum
1081 3956 1094 3997 :
1128 3942 1200 3997 tu
1226 3954 1296 3996 es
1322 3934 1496 3996 enim
1531 3932 1753 3996 Chris-

562 4029 670 4084 tus
715 4020 886 4084 filius
938 4022 1046 4084 dei
1097 4023 1227 4085 vivi
1281 4024 1393 4105 qui
1442 4029 1754 4105 precepto

670 4184 684 4213 ¹
721 4198 890 4247 supra:
926 4182 1146 4233 E.G.W.

663 4252 685 4282 ²
716 4248 902 4298 nullus:
939 4249 1160 4298 E.G.W.

663 4318 684 4347 ⁸
712 4320 725 4343 ⁶
737 4316 876 4365 ibant
885 4324 934 4365 et
945 4315 1370 4365 revertebanturin
1385 4315 1758 4366 similitudinem

562 4382 773 4447 fulguris
818 4380 1192 4432 choruscantis:
1247 4390 1298 4431 et
1341 4390 1446 4431 erat
1489 4382 1542 4431 in
1591 4383 1761 4433 medio

563 4450 802 4516 splendor
831 4448 961 4513 ignis
983 4456 1032 4499 et
1053 4448 1118 4499 de
1140 4448 1256 4513 igne
1288 4447 1449 4513 fulgur
1482 4450 1753 4513 egrediens.

567 4518 618 4591 Ῡ
655 4527 778 4577 Erat
817 4534 983 4575 autem
1029 4524 1170 4590 quasi
1215 4524 1342 4575 visio
1385 4524 1664 4574 discurrens
1710 4525 1763 4574 in

566 4594 734 4645 medio
748 4602 981 4660 quattuor
1003 4591 1308 4643 animalium.
1354 4592 1418 4641 Et
1442 4592 1520 4641 de.
1565 4592 1755 4642 Gloria.

2350 463 2495 518 108

1840 569 2049 652 patris
2118 569 2438 634 mundum
2508 569 2830 634 salvasti:
2911 572 3033 635 tibi

1838 659 2085 740 gratias
2160 659 2500 723 referimus
2587 680 2703 742 per
2778 658 3036 724 infinita

1840 747 2211 810 seculorum
2244 747 2481 812 secula.
2556 757 2655 830 pf.
2704 749 3037 812 Dominus

1842 835 2141 918 regnavit
2201 836 2581 900 irascantur.
2700 853 2749 922 γ
2816 837 3035 900 Nimis

1840 921 2147 987 honorati
2170 933 2343 988 sunt.
2420 925 2785 990 Secundum
2791 925 3038 1008 johan-

1848 1103 1988 1232 ln
2020 1099 2134 1163 illo
2164 1108 2501 1182 tempore.
2565 1100 2759 1164 Dixit
2796 1101 3038 1183 johan-

1946 1186 2103 1251 nes⁶
2176 1199 2423 1272 petro·
2536 1189 2827 1272 Sequere
2910 1211 3032 1254 me.

1848 1276 2223 1341 Conversus
2296 1287 2521 1360 petrus
2606 1280 2773 1342 vidit
2849 1277 3033 1344 illum

1846 1364 2239 1447 discipulum
2270 1387 2467 1448 quem
2494 1366 2814 1448 diligebat
2843 1368 3037 1449 Jesus

1850 1463 2237 1535 sequentem
2286 1454 2399 1536 qui
2460 1455 2565 1518 et⁷
2620 1457 2919 1518 recubuit
2968 1457 3035 1518 in

1845 1562 2010 1606 cena
2040 1563 2237 1624 super
2268 1552 2497 1624 pectus
2542 1543 2685 1625 ejus
2726 1553 2793 1606 et
2822 1545 3037 1608 dixit:

1845 1631 2139 1694 Domine
2186 1632 2335 1713 quis
2378 1639 2481 1695 est
2524 1633 2639 1714 qui
2686 1633 2906 1696 tradet
2950 1641 3036 1697 te.

1847 1719 1940 1782 Et
1970 1718 2235 1800 reliqua.

1938 1807 2191 1870 Omelia
2236 1807 2619 1873 venerabilis·
2670 1807 2816 1872 bede
2854 1819 3037 1890 pres-

1844 1895 2061 1976 byteri.
3022 1946 3039 1961 .

1844 1987 2131 2134 Patet
2190 2003 2478 2066 namque
2537 1984 2819 2049 fratres:
2880 1986 3039 2068 quia

1985 2092 2139 2135 cum
2178 2073 2485 2136 dominus
2522 2073 2803 2137 dixisset
2846 2084 3037 2156 petro

1848 2160 2139 2242 Sequere
2150 2181 2256 2223 me
2272 2161 2336 2223 id
2356 2162 2485 2224 est⁸
2505 2181 2761 2226 crucem
2780 2164 3036 2244 patien-

1848 2250 1937 2311 do
1982 2249 2241 2312 imitare
2272 2251 2557 2313 surrexit
2588 2251 2673 2314 de
2706 2251 2851 2314 loco
2882 2271 3038 2314 con-

1846 2338 2033 2400 vivii:
2066 2346 2133 2400 et
2153 2336 2372 2400 abire
2346 2359 2487 2418 Jam
2512 2339 2705 2421 cepit.
2754 2339 3039 2404 Secutus

1848 2435 1949 2488 est
1972 2434 2197 2489 autem
2229 2425 2419 2489 eum⁹
2449 2437 2674 2509 petrus
2704 2429 2907 2492 etiarn
2940 2429 3037 2490 in-

1845 2535 2033 2578 cessu
2088 2516 2377 2596 pedum:
2438 2517 2710 2599 cupiens
2762 2515 3037 2600 implere

1848 2603 2026 2685 quod
2060 2604 2353 2667 audivit:
2404 2604 2694 2688 Sequere
2734 2626 2859 2670 me.
2918 2607 3037 2671 Re.

1849 2691 1962 2756 Sic
2035 2712 2188 2755 eum
2259 2692 2411 2755 volo
2486 2714 2751 2758 manere
2824 2694 3039 2759 donec

1846 2780 2125 2843 veniam.
2218 2780 2397 2863 Quid
2446 2782 2530 2844 ad
2570 2793 2635 2845 te
2681 2792 2755 2846 tu
2802 2804 2908 2846 me
2936 2804 3041 2845 se·

1848 2888 2065 2949 quere.
2186 2870 2321 2932 Iste
2375 2891 2598 2933 versus
2662 2872 2913 2935 dicetur
2968 2874 3041 2935 in

1848 2958 1957 3019 die
2010 2967 2283 3020 tantum.
2376 2976 2423 3043 γ
2492 2960 2862 3023 Conversus
2921 2980 3041 3042 pe-

1848 3054 1987 3108 trus
2018 3046 2182 3109 vidit
2205 3046 2388 3110 illum
2412 3047 2805 3129 discipulum
2836 3068 3039 3129 quem

1848 3133 2168 3215 diligebat
2212 3136 2405 3217 Jesus
2451 3136 2537 3198 de
2586 3156 2720 3218 quo
2767 3137 3039 3200 interro-

1848 3223 2055 3304 gabat
2099 3242 2249 3286 eum
2288 3223 2555 3287 dicens:
2616 3226 2885 3289 domine
2932 3225 3042 3288 hic

1849 3321 2074 3374 autem
2124 3312 2322 3393 quid:
2373 3314 2479 3375 cui
2531 3312 2724 3393 Jesus
2772 3334 3043 3414 respon-

1851 3400 1967 3462 dit.
2090 3399 2288 3482 Quid.
2395 3401 2602 3464 Altus
2672 3423 2896 3465 versus
2970 3403 3043 3465 in

1850 3498 2074 3551 octava
2132 3488 2240 3550 dze
2288 3500 2543 3553 tantum
2600 3490 2666 3553 si
2718 3490 3047 3554 dominica

1836 3575 2068 3656 fuerit.
2170 3594 2217 3661 γ
2278 3578 2476 3642 Hunc
2530 3598 2688 3659 ergo
2745 3600 2897 3642 cum
2946 3580 3045 3642 vi-

1852 3665 2058 3727 disset
2098 3676 2323 3747 petrus
2363 3668 2536 3730 dixit
2577 3668 2735 3748 Jesu
2773 3668 3049 3731 domine

1851 3753 1957 3816 hic
1982 3763 2203 3816 autem
2223 3756 2399 3837 quid.
2450 3756 2647 3838 Quid.
2722 3756 3047 3839 Lect.vig'j.

1851 3843 2194 3975 S'ecutus
2226 3854 2326 3907 est
2364 3844 2495 3907 et¹⁰
2532 3845 2640 3906 ille
2682 3844 3049 3927 discipulus

1963 3950 2161 4012 quem
2177 3932 2494 4013 diligebat
2511 3933 2703 4013 Jesus
2718 3933 3051 4015 johannes

1851 4019 2156 4083 videlicet
2183 4020 2373 4102 cujus
2426 4020 2623 4085 hodie
2669 4022 2838 4087 festa
2877 4022 3050 4085 cele-

1858 4183 1926 4232 Et
1948 4182 2048 4233 de.'
2116 4184 2239 4234 add:
2275 4185 2501 4235 E.G.W.
2599 4190 2618 4218 ⁴
2651 4186 2826 4237 charo:
2861 4186 2997 4237 E.G.

1957 4252 1978 4281 ⁸
2011 4266 2101 4315 pro
2132 4251 2243 4300 ‘in'
2268 4252 2355 4301 ad:
2392 4252 2616 4303 E.G.W.

1957 4318 1979 4412 ζ
2006 4316 2171 4411 Jesus:
2207 4318 2432 4433 Κῦνὶῇἶ.

1958 4452 1979 4480 ¹
2011 4392 2102 4515 pff>
2131 4400 2343 4501 ‘idn-esst
2368 4422 2523 4501 idem:
2558 4452 2640 4502 W.

1958 4518 1979 4547 ⁸
2019 4518 2187 4565 ‘eum'
2214 4534 2343 4568 om.:
2379 4519 2511 4568 E.G.

1965 4584 2001 4614 ¹⁰
2040 4582 2156 4633 ‘et’
2192 4600 2321 4634 om.:
2358 4585 2582 4635 E.G.W.
