<?xml version="1.0" encoding="UTF-8"?>
<!DOCTYPE html PUBLIC "-//W3C//DTD XHTML 1.0 Transitional//EN"
    "http://www.w3.org/TR/xhtml1/DTD/xhtml1-transitional.dtd">
<html xmlns="http://www.w3.org/1999/xhtml" xml:lang="en" lang="en">
 <head>
  <title>
</title>
<meta http-equiv="Content-Type" content="text/html;charset=utf-8" />
  <meta name='ocr-system' content='tesseract 3.04.00' />
  <meta name='ocr-capabilities' content='ocr_page ocr_carea ocr_par ocr_line ocrx_word'/>
</head>
<body>
  <div class='ocr_page' id='page_1' title='image "./publicationssur05unkngoog_0103.png"; bbox 0 0 3375 5100; ppageno 0'>
   <div class='ocr_carea' id='block_1_1' title="bbox 1535 365 2005 424">
    <p class='ocr_par' dir='ltr' id='par_1_1' title="bbox 1535 365 2005 424">
     <span class='ocr_line' id='line_1_1' title="bbox 1535 365 2005 424; baseline -0.002 -1"><span class='ocrx_word' id='word_1_1' title='bbox 1535 366 1638 423; x_wconf 86' lang='lat' dir='ltr'><strong>IN</strong></span> <span class='ocrx_word' id='word_1_2' title='bbox 1681 365 2005 424; x_wconf 81' lang='lat' dir='ltr'><em>OCTAVA</em></span> 
     </span>
    </p>
   </div>
   <div class='ocr_carea' id='block_1_2' title="bbox 1059 475 1182 530">
    <p class='ocr_par' dir='ltr' id='par_1_2' title="bbox 1059 475 1182 530">
     <span class='ocr_line' id='line_1_2' title="bbox 1059 475 1182 530; baseline 0 0"><span class='ocrx_word' id='word_1_3' title='bbox 1059 475 1182 530; x_wconf 71' lang='lat'><strong>151</strong></span> 
     </span>
    </p>
   </div>
   <div class='ocr_carea' id='block_1_3' title="bbox 535 581 1740 4279">
    <p class='ocr_par' dir='ltr' id='par_1_3' title="bbox 537 581 1740 2524">
     <span class='ocr_line' id='line_1_3' title="bbox 537 581 1737 668; baseline 0 -22"><span class='ocrx_word' id='word_1_4' title='bbox 537 581 1002 668; x_wconf 73' lang='lat' dir='ltr'>precipiebat:</span> <span class='ocrx_word' id='word_1_5' title='bbox 1060 582 1476 667; x_wconf 77' lang='lat' dir='ltr'><strong>diligentiam</strong></span> <span class='ocrx_word' id='word_1_6' title='bbox 1543 581 1737 667; x_wconf 84' lang='lat' dir='ltr'><strong>polli-</strong></span> 
     </span>
     <span class='ocr_line' id='line_1_4' title="bbox 539 672 1735 738; baseline -0.002 0"><span class='ocrx_word' id='word_1_7' title='bbox 539 683 736 738; x_wconf 84' lang='lat' dir='ltr'><strong>cetur.</strong></span> <span class='ocrx_word' id='word_1_8' title='bbox 847 672 961 736; x_wconf 85' lang='lat' dir='ltr'><strong>Re.</strong></span> <span class='ocrx_word' id='word_1_9' title='bbox 1012 672 1229 736; x_wconf 87' lang='lat' dir='ltr'><strong>Valde</strong></span> <span class='ocrx_word' id='word_1_10' title='bbox 1289 672 1735 737; x_wconf 68' lang='lat' dir='ltr'><strong>honorandus</strong></span> 
     </span>
     <span class='ocr_line' id='line_1_5' title="bbox 541 759 1735 848; baseline 0 -25"><span class='ocrx_word' id='word_1_11' title='bbox 541 777 592 848; x_wconf 73' lang='grc' dir='ltr'>γ</span> <span class='ocrx_word' id='word_1_12' title='bbox 639 761 882 825; x_wconf 85' lang='lat' dir='ltr'><strong>Mulier</strong></span> <span class='ocrx_word' id='word_1_13' title='bbox 911 781 1078 826; x_wconf 91' lang='lat' dir='ltr'><strong>ecce.</strong></span> <span class='ocrx_word' id='word_1_14' title='bbox 1391 761 1604 824; x_wconf 75' lang='lat' dir='ltr'><strong>Lectio</strong></span> <span class='ocrx_word' id='word_1_15' title='bbox 1635 759 1735 842; x_wconf 79' lang='lat' dir='ltr'><strong>iij.</strong></span> 
     </span>
     <span class='ocr_line' id='line_1_6' title="bbox 561 847 1733 981; baseline -0.001 -69"><span class='ocrx_word' id='word_1_16' title='bbox 561 851 898 981; x_wconf 84' lang='lat' dir='ltr'><strong>Verum</strong></span> <span class='ocrx_word' id='word_1_17' title='bbox 949 858 1252 932; x_wconf 88' lang='lat' dir='ltr'><strong>tempore</strong></span> <span class='ocrx_word' id='word_1_18' title='bbox 1302 847 1534 931; x_wconf 88' lang='lat' dir='ltr'><strong>elapso</strong></span> <span class='ocrx_word' id='word_1_19' title='bbox 1579 868 1733 912; x_wconf 87' lang='lat' dir='ltr'><strong>cum</strong></span> 
     </span>
     <span class='ocr_line' id='line_1_7' title="bbox 709 936 1737 1020; baseline 0.001 -20"><span class='ocrx_word' id='word_1_20' title='bbox 709 937 802 1001; x_wconf 91' lang='lat' dir='ltr'><strong>rei</strong></span> <span class='ocrx_word' id='word_1_21' title='bbox 849 939 944 1002; x_wconf 88' lang='lat' dir='ltr'><strong>ita</strong></span> <span class='ocrx_word' id='word_1_22' title='bbox 990 939 1396 1020; x_wconf 84' lang='lat' dir='ltr'><strong>poposcisset</strong></span> <span class='ocrx_word' id='word_1_23' title='bbox 1441 936 1737 1002; x_wconf 88' lang='lat' dir='ltr'><strong>utilitas:</strong></span> 
     </span>
     <span class='ocr_line' id='line_1_8' title="bbox 545 1024 1735 1090; baseline 0 -1"><span class='ocrx_word' id='word_1_24' title='bbox 545 1026 866 1090; x_wconf 91' lang='lat' dir='ltr'><strong>invitatur</strong></span> <span class='ocrx_word' id='word_1_25' title='bbox 893 1027 1130 1089; x_wconf 91' lang='lat' dir='ltr'><strong>iterum</strong></span> <span class='ocrx_word' id='word_1_26' title='bbox 1163 1026 1248 1089; x_wconf 89' lang='lat' dir='ltr'><strong>ad</strong></span> <span class='ocrx_word' id='word_1_27' title='bbox 1289 1024 1470 1089; x_wconf 89' lang='lat' dir='ltr'><strong>illam</strong></span> <span class='ocrx_word' id='word_1_28' title='bbox 1503 1025 1735 1089; x_wconf 89' lang='lat' dir='ltr'><strong>urbem</strong></span> 
     </span>
     <span class='ocr_line' id='line_1_9' title="bbox 537 1114 1739 1197; baseline 0 -19"><span class='ocrx_word' id='word_1_29' title='bbox 537 1114 882 1197; x_wconf 78' lang='lat' dir='ltr'><strong>johannes,</strong></span> <span class='ocrx_word' id='word_1_30' title='bbox 975 1114 1067 1178; x_wconf 93' lang='lat' dir='ltr'><strong>Et</strong></span> <span class='ocrx_word' id='word_1_31' title='bbox 1110 1134 1262 1178; x_wconf 90' lang='lat' dir='ltr'><strong>cum</strong></span> <span class='ocrx_word' id='word_1_32' title='bbox 1311 1123 1530 1178; x_wconf 86' lang='lat' dir='ltr'><strong>cetera</strong></span> <span class='ocrx_word' id='word_1_33' title='bbox 1575 1133 1739 1195; x_wconf 88' lang='lat' dir='ltr'><strong>quo-</strong></span> 
     </span>
     <span class='ocr_line' id='line_1_10' title="bbox 545 1201 1739 1285; baseline -0.002 -19"><span class='ocrx_word' id='word_1_34' title='bbox 545 1223 691 1266; x_wconf 90' lang='lat' dir='ltr'><strong>rum</strong></span> <span class='ocrx_word' id='word_1_35' title='bbox 748 1202 966 1285; x_wconf 89' lang='lat' dir='ltr'><strong>gratia</strong></span> <span class='ocrx_word' id='word_1_36' title='bbox 1022 1211 1294 1266; x_wconf 90' lang='lat' dir='ltr'><strong>venerat</strong></span> <span class='ocrx_word' id='word_1_37' title='bbox 1367 1201 1739 1266; x_wconf 84' lang='lat' dir='ltr'><strong>ordinasset</strong></span> 
     </span>
     <span class='ocr_line' id='line_1_11' title="bbox 544 1289 1733 1374; baseline 0 -20"><span class='ocrx_word' id='word_1_38' title='bbox 544 1311 670 1374; x_wconf 88' lang='lat' dir='ltr'><strong>age</strong></span> <span class='ocrx_word' id='word_1_39' title='bbox 700 1291 914 1373; x_wconf 91' lang='lat' dir='ltr'><strong>inquit</strong></span> <span class='ocrx_word' id='word_1_40' title='bbox 933 1312 975 1354; x_wconf 94' lang='lat' dir='ltr'><strong>o</strong></span> <span class='ocrx_word' id='word_1_41' title='bbox 998 1291 1306 1374; x_wconf 86' lang='lat' dir='ltr'><strong>episcope</strong></span> <span class='ocrx_word' id='word_1_42' title='bbox 1330 1291 1693 1373; x_wconf 88' lang='lat' dir='ltr'><strong>repositum</strong></span> <span class='ocrx_word' id='word_1_43' title='bbox 1716 1289 1733 1328; x_wconf 90' lang='lat'>¹</span> 
     </span>
     <span class='ocr_line' id='line_1_12' title="bbox 547 1379 1738 1462; baseline 0 -20"><span class='ocrx_word' id='word_1_44' title='bbox 547 1387 926 1462; x_wconf 86' lang='lat' dir='ltr'><strong>representa</strong></span> <span class='ocrx_word' id='word_1_45' title='bbox 955 1400 970 1444; x_wconf 94' lang='lat'><strong>:</strong></span> <span class='ocrx_word' id='word_1_46' title='bbox 1017 1379 1196 1461; x_wconf 89' lang='lat' dir='ltr'><strong>quod</strong></span> <span class='ocrx_word' id='word_1_47' title='bbox 1230 1379 1350 1442; x_wconf 92' lang='lat' dir='ltr'><strong>tibi</strong></span> <span class='ocrx_word' id='word_1_48' title='bbox 1383 1399 1510 1461; x_wconf 93' lang='lat' dir='ltr'><strong>ego</strong></span> <span class='ocrx_word' id='word_1_49' title='bbox 1539 1379 1738 1462; x_wconf 88' lang='lat' dir='ltr'><strong>plane</strong></span> 
     </span>
     <span class='ocr_line' id='line_1_13' title="bbox 542 1467 1740 1534; baseline 0.002 -4"><span class='ocrx_word' id='word_1_50' title='bbox 542 1475 614 1532; x_wconf 90' lang='lat' dir='ltr'><strong>et</strong></span> <span class='ocrx_word' id='word_1_51' title='bbox 648 1467 948 1534; x_wconf 87' lang='lat' dir='ltr'><strong>Christus</strong></span> <span class='ocrx_word' id='word_1_52' title='bbox 991 1468 1606 1532; x_wconf 87' lang='lat' dir='ltr'><strong>commendavimus</strong></span> <span class='ocrx_word' id='word_1_53' title='bbox 1631 1488 1740 1532; x_wconf 91' lang='lat' dir='ltr'><strong>ec-</strong></span> 
     </span>
     <span class='ocr_line' id='line_1_14' title="bbox 547 1555 1737 1638; baseline 0 -18"><span class='ocrx_word' id='word_1_54' title='bbox 547 1556 747 1621; x_wconf 91' lang='lat' dir='ltr'><strong>clesia</strong></span> <span class='ocrx_word' id='word_1_55' title='bbox 777 1565 950 1620; x_wconf 91' lang='lat' dir='ltr'><strong>teste</strong></span> <span class='ocrx_word' id='word_1_56' title='bbox 981 1576 1183 1638; x_wconf 89' lang='lat' dir='ltr'><strong>quam</strong></span> <span class='ocrx_word' id='word_1_57' title='bbox 1217 1557 1403 1638; x_wconf 80' lang='lat' dir='ltr'><strong>regis,</strong></span> <span class='ocrx_word' id='word_1_58' title='bbox 1493 1555 1594 1620; x_wconf 91' lang='lat' dir='ltr'><strong>At</strong></span> <span class='ocrx_word' id='word_1_59' title='bbox 1626 1556 1737 1620; x_wconf 90' lang='lat' dir='ltr'><strong>ille</strong></span> 
     </span>
     <span class='ocr_line' id='line_1_15' title="bbox 544 1645 1739 1728; baseline 0 -19"><span class='ocrx_word' id='word_1_60' title='bbox 544 1645 888 1728; x_wconf 88' lang='lat' dir='ltr'><strong>obstupuit</strong></span> <span class='ocrx_word' id='word_1_61' title='bbox 933 1645 1150 1727; x_wconf 89' lang='lat' dir='ltr'><strong>primo</strong></span> <span class='ocrx_word' id='word_1_62' title='bbox 1207 1645 1554 1728; x_wconf 90' lang='lat' dir='ltr'><strong>pecuniam</strong></span> <span class='ocrx_word' id='word_1_63' title='bbox 1615 1665 1739 1728; x_wconf 89' lang='lat' dir='ltr'><strong>pu-</strong></span> 
     </span>
     <span class='ocr_line' id='line_1_16' title="bbox 545 1733 1739 1816; baseline 0.002 -20"><span class='ocrx_word' id='word_1_64' title='bbox 545 1742 696 1797; x_wconf 88' lang='lat' dir='ltr'><strong>tans</strong></span> <span class='ocrx_word' id='word_1_65' title='bbox 728 1753 767 1796; x_wconf 91' lang='lat' dir='ltr'><strong>a</strong></span> <span class='ocrx_word' id='word_1_66' title='bbox 796 1754 869 1797; x_wconf 90' lang='lat' dir='ltr'><strong>se</strong></span> <span class='ocrx_word' id='word_1_67' title='bbox 892 1733 1145 1816; x_wconf 90' lang='lat' dir='ltr'><strong>reposci</strong></span> <span class='ocrx_word' id='word_1_68' title='bbox 1164 1751 1366 1816; x_wconf 85' lang='lat' dir='ltr'><strong>quarn</strong></span> <span class='ocrx_word' id='word_1_69' title='bbox 1387 1752 1519 1798; x_wconf 90' lang='lat' dir='ltr'><strong>non</strong></span> <span class='ocrx_word' id='word_1_70' title='bbox 1549 1752 1739 1798; x_wconf 85' lang='lat' dir='ltr'><strong>acce-</strong></span> 
     </span>
     <span class='ocr_line' id='line_1_17' title="bbox 547 1821 1735 1903; baseline 0.003 -19"><span class='ocrx_word' id='word_1_71' title='bbox 547 1830 764 1903; x_wconf 86' lang='lat' dir='ltr'><strong>perat:</strong></span> <span class='ocrx_word' id='word_1_72' title='bbox 797 1821 912 1885; x_wconf 89' lang='lat' dir='ltr'><strong>sed</strong></span> <span class='ocrx_word' id='word_1_73' title='bbox 951 1841 1204 1885; x_wconf 90' lang='lat' dir='ltr'><strong>rursum</strong></span> <span class='ocrx_word' id='word_1_74' title='bbox 1239 1821 1735 1887; x_wconf 86' lang='lat' dir='ltr'><strong>considerabat:</strong></span> 
     </span>
     <span class='ocr_line' id='line_1_18' title="bbox 543 1907 1735 1992; baseline 0.003 -20"><span class='ocrx_word' id='word_1_75' title='bbox 543 1929 664 1973; x_wconf 90' lang='lat' dir='ltr'><strong>nec</strong></span> <span class='ocrx_word' id='word_1_76' title='bbox 696 1930 891 1992; x_wconf 89' lang='lat' dir='ltr'><strong>posse</strong></span> <span class='ocrx_word' id='word_1_77' title='bbox 913 1907 1138 1973; x_wconf 85' lang='lat' dir='ltr'><strong>fallere</strong></span> <span class='ocrx_word' id='word_1_78' title='bbox 1162 1909 1564 1992; x_wconf 89' lang='lat' dir='ltr'><strong>johannem:</strong></span> <span class='ocrx_word' id='word_1_79' title='bbox 1612 1930 1735 1976; x_wconf 91' lang='lat' dir='ltr'><strong>nec</strong></span> 
     </span>
     <span class='ocr_line' id='line_1_19' title="bbox 541 1999 1734 2081; baseline 0.001 -19"><span class='ocrx_word' id='word_1_80' title='bbox 541 1999 724 2081; x_wconf 91' lang='lat' dir='ltr'><strong>quod</strong></span> <span class='ocrx_word' id='word_1_81' title='bbox 757 2019 889 2062; x_wconf 89' lang='lat' dir='ltr'><strong>non</strong></span> <span class='ocrx_word' id='word_1_82' title='bbox 919 1999 1105 2062; x_wconf 91' lang='lat' dir='ltr'><strong>dedit</strong></span> <span class='ocrx_word' id='word_1_83' title='bbox 1138 2019 1426 2080; x_wconf 91' lang='lat' dir='ltr'><strong>querere.</strong></span> <span class='ocrx_word' id='word_1_84' title='bbox 1520 1999 1734 2063; x_wconf 87' lang='lat' dir='ltr'><strong>Here-</strong></span> 
     </span>
     <span class='ocr_line' id='line_1_20' title="bbox 541 2087 1735 2171; baseline 0.001 -20"><span class='ocrx_word' id='word_1_85' title='bbox 541 2087 660 2151; x_wconf 91' lang='lat' dir='ltr'><strong>bat</strong></span> <span class='ocrx_word' id='word_1_86' title='bbox 673 2087 1172 2170; x_wconf 90' lang='lat' dir='ltr'><strong>igiturstupens:</strong></span> <span class='ocrx_word' id='word_1_87' title='bbox 1197 2107 1396 2170; x_wconf 87' lang='lat' dir='ltr'><strong>quem</strong></span> <span class='ocrx_word' id='word_1_88' title='bbox 1402 2088 1428 2171; x_wconf 89' lang='lat' dir='ltr'><strong>j</strong></span> <span class='ocrx_word' id='word_1_89' title='bbox 1434 2087 1735 2152; x_wconf 90' lang='lat' dir='ltr'><strong>ohannes</strong></span> 
     </span>
     <span class='ocr_line' id='line_1_21' title="bbox 542 2175 1733 2257; baseline 0.001 -18"><span class='ocrx_word' id='word_1_90' title='bbox 542 2176 884 2240; x_wconf 89' lang='lat' dir='ltr'><strong>herentem</strong></span> <span class='ocrx_word' id='word_1_91' title='bbox 905 2176 1177 2240; x_wconf 89' lang='lat' dir='ltr'><strong>videns:</strong></span> <span class='ocrx_word' id='word_1_92' title='bbox 1202 2175 1513 2257; x_wconf 87' lang='lat' dir='ltr'><strong>juvenem</strong></span> <span class='ocrx_word' id='word_1_93' title='bbox 1546 2176 1733 2240; x_wconf 92' lang='lat' dir='ltr'><strong>illum</strong></span> 
     </span>
     <span class='ocr_line' id='line_1_22' title="bbox 541 2263 1731 2347; baseline 0.001 -20"><span class='ocrx_word' id='word_1_94' title='bbox 541 2265 755 2347; x_wconf 86' lang='lat' dir='ltr'><strong>inquit</strong></span> <span class='ocrx_word' id='word_1_95' title='bbox 779 2273 1009 2347; x_wconf 85' lang='lat' dir='ltr'><strong>repeto</strong></span> <span class='ocrx_word' id='word_1_96' title='bbox 1041 2263 1160 2328; x_wconf 90' lang='lat' dir='ltr'><strong>abs</strong></span> <span class='ocrx_word' id='word_1_97' title='bbox 1191 2273 1258 2328; x_wconf 92' lang='lat' dir='ltr'><strong>te</strong></span> <span class='ocrx_word' id='word_1_98' title='bbox 1286 2287 1302 2329; x_wconf 94' lang='lat'><strong>:</strong></span> <span class='ocrx_word' id='word_1_99' title='bbox 1347 2274 1415 2328; x_wconf 94' lang='lat' dir='ltr'><strong>et</strong></span> <span class='ocrx_word' id='word_1_100' title='bbox 1439 2265 1731 2328; x_wconf 89' lang='lat' dir='ltr'><strong>animam</strong></span> 
     </span>
     <span class='ocr_line' id='line_1_23' title="bbox 541 2352 1733 2436; baseline 0.001 -20"><span class='ocrx_word' id='word_1_101' title='bbox 541 2352 777 2417; x_wconf 80' lang='lat' dir='ltr'><strong>fratris,</strong></span> <span class='ocrx_word' id='word_1_102' title='bbox 1359 2352 1578 2417; x_wconf 85' lang='lat' dir='ltr'><strong>Lectio</strong></span> <span class='ocrx_word' id='word_1_103' title='bbox 1607 2353 1733 2436; x_wconf 80' lang='lat' dir='ltr'><strong>iiij.</strong></span> 
     </span>
     <span class='ocr_line' id='line_1_24' title="bbox 748 2440 1736 2524; baseline 0 -19"><span class='ocrx_word' id='word_1_104' title='bbox 748 2461 831 2505; x_wconf 94' lang='lat' dir='ltr'><strong>nc</strong></span> <span class='ocrx_word' id='word_1_105' title='bbox 848 2440 1138 2523; x_wconf 88' lang='lat' dir='ltr'><strong>graviter</strong></span> <span class='ocrx_word' id='word_1_106' title='bbox 1159 2442 1493 2524; x_wconf 87' lang='lat' dir='ltr'><strong>suspirans</strong></span> <span class='ocrx_word' id='word_1_107' title='bbox 1515 2443 1736 2506; x_wconf 89' lang='lat' dir='ltr'><strong>senior</strong></span> 
     </span>
    </p>

    <p class='ocr_par' dir='ltr' id='par_1_4' title="bbox 704 2529 1732 2612">
     <span class='ocr_line' id='line_1_25' title="bbox 704 2529 1732 2612; baseline 0.002 -19"><span class='ocrx_word' id='word_1_108' title='bbox 704 2539 771 2593; x_wconf 89' lang='lat' dir='ltr'><strong>et</strong></span> <span class='ocrx_word' id='word_1_109' title='bbox 789 2530 857 2593; x_wconf 94' lang='lat' dir='ltr'><strong>in</strong></span> <span class='ocrx_word' id='word_1_110' title='bbox 867 2529 1222 2612; x_wconf 89' lang='lat' dir='ltr'><strong>lachrymis</strong></span> <span class='ocrx_word' id='word_1_111' title='bbox 1243 2530 1594 2595; x_wconf 77' lang='lat' dir='ltr'><strong>resolutus:</strong></span> <span class='ocrx_word' id='word_1_112' title='bbox 1621 2530 1732 2595; x_wconf 92' lang='lat' dir='ltr'><strong>ille</strong></span> 
     </span>
    </p>

    <p class='ocr_par' dir='ltr' id='par_1_5' title="bbox 535 2618 1739 4279">
     <span class='ocr_line' id='line_1_26' title="bbox 545 2618 1733 2701; baseline 0.002 -20"><span class='ocrx_word' id='word_1_113' title='bbox 545 2619 637 2681; x_wconf 89' lang='lat' dir='ltr'><strong>ait</strong></span> <span class='ocrx_word' id='word_1_114' title='bbox 689 2628 988 2683; x_wconf 88' lang='lat' dir='ltr'><strong>mortuus</strong></span> <span class='ocrx_word' id='word_1_115' title='bbox 1029 2628 1151 2683; x_wconf 86' lang='lat' dir='ltr'><strong>est.</strong></span> <span class='ocrx_word' id='word_1_116' title='bbox 1243 2618 1604 2701; x_wconf 83' lang='lat' dir='ltr'><strong>Quomodo</strong></span> <span class='ocrx_word' id='word_1_117' title='bbox 1635 2622 1733 2683; x_wconf 90' lang='lat' dir='ltr'><strong>in-</strong></span> 
     </span>
     <span class='ocr_line' id='line_1_27' title="bbox 546 2705 1734 2789; baseline 0.003 -21"><span class='ocrx_word' id='word_1_118' title='bbox 546 2706 691 2788; x_wconf 90' lang='lat' dir='ltr'><strong>quit</strong></span> <span class='ocrx_word' id='word_1_119' title='bbox 734 2705 837 2789; x_wconf 87' lang='lat' dir='ltr'><strong>vel</strong></span> <span class='ocrx_word' id='word_1_120' title='bbox 869 2706 1050 2789; x_wconf 90' lang='lat' dir='ltr'><strong>quali</strong></span> <span class='ocrx_word' id='word_1_121' title='bbox 1097 2709 1362 2773; x_wconf 87' lang='lat' dir='ltr'><strong>morte?</strong></span> <span class='ocrx_word' id='word_1_122' title='bbox 1457 2710 1607 2773; x_wconf 93' lang='lat' dir='ltr'><strong>Deo</strong></span> <span class='ocrx_word' id='word_1_123' title='bbox 1638 2710 1734 2773; x_wconf 88' lang='lat' dir='ltr'><strong>ait</strong></span> 
     </span>
     <span class='ocr_line' id='line_1_28' title="bbox 545 2796 1735 2879; baseline 0.003 -22"><span class='ocrx_word' id='word_1_124' title='bbox 545 2804 845 2858; x_wconf 90' lang='lat' dir='ltr'><strong>mortuus</strong></span> <span class='ocrx_word' id='word_1_125' title='bbox 898 2803 1038 2859; x_wconf 91' lang='lat' dir='ltr'><strong>est:</strong></span> <span class='ocrx_word' id='word_1_126' title='bbox 1091 2796 1246 2878; x_wconf 90' lang='lat' dir='ltr'><strong>quia</strong></span> <span class='ocrx_word' id='word_1_127' title='bbox 1291 2798 1616 2879; x_wconf 89' lang='lat' dir='ltr'><strong>pessimus</strong></span> <span class='ocrx_word' id='word_1_128' title='bbox 1665 2807 1735 2861; x_wconf 93' lang='lat' dir='ltr'><strong>et</strong></span> 
     </span>
     <span class='ocr_line' id='line_1_29' title="bbox 545 2882 1733 2965; baseline 0.004 -20"><span class='ocrx_word' id='word_1_129' title='bbox 545 2882 912 2965; x_wconf 83' lang='lat' dir='ltr'><strong>flagitiosus</strong></span> <span class='ocrx_word' id='word_1_130' title='bbox 989 2884 1199 2947; x_wconf 90' lang='lat' dir='ltr'><strong>evasit</strong></span> <span class='ocrx_word' id='word_1_131' title='bbox 1275 2884 1360 2946; x_wconf 88' lang='lat' dir='ltr'><strong>ad</strong></span> <span class='ocrx_word' id='word_1_132' title='bbox 1423 2884 1733 2950; x_wconf 88' lang='lat' dir='ltr'><strong>ultimum</strong></span> 
     </span>
     <span class='ocr_line' id='line_1_30' title="bbox 547 2972 1736 3055; baseline 0.005 -22"><span class='ocrx_word' id='word_1_133' title='bbox 547 2972 748 3034; x_wconf 89' lang='lat' dir='ltr'><strong>etiam</strong></span> <span class='ocrx_word' id='word_1_134' title='bbox 781 2972 1196 3045; x_wconf 84' lang='lat' dir='ltr'><strong>latrocinium</strong></span> <span class='ocrx_word' id='word_1_135' title='bbox 1237 2992 1584 3055; x_wconf 85' lang='lat' dir='ltr'><strong>aggressus</strong></span> <span class='ocrx_word' id='word_1_136' title='bbox 1614 2983 1736 3040; x_wconf 88' lang='lat' dir='ltr'><strong>est.</strong></span> 
     </span>
     <span class='ocr_line' id='line_1_31' title="bbox 547 3058 1734 3143; baseline 0.006 -22"><span class='ocrx_word' id='word_1_137' title='bbox 547 3058 804 3141; x_wconf 85' lang='lat' dir='ltr'><strong>Quibus</strong></span> <span class='ocrx_word' id='word_1_138' title='bbox 834 3060 1079 3123; x_wconf 89' lang='lat' dir='ltr'><strong>auditis</strong></span> <span class='ocrx_word' id='word_1_139' title='bbox 1110 3062 1446 3143; x_wconf 90' lang='lat' dir='ltr'><strong>apostolus</strong></span> <span class='ocrx_word' id='word_1_140' title='bbox 1478 3072 1734 3127; x_wconf 91' lang='lat' dir='ltr'><strong>vestem</strong></span> 
     </span>
     <span class='ocr_line' id='line_1_32' title="bbox 546 3148 1733 3230; baseline 0.003 -19"><span class='ocrx_word' id='word_1_141' title='bbox 546 3168 681 3230; x_wconf 89' lang='lat' dir='ltr'><strong>qua</strong></span> <span class='ocrx_word' id='word_1_142' title='bbox 711 3157 852 3211; x_wconf 88' lang='lat' dir='ltr'><strong>erat</strong></span> <span class='ocrx_word' id='word_1_143' title='bbox 882 3148 1151 3212; x_wconf 89' lang='lat' dir='ltr'><strong>indutus</strong></span> <span class='ocrx_word' id='word_1_144' title='bbox 1196 3151 1434 3215; x_wconf 87' lang='lat' dir='ltr'><strong>scidit:</strong></span> <span class='ocrx_word' id='word_1_145' title='bbox 1480 3160 1551 3214; x_wconf 90' lang='lat' dir='ltr'><strong>et</strong></span> <span class='ocrx_word' id='word_1_146' title='bbox 1581 3172 1733 3216; x_wconf 91' lang='lat' dir='ltr'><strong>cum</strong></span> 
     </span>
     <span class='ocr_line' id='line_1_33' title="bbox 547 3235 1737 3323; baseline 0.005 -25"><span class='ocrx_word' id='word_1_147' title='bbox 547 3235 798 3318; x_wconf 90' lang='lat' dir='ltr'><strong>ingenti</strong></span> <span class='ocrx_word' id='word_1_148' title='bbox 873 3238 1128 3318; x_wconf 90' lang='lat' dir='ltr'><strong>gemitu</strong></span> <span class='ocrx_word' id='word_1_149' title='bbox 1205 3235 1442 3303; x_wconf 86' lang='lat' dir='ltr'><strong>feriens</strong></span> <span class='ocrx_word' id='word_1_150' title='bbox 1533 3249 1737 3323; x_wconf 91' lang='lat' dir='ltr'><strong>caput</strong></span> 
     </span>
     <span class='ocr_line' id='line_1_34' title="bbox 546 3324 1739 3410; baseline 0.005 -23"><span class='ocrx_word' id='word_1_151' title='bbox 546 3344 788 3389; x_wconf 88' lang='lat' dir='ltr'><strong>suum:</strong></span> <span class='ocrx_word' id='word_1_152' title='bbox 860 3324 1110 3389; x_wconf 88' lang='lat' dir='ltr'><strong>bonum</strong></span> <span class='ocrx_word' id='word_1_153' title='bbox 1186 3335 1258 3390; x_wconf 97' lang='lat' dir='ltr'><strong>te</strong></span> <span class='ocrx_word' id='word_1_154' title='bbox 1316 3326 1531 3410; x_wconf 88' lang='lat' dir='ltr'><strong>inquit</strong></span> <span class='ocrx_word' id='word_1_155' title='bbox 1587 3348 1739 3393; x_wconf 89' lang='lat' dir='ltr'><strong>cus-</strong></span> 
     </span>
     <span class='ocr_line' id='line_1_35' title="bbox 546 3412 1739 3499; baseline 0.005 -23"><span class='ocrx_word' id='word_1_156' title='bbox 546 3414 775 3477; x_wconf 88' lang='lat' dir='ltr'><strong>todem</strong></span> <span class='ocrx_word' id='word_1_157' title='bbox 830 3412 1046 3477; x_wconf 87' lang='lat' dir='ltr'><strong>fratris</strong></span> <span class='ocrx_word' id='word_1_158' title='bbox 1103 3415 1325 3478; x_wconf 89' lang='lat' dir='ltr'><strong>anime</strong></span> <span class='ocrx_word' id='word_1_159' title='bbox 1372 3415 1739 3499; x_wconf 89' lang='lat' dir='ltr'><strong>dereliqui:</strong></span> 
     </span>
     <span class='ocr_line' id='line_1_36' title="bbox 545 3502 1737 3588; baseline 0.003 -23"><span class='ocrx_word' id='word_1_160' title='bbox 545 3503 663 3566; x_wconf 88' lang='lat' dir='ltr'><strong>sed</strong></span> <span class='ocrx_word' id='word_1_161' title='bbox 719 3502 862 3585; x_wconf 89' lang='lat' dir='ltr'><strong>jam</strong></span> <span class='ocrx_word' id='word_1_162' title='bbox 915 3521 1090 3566; x_wconf 89' lang='lat' dir='ltr'><strong>nunc</strong></span> <span class='ocrx_word' id='word_1_163' title='bbox 1142 3522 1354 3587; x_wconf 89' lang='lat' dir='ltr'><strong>equus</strong></span> <span class='ocrx_word' id='word_1_164' title='bbox 1404 3505 1564 3568; x_wconf 87' lang='lat' dir='ltr'><strong>mihi</strong></span> <span class='ocrx_word' id='word_1_165' title='bbox 1617 3525 1737 3588; x_wconf 89' lang='lat' dir='ltr'><strong>pa-</strong></span> 
     </span>
     <span class='ocr_line' id='line_1_37' title="bbox 544 3592 1738 3658; baseline 0.004 -5"><span class='ocrx_word' id='word_1_166' title='bbox 544 3602 760 3655; x_wconf 89' lang='lat' dir='ltr'><strong>retur:</strong></span> <span class='ocrx_word' id='word_1_167' title='bbox 805 3600 874 3655; x_wconf 92' lang='lat' dir='ltr'><strong>et</strong></span> <span class='ocrx_word' id='word_1_168' title='bbox 919 3592 1060 3655; x_wconf 83' lang='lat' dir='ltr'><strong>dux</strong></span> <span class='ocrx_word' id='word_1_169' title='bbox 1092 3593 1358 3658; x_wconf 77' lang='lat' dir='ltr'><strong>itineris,</strong></span> <span class='ocrx_word' id='word_1_170' title='bbox 1446 3593 1564 3658; x_wconf 85' lang='lat' dir='ltr'><strong>Re.</strong></span> <span class='ocrx_word' id='word_1_171' title='bbox 1598 3594 1738 3658; x_wconf 91' lang='lat' dir='ltr'><strong>Iste</strong></span> 
     </span>
     <span class='ocr_line' id='line_1_38' title="bbox 541 3679 1708 3767; baseline 0.004 -25"><span class='ocrx_word' id='word_1_172' title='bbox 541 3690 648 3743; x_wconf 86' lang='lat' dir='ltr'><strong>est</strong></span> <span class='ocrx_word' id='word_1_173' title='bbox 682 3679 1010 3761; x_wconf 89' lang='lat' dir='ltr'><strong>johannes</strong></span> <span class='ocrx_word' id='word_1_174' title='bbox 1041 3681 1164 3745; x_wconf 89' lang='lat' dir='ltr'><strong>cui.</strong></span> <span class='ocrx_word' id='word_1_175' title='bbox 1255 3696 1305 3767; x_wconf 70' lang='grc' dir='ltr'><strong><em>γ</em></strong></span> <span class='ocrx_word' id='word_1_176' title='bbox 1346 3682 1556 3765; x_wconf 89' lang='lat' dir='ltr'><strong>Virgo</strong></span> <span class='ocrx_word' id='word_1_177' title='bbox 1586 3694 1708 3748; x_wconf 90' lang='lat' dir='ltr'><strong>est.</strong></span> 
     </span>
     <span class='ocr_line' id='line_1_39' title="bbox 555 3770 1730 3903; baseline 0.003 -71"><span class='ocrx_word' id='word_1_178' title='bbox 555 3770 786 3903; x_wconf 77' lang='lat' dir='ltr'><strong>Cum</strong></span> <span class='ocrx_word' id='word_1_179' title='bbox 847 3788 1008 3853; x_wconf 89' lang='lat' dir='ltr'><strong>ergo</strong></span> <span class='ocrx_word' id='word_1_180' title='bbox 1065 3779 1333 3834; x_wconf 90' lang='lat' dir='ltr'><strong>sanctus</strong></span> <span class='ocrx_word' id='word_1_181' title='bbox 1397 3770 1639 3855; x_wconf 78' lang='lat' dir='ltr'><strong>[Lectio</strong></span> <span class='ocrx_word' id='word_1_182' title='bbox 1667 3792 1730 3836; x_wconf 84' lang='lat' dir='ltr'><strong>v.</strong></span> 
     </span>
     <span class='ocr_line' id='line_1_40' title="bbox 665 3856 1733 3941; baseline 0.003 -21"><span class='ocrx_word' id='word_1_183' title='bbox 665 3856 994 3939; x_wconf 87' lang='lat' dir='ltr'><strong>johannes</strong></span> <span class='ocrx_word' id='word_1_184' title='bbox 1041 3860 1444 3941; x_wconf 86' lang='lat' dir='ltr'><strong>pervenisset</strong></span> <span class='ocrx_word' id='word_1_185' title='bbox 1492 3860 1578 3925; x_wconf 92' lang='lat' dir='ltr'><strong>ad</strong></span> <span class='ocrx_word' id='word_1_186' title='bbox 1632 3859 1733 3924; x_wconf 89' lang='lat' dir='ltr'><strong>lo·</strong></span> 
     </span>
     <span class='ocr_line' id='line_1_41' title="bbox 543 3946 1731 4029; baseline 0.006 -22"><span class='ocrx_word' id='word_1_187' title='bbox 543 3965 718 4009; x_wconf 90' lang='lat' dir='ltr'><strong>cum:</strong></span> <span class='ocrx_word' id='word_1_188' title='bbox 739 3965 937 4027; x_wconf 90' lang='lat' dir='ltr'><strong>quem</strong></span> <span class='ocrx_word' id='word_1_189' title='bbox 951 3946 1285 4029; x_wconf 91' lang='lat' dir='ltr'><strong>predictus</strong></span> <span class='ocrx_word' id='word_1_190' title='bbox 1299 3947 1557 4029; x_wconf 89' lang='lat' dir='ltr'><strong>juvenis</strong></span> <span class='ocrx_word' id='word_1_191' title='bbox 1575 3968 1731 4013; x_wconf 88' lang='lat' dir='ltr'><strong>cum</strong></span> 
     </span>
     <span class='ocr_line' id='line_1_42' title="bbox 541 4032 1733 4121; baseline 0.006 -26"><span class='ocrx_word' id='word_1_192' title='bbox 541 4033 754 4096; x_wconf 86' lang='lat' dir='ltr'><strong>multa</strong></span> <span class='ocrx_word' id='word_1_193' title='bbox 777 4032 1106 4097; x_wconf 89' lang='lat' dir='ltr'><strong>latronum</strong></span> <span class='ocrx_word' id='word_1_194' title='bbox 1126 4055 1326 4099; x_wconf 89' lang='lat' dir='ltr'><strong>manu</strong></span> <span class='ocrx_word' id='word_1_195' title='bbox 1353 4039 1733 4121; x_wconf 92' lang='lat' dir='ltr'><strong>occupavit:</strong></span> 
     </span>
     <span class='ocr_line' id='line_1_43' title="bbox 539 4120 1733 4209; baseline 0.006 -26"><span class='ocrx_word' id='word_1_196' title='bbox 539 4120 875 4185; x_wconf 86' lang='lat' dir='ltr'><strong>detinetur</strong></span> <span class='ocrx_word' id='word_1_197' title='bbox 917 4122 1004 4184; x_wconf 88' lang='lat' dir='ltr'><strong>ab</strong></span> <span class='ocrx_word' id='word_1_198' title='bbox 1049 4122 1173 4187; x_wconf 87' lang='lat' dir='ltr'><strong>hiis</strong></span> <span class='ocrx_word' id='word_1_199' title='bbox 1219 4124 1584 4190; x_wconf 86' lang='lat' dir='ltr'><strong>latronibus</strong></span> <span class='ocrx_word' id='word_1_200' title='bbox 1620 4127 1733 4209; x_wconf 90' lang='lat' dir='ltr'><strong>qui</strong></span> 
     </span>
     <span class='ocr_line' id='line_1_44' title="bbox 535 4209 1735 4279; baseline 0.003 -5"><span class='ocrx_word' id='word_1_201' title='bbox 535 4210 879 4274; x_wconf 89' lang='lat' dir='ltr'><strong>custodias</strong></span> <span class='ocrx_word' id='word_1_202' title='bbox 910 4209 1369 4279; x_wconf 87' lang='lat' dir='ltr'><strong>observabant.</strong></span> <span class='ocrx_word' id='word_1_203' title='bbox 1464 4214 1600 4279; x_wconf 91' lang='lat' dir='ltr'><strong>Sed</strong></span> <span class='ocrx_word' id='word_1_204' title='bbox 1621 4215 1735 4278; x_wconf 92' lang='lat' dir='ltr'><strong>ille</strong></span> 
     </span>
    </p>
   </div>
   <div class='ocr_carea' id='block_1_4' title="bbox 538 4297 1739 4385">
    <p class='ocr_par' dir='ltr' id='par_1_6' title="bbox 538 4297 1739 4385">
     <span class='ocr_line' id='line_1_45' title="bbox 538 4297 1739 4385; baseline 0.002 -20"><span class='ocrx_word' id='word_1_205' title='bbox 538 4318 758 4382; x_wconf 90' lang='lat' dir='ltr'><strong>neque</strong></span> <span class='ocrx_word' id='word_1_206' title='bbox 819 4297 1108 4381; x_wconf 83' lang='lat' dir='ltr'><strong>effugere</strong></span> <span class='ocrx_word' id='word_1_207' title='bbox 1175 4321 1390 4383; x_wconf 89' lang='lat' dir='ltr'><strong>neque</strong></span> <span class='ocrx_word' id='word_1_208' title='bbox 1469 4322 1739 4385; x_wconf 88' lang='lat' dir='ltr'><strong>prorsus</strong></span> 
     </span>
    </p>
   </div>
   <div class='ocr_carea' id='block_1_5' title="bbox 734 4489 1560 4621">
    <p class='ocr_par' dir='ltr' id='par_1_7' title="bbox 734 4489 1560 4621">
     <span class='ocr_line' id='line_1_46' title="bbox 734 4489 1266 4556; baseline 0 -17"><span class='ocrx_word' id='word_1_209' title='bbox 734 4490 749 4521; x_wconf 91' lang='lat'>¹</span> <span class='ocrx_word' id='word_1_210' title='bbox 785 4489 1100 4556; x_wconf 79' lang='lat' dir='ltr'><strong>depositum:</strong></span> <span class='ocrx_word' id='word_1_211' title='bbox 1135 4490 1266 4540; x_wconf 73' lang='lat' dir='ltr'><strong>EG.</strong></span> 
     </span>
     <span class='ocr_line' id='line_1_47' title="bbox 1029 4554 1560 4621; baseline 0.011 -16"><span class='ocrx_word' id='word_1_212' title='bbox 1029 4560 1048 4588; x_wconf 84' lang='lat'><strong>⁴</strong></span> <span class='ocrx_word' id='word_1_213' title='bbox 1075 4554 1388 4621; x_wconf 70' lang='lat' dir='ltr'><strong>jusjurandi:</strong></span> <span class='ocrx_word' id='word_1_214' title='bbox 1425 4558 1560 4611; x_wconf 72' lang='lat' dir='ltr'><strong>EG.</strong></span> 
     </span>
    </p>
   </div>
   <div class='ocr_carea' id='block_1_6' title="bbox 1509 4494 2016 4546">
    <p class='ocr_par' dir='ltr' id='par_1_8' title="bbox 1509 4494 2016 4546">
     <span class='ocr_line' id='line_1_48' title="bbox 1509 4494 2016 4546; baseline 0.002 -4"><span class='ocrx_word' id='word_1_215' title='bbox 1509 4494 1530 4524; x_wconf 85' lang='lat'>²</span> <span class='ocrx_word' id='word_1_216' title='bbox 1561 4494 1809 4545; x_wconf 70' lang='lat' dir='ltr'><strong>clamabat</strong></span> <span class='ocrx_word' id='word_1_217' title='bbox 1835 4513 1847 4545; x_wconf 90' lang='lat'><strong>:</strong></span> <span class='ocrx_word' id='word_1_218' title='bbox 1884 4495 2016 4546; x_wconf 88' lang='lat' dir='ltr'><strong>E.G.</strong></span> 
     </span>
    </p>
   </div>
   <div class='ocr_carea' id='block_1_7' title="bbox 2358 473 2505 530">
    <p class='ocr_par' dir='ltr' id='par_1_9' title="bbox 2358 473 2505 530">
     <span class='ocr_line' id='line_1_49' title="bbox 2358 473 2505 530; baseline 0.007 -1"><span class='ocrx_word' id='word_1_219' title='bbox 2358 473 2505 530; x_wconf 72' lang='lat'><strong>152</strong></span> 
     </span>
    </p>
   </div>
   <div class='ocr_carea' id='block_1_8' title="bbox 1814 579 3033 4388">
    <p class='ocr_par' dir='ltr' id='par_1_10' title="bbox 1814 579 3033 4388">
     <span class='ocr_line' id='line_1_50' title="bbox 1836 579 3027 666; baseline -0.002 -20"><span class='ocrx_word' id='word_1_220' title='bbox 1836 583 2168 648; x_wconf 90' lang='lat' dir='ltr'><strong>declinare</strong></span> <span class='ocrx_word' id='word_1_221' title='bbox 2214 602 2423 666; x_wconf 88' lang='lat' dir='ltr'><strong>usque</strong></span> <span class='ocrx_word' id='word_1_222' title='bbox 2470 580 2729 646; x_wconf 88' lang='lat' dir='ltr'><strong>nitens:</strong></span> <span class='ocrx_word' id='word_1_223' title='bbox 2774 579 3027 664; x_wconf 78' lang='lat' dir='ltr'><strong>Ingenti</strong></span> 
     </span>
     <span class='ocr_line' id='line_1_51' title="bbox 1836 669 3033 755; baseline -0.001 -20"><span class='ocrx_word' id='word_1_224' title='bbox 1836 681 2063 736; x_wconf 81' lang='lat' dir='ltr'><strong>tamen</strong></span> <span class='ocrx_word' id='word_1_225' title='bbox 2093 691 2257 736; x_wconf 89' lang='lat' dir='ltr'><strong>voce</strong></span> <span class='ocrx_word' id='word_1_226' title='bbox 2284 669 2739 755; x_wconf 87' lang='lat' dir='ltr'><strong>proclamabat</strong></span> <span class='ocrx_word' id='word_1_227' title='bbox 2758 669 2825 735; x_wconf 82' lang='lat'><strong>²:</strong></span> <span class='ocrx_word' id='word_1_228' title='bbox 2870 671 3033 752; x_wconf 89' lang='lat' dir='ltr'><strong>quia</strong></span> 
     </span>
     <span class='ocr_line' id='line_1_52' title="bbox 1836 757 3027 843; baseline -0.003 -19"><span class='ocrx_word' id='word_1_229' title='bbox 1836 761 1924 824; x_wconf 92' lang='lat' dir='ltr'><strong>ad</strong></span> <span class='ocrx_word' id='word_1_230' title='bbox 1954 759 2081 824; x_wconf 91' lang='lat' dir='ltr'><strong>hoc</strong></span> <span class='ocrx_word' id='word_1_231' title='bbox 2112 761 2329 843; x_wconf 89' lang='lat' dir='ltr'><strong>ipsum</strong></span> <span class='ocrx_word' id='word_1_232' title='bbox 2353 759 2501 824; x_wconf 90' lang='lat' dir='ltr'><strong>veni</strong></span> <span class='ocrx_word' id='word_1_233' title='bbox 2528 759 2839 823; x_wconf 90' lang='lat' dir='ltr'><strong>adducite</strong></span> <span class='ocrx_word' id='word_1_234' title='bbox 2862 757 3027 822; x_wconf 88' lang='lat' dir='ltr'><strong>mihi</strong></span> 
     </span>
     <span class='ocr_line' id='line_1_53' title="bbox 1837 846 3025 932; baseline 0 -22"><span class='ocrx_word' id='word_1_235' title='bbox 1837 849 2199 932; x_wconf 88' lang='lat' dir='ltr'><strong>principem</strong></span> <span class='ocrx_word' id='word_1_236' title='bbox 2259 857 2595 912; x_wconf 87' lang='lat' dir='ltr'><strong>vestrum:</strong></span> <span class='ocrx_word' id='word_1_237' title='bbox 2684 846 2817 930; x_wconf 92' lang='lat' dir='ltr'><strong>Qui</strong></span> <span class='ocrx_word' id='word_1_238' title='bbox 2870 866 3025 911; x_wconf 86' lang='lat' dir='ltr'><strong>cum</strong></span> 
     </span>
     <span class='ocr_line' id='line_1_54' title="bbox 1836 935 3027 1018; baseline -0.003 -18"><span class='ocrx_word' id='word_1_239' title='bbox 1836 937 2089 1001; x_wconf 91' lang='lat' dir='ltr'><strong>veniret</strong></span> <span class='ocrx_word' id='word_1_240' title='bbox 2117 946 2456 1001; x_wconf 89' lang='lat' dir='ltr'><strong>armatus:</strong></span> <span class='ocrx_word' id='word_1_241' title='bbox 2501 935 2761 999; x_wconf 87' lang='lat' dir='ltr'><strong>eminus</strong></span> <span class='ocrx_word' id='word_1_242' title='bbox 2790 935 3027 1018; x_wconf 85' lang='lat' dir='ltr'><strong>agnito</strong></span> 
     </span>
     <span class='ocr_line' id='line_1_55' title="bbox 1832 1024 3025 1108; baseline -0.003 -19"><span class='ocrx_word' id='word_1_243' title='bbox 1832 1024 2127 1106; x_wconf 89' lang='lat' dir='ltr'><strong>johanne</strong></span> <span class='ocrx_word' id='word_1_244' title='bbox 2156 1025 2461 1108; x_wconf 91' lang='lat' dir='ltr'><strong>apostolo</strong></span> <span class='ocrx_word' id='word_1_245' title='bbox 2488 1045 2505 1090; x_wconf 96' lang='lat'><strong>:</strong></span> <span class='ocrx_word' id='word_1_246' title='bbox 2548 1024 2803 1106; x_wconf 89' lang='lat' dir='ltr'><strong>pudore</strong></span> <span class='ocrx_word' id='word_1_247' title='bbox 2832 1033 3025 1087; x_wconf 83' lang='lat' dir='ltr'><strong>actus</strong></span> 
     </span>
     <span class='ocr_line' id='line_1_56' title="bbox 1838 1110 3025 1197; baseline 0 -21"><span class='ocrx_word' id='word_1_248' title='bbox 1838 1113 1905 1176; x_wconf 91' lang='lat' dir='ltr'><strong>in</strong></span> <span class='ocrx_word' id='word_1_249' title='bbox 1964 1113 2191 1197; x_wconf 88' lang='lat' dir='ltr'><strong>fugam</strong></span> <span class='ocrx_word' id='word_1_250' title='bbox 2251 1113 2541 1178; x_wconf 89' lang='lat' dir='ltr'><strong>vertitur.</strong></span> <span class='ocrx_word' id='word_1_251' title='bbox 2662 1110 2787 1176; x_wconf 89' lang='lat' dir='ltr'><strong>Ille</strong></span> <span class='ocrx_word' id='word_1_252' title='bbox 2844 1131 3025 1194; x_wconf 87' lang='lat' dir='ltr'><strong>equo</strong></span> 
     </span>
     <span class='ocr_line' id='line_1_57' title="bbox 1838 1199 3021 1285; baseline -0.002 -19"><span class='ocrx_word' id='word_1_253' title='bbox 1838 1212 1991 1285; x_wconf 88' lang='lat' dir='ltr'><strong>post</strong></span> <span class='ocrx_word' id='word_1_254' title='bbox 2070 1221 2223 1266; x_wconf 90' lang='lat' dir='ltr'><strong>eum</strong></span> <span class='ocrx_word' id='word_1_255' title='bbox 2298 1203 2593 1266; x_wconf 88' lang='lat' dir='ltr'><strong>admisso</strong></span> <span class='ocrx_word' id='word_1_256' title='bbox 2668 1199 3021 1264; x_wconf 87' lang='lat' dir='ltr'><strong>confestim</strong></span> 
     </span>
     <span class='ocr_line' id='line_1_58' title="bbox 1838 1288 3023 1374; baseline -0.002 -21"><span class='ocrx_word' id='word_1_257' title='bbox 1838 1291 2205 1374; x_wconf 88' lang='lat' dir='ltr'><strong>insequitur</strong></span> <span class='ocrx_word' id='word_1_258' title='bbox 2256 1289 2697 1373; x_wconf 87' lang='lat' dir='ltr'><strong>fugitantem:</strong></span> <span class='ocrx_word' id='word_1_259' title='bbox 2756 1297 2825 1352; x_wconf 91' lang='lat' dir='ltr'><strong>et</strong></span> <span class='ocrx_word' id='word_1_260' title='bbox 2880 1288 3023 1371; x_wconf 85' lang='lat' dir='ltr'><strong>jam</strong></span> 
     </span>
     <span class='ocr_line' id='line_1_59' title="bbox 1836 1375 3025 1443; baseline 0 -1"><span class='ocrx_word' id='word_1_261' title='bbox 1836 1379 2034 1443; x_wconf 89' lang='lat' dir='ltr'><strong>etatis</strong></span> <span class='ocrx_word' id='word_1_262' title='bbox 2080 1378 2325 1443; x_wconf 88' lang='lat' dir='ltr'><strong>oblitus</strong></span> <span class='ocrx_word' id='word_1_263' title='bbox 2382 1378 2577 1442; x_wconf 88' lang='lat' dir='ltr'><strong>simul</strong></span> <span class='ocrx_word' id='word_1_264' title='bbox 2618 1375 3025 1442; x_wconf 80' lang='lat' dir='ltr'><strong>exclamans.</strong></span> 
     </span>
     <span class='ocr_line' id='line_1_60' title="bbox 1837 1465 3027 1550; baseline -0.002 -20"><span class='ocrx_word' id='word_1_265' title='bbox 1837 1467 2017 1549; x_wconf 84' lang='lat' dir='ltr'><strong>Quid</strong></span> <span class='ocrx_word' id='word_1_266' title='bbox 2054 1467 2229 1550; x_wconf 86' lang='lat' dir='ltr'><strong>sugis</strong></span> <span class='ocrx_word' id='word_1_267' title='bbox 2272 1487 2315 1530; x_wconf 93' lang='lat' dir='ltr'><strong>o</strong></span> <span class='ocrx_word' id='word_1_268' title='bbox 2360 1465 2451 1530; x_wconf 88' lang='lat' dir='ltr'><strong>fili</strong></span> <span class='ocrx_word' id='word_1_269' title='bbox 2482 1475 2741 1550; x_wconf 89' lang='lat' dir='ltr'><strong>patrem</strong></span> <span class='ocrx_word' id='word_1_270' title='bbox 2780 1465 3027 1530; x_wconf 78' lang='lat' dir='ltr'><strong>tuum?</strong></span> 
     </span>
     <span class='ocr_line' id='line_1_61' title="bbox 1838 1553 3025 1620; baseline -0.002 -2"><span class='ocrx_word' id='word_1_271' title='bbox 1838 1555 2045 1620; x_wconf 91' lang='lat' dir='ltr'><strong>Miser</strong></span> <span class='ocrx_word' id='word_1_272' title='bbox 2094 1555 2229 1620; x_wconf 90' lang='lat' dir='ltr'><strong>noli</strong></span> <span class='ocrx_word' id='word_1_273' title='bbox 2274 1554 2505 1620; x_wconf 89' lang='lat' dir='ltr'><strong>timere</strong></span> <span class='ocrx_word' id='word_1_274' title='bbox 2549 1554 2755 1618; x_wconf 87' lang='lat' dir='ltr'><strong>habes</strong></span> <span class='ocrx_word' id='word_1_275' title='bbox 2806 1553 3025 1617; x_wconf 89' lang='lat' dir='ltr'><strong>adhuc</strong></span> 
     </span>
     <span class='ocr_line' id='line_1_62' title="bbox 1834 1642 3027 1728; baseline 0 -22"><span class='ocrx_word' id='word_1_276' title='bbox 1834 1665 2023 1728; x_wconf 89' lang='lat' dir='ltr'><strong>spem</strong></span> <span class='ocrx_word' id='word_1_277' title='bbox 2082 1645 2237 1709; x_wconf 86' lang='lat' dir='ltr'><strong>vite.</strong></span> <span class='ocrx_word' id='word_1_278' title='bbox 2326 1643 2477 1726; x_wconf 90' lang='lat' dir='ltr'><strong>Ego</strong></span> <span class='ocrx_word' id='word_1_279' title='bbox 2542 1642 2809 1708; x_wconf 84' lang='lat' dir='ltr'><strong>Christo</strong></span> <span class='ocrx_word' id='word_1_280' title='bbox 2868 1643 3027 1706; x_wconf 85' lang='lat' dir='ltr'><strong>rati·</strong></span> 
     </span>
     <span class='ocr_line' id='line_1_63' title="bbox 1834 1733 3025 1815; baseline -0.002 -19"><span class='ocrx_word' id='word_1_281' title='bbox 1834 1753 2031 1796; x_wconf 90' lang='lat' dir='ltr'><strong>onem</strong></span> <span class='ocrx_word' id='word_1_282' title='bbox 2057 1733 2265 1797; x_wconf 91' lang='lat' dir='ltr'><strong>reddo</strong></span> <span class='ocrx_word' id='word_1_283' title='bbox 2283 1752 2403 1815; x_wconf 93' lang='lat' dir='ltr'><strong>pro</strong></span> <span class='ocrx_word' id='word_1_284' title='bbox 2422 1741 2521 1796; x_wconf 90' lang='lat' dir='ltr'><strong>te:</strong></span> <span class='ocrx_word' id='word_1_285' title='bbox 2544 1739 2649 1796; x_wconf 89' lang='lat' dir='ltr'><strong>sta</strong></span> <span class='ocrx_word' id='word_1_286' title='bbox 2671 1740 2933 1794; x_wconf 89' lang='lat' dir='ltr'><strong>tantum</strong></span> <span class='ocrx_word' id='word_1_287' title='bbox 2954 1739 3025 1794; x_wconf 93' lang='lat' dir='ltr'><strong>et</strong></span> 
     </span>
     <span class='ocr_line' id='line_1_64' title="bbox 1831 1819 3023 1904; baseline -0.002 -20"><span class='ocrx_word' id='word_1_288' title='bbox 1831 1821 2029 1885; x_wconf 88' lang='lat' dir='ltr'><strong>crede</strong></span> <span class='ocrx_word' id='word_1_289' title='bbox 2090 1820 2248 1885; x_wconf 89' lang='lat' dir='ltr'><strong>mihi</strong></span> <span class='ocrx_word' id='word_1_290' title='bbox 2309 1821 2467 1904; x_wconf 87' lang='lat' dir='ltr'><strong>quia</strong></span> <span class='ocrx_word' id='word_1_291' title='bbox 2536 1819 2839 1886; x_wconf 90' lang='lat' dir='ltr'><strong>Christus</strong></span> <span class='ocrx_word' id='word_1_292' title='bbox 2912 1839 3023 1882; x_wconf 88' lang='lat' dir='ltr'><strong>me</strong></span> 
     </span>
     <span class='ocr_line' id='line_1_65' title="bbox 1832 1907 3021 1974; baseline -0.003 -1"><span class='ocrx_word' id='word_1_293' title='bbox 1832 1911 2031 1974; x_wconf 85' lang='lat' dir='ltr'><strong>misit.</strong></span> <span class='ocrx_word' id='word_1_294' title='bbox 2690 1907 2903 1971; x_wconf 67' lang='lat' dir='ltr'><strong>Latio</strong></span> <span class='ocrx_word' id='word_1_295' title='bbox 2932 1907 3021 1971; x_wconf 83' lang='lat' dir='ltr'><strong>vi.</strong></span> 
     </span>
     <span class='ocr_line' id='line_1_66' title="bbox 1830 1994 3023 2132; baseline -0.003 -69"><span class='ocrx_word' id='word_1_296' title='bbox 1830 2001 1984 2132; x_wconf 80' lang='grc' dir='ltr'><em>Α</em></span> <span class='ocrx_word' id='word_1_297' title='bbox 1998 2009 2028 2062; x_wconf 94' lang='lat' dir='ltr'><strong>t</strong></span> <span class='ocrx_word' id='word_1_298' title='bbox 2085 1996 2196 2062; x_wconf 91' lang='lat' dir='ltr'><strong>ille</strong></span> <span class='ocrx_word' id='word_1_299' title='bbox 2270 2017 2433 2060; x_wconf 87' lang='lat' dir='ltr'><strong>mox</strong></span> <span class='ocrx_word' id='word_1_300' title='bbox 2508 1997 2684 2060; x_wconf 92' lang='lat' dir='ltr'><strong>senis</strong></span> <span class='ocrx_word' id='word_1_301' title='bbox 2740 1994 3023 2078; x_wconf 88' lang='lat' dir='ltr'><strong>genibus</strong></span> 
     </span>
     <span class='ocr_line' id='line_1_67' title="bbox 1997 2084 3019 2170; baseline -0.005 -19"><span class='ocrx_word' id='word_1_302' title='bbox 1997 2085 2444 2170; x_wconf 88' lang='lat' dir='ltr'><strong>provolvitur:</strong></span> <span class='ocrx_word' id='word_1_303' title='bbox 2524 2094 2595 2149; x_wconf 93' lang='lat' dir='ltr'><strong>et</strong></span> <span class='ocrx_word' id='word_1_304' title='bbox 2674 2084 3019 2148; x_wconf 84' lang='lat' dir='ltr'><strong>uberrimis</strong></span> 
     </span>
     <span class='ocr_line' id='line_1_68' title="bbox 1834 2172 3019 2258; baseline -0.003 -20"><span class='ocrx_word' id='word_1_305' title='bbox 1834 2173 2321 2258; x_wconf 88' lang='lat' dir='ltr'><strong>lachrymarum</strong></span> <span class='ocrx_word' id='word_1_306' title='bbox 2394 2193 2661 2238; x_wconf 88' lang='lat' dir='ltr'><strong>suarum</strong></span> <span class='ocrx_word' id='word_1_307' title='bbox 2722 2172 3019 2236; x_wconf 87' lang='lat' dir='ltr'><strong>fontibus</strong></span> 
     </span>
     <span class='ocr_line' id='line_1_69' title="bbox 1834 2261 3019 2346; baseline -0.002 -20"><span class='ocrx_word' id='word_1_308' title='bbox 1834 2265 2072 2327; x_wconf 90' lang='lat' dir='ltr'><strong>iterum</strong></span> <span class='ocrx_word' id='word_1_309' title='bbox 2104 2261 2644 2346; x_wconf 76' lang='lat' dir='ltr'><strong>baptizabatur-⁸:</strong></span> <span class='ocrx_word' id='word_1_310' title='bbox 2674 2261 3019 2325; x_wconf 89' lang='lat' dir='ltr'><strong>occultans</strong></span> 
     </span>
     <span class='ocr_line' id='line_1_70' title="bbox 1831 2352 3025 2432; baseline -0.003 -16"><span class='ocrx_word' id='word_1_311' title='bbox 1831 2352 2041 2417; x_wconf 91' lang='lat' dir='ltr'><strong>solam</strong></span> <span class='ocrx_word' id='word_1_312' title='bbox 2109 2353 2457 2415; x_wconf 88' lang='lat' dir='ltr'><strong>dexteram</strong></span> <span class='ocrx_word' id='word_1_313' title='bbox 2520 2369 2755 2414; x_wconf 89' lang='lat' dir='ltr'><strong>suam:</strong></span> <span class='ocrx_word' id='word_1_314' title='bbox 2829 2369 3025 2432; x_wconf 88' lang='lat' dir='ltr'><strong>apos-</strong></span> 
     </span>
     <span class='ocr_line' id='line_1_71' title="bbox 1832 2439 3027 2522; baseline -0.003 -17"><span class='ocrx_word' id='word_1_315' title='bbox 1832 2441 2009 2505; x_wconf 91' lang='lat' dir='ltr'><strong>tolus</strong></span> <span class='ocrx_word' id='word_1_316' title='bbox 2055 2461 2212 2504; x_wconf 91' lang='lat' dir='ltr'><strong>vero</strong></span> <span class='ocrx_word' id='word_1_317' title='bbox 2273 2439 2736 2522; x_wconf 83' lang='lat' dir='ltr'><strong>jurisjurandi⁴</strong></span> <span class='ocrx_word' id='word_1_318' title='bbox 2806 2457 3027 2502; x_wconf 86' lang='lat' dir='ltr'><strong>sacra-</strong></span> 
     </span>
     <span class='ocr_line' id='line_1_72' title="bbox 1832 2526 3023 2611; baseline -0.003 -17"><span class='ocrx_word' id='word_1_319' title='bbox 1832 2539 2063 2594; x_wconf 88' lang='lat' dir='ltr'><strong>mento</strong></span> <span class='ocrx_word' id='word_1_320' title='bbox 2111 2528 2169 2594; x_wconf 91' lang='lat' dir='ltr'><strong>ei</strong></span> <span class='ocrx_word' id='word_1_321' title='bbox 2227 2549 2269 2593; x_wconf 89' lang='lat' dir='ltr'><strong>a</strong></span> <span class='ocrx_word' id='word_1_322' title='bbox 2328 2527 2655 2593; x_wconf 89' lang='lat' dir='ltr'><strong>salvatore</strong></span> <span class='ocrx_word' id='word_1_323' title='bbox 2706 2526 3023 2611; x_wconf 84' lang='lat' dir='ltr'><strong>impetra-</strong></span> 
     </span>
     <span class='ocr_line' id='line_1_73' title="bbox 1832 2616 3018 2701; baseline -0.003 -18"><span class='ocrx_word' id='word_1_324' title='bbox 1832 2626 2053 2683; x_wconf 90' lang='lat' dir='ltr'><strong>turum</strong></span> <span class='ocrx_word' id='word_1_325' title='bbox 2062 2619 2323 2683; x_wconf 89' lang='lat' dir='ltr'><strong>veniam</strong></span> <span class='ocrx_word' id='word_1_326' title='bbox 2334 2618 2669 2701; x_wconf 90' lang='lat' dir='ltr'><strong>pollicens:</strong></span> <span class='ocrx_word' id='word_1_327' title='bbox 2690 2616 3018 2699; x_wconf 88' lang='lat' dir='ltr'><strong>simulque</strong></span> 
     </span>
     <span class='ocr_line' id='line_1_74' title="bbox 1832 2707 3017 2791; baseline -0.003 -19"><span class='ocrx_word' id='word_1_328' title='bbox 1832 2708 2113 2791; x_wconf 88' lang='lat' dir='ltr'><strong>genibus</strong></span> <span class='ocrx_word' id='word_1_329' title='bbox 2154 2708 2296 2789; x_wconf 87' lang='lat' dir='ltr'><strong>ejus</strong></span> <span class='ocrx_word' id='word_1_330' title='bbox 2340 2707 2766 2789; x_wconf 89' lang='lat' dir='ltr'><strong>provolutus:</strong></span> <span class='ocrx_word' id='word_1_331' title='bbox 2814 2714 3017 2788; x_wconf 88' lang='lat' dir='ltr'><strong>atque</strong></span> 
     </span>
     <span class='ocr_line' id='line_1_75' title="bbox 1833 2794 3017 2877; baseline -0.003 -17"><span class='ocrx_word' id='word_1_332' title='bbox 1833 2798 2181 2861; x_wconf 84' lang='lat' dir='ltr'><strong>dexteram</strong></span> <span class='ocrx_word' id='word_1_333' title='bbox 2204 2816 2290 2860; x_wconf 81' lang='lat' dir='ltr'><strong>ex</strong></span> <span class='ocrx_word' id='word_1_334' title='bbox 2310 2795 2412 2877; x_wconf 88' lang='lat' dir='ltr'><strong>cuj</strong></span> <span class='ocrx_word' id='word_1_335' title='bbox 2423 2816 2497 2858; x_wconf 91' lang='lat' dir='ltr'><strong>us</strong></span> <span class='ocrx_word' id='word_1_336' title='bbox 2518 2794 2737 2858; x_wconf 80' lang='lat' dir='ltr'><strong>cedis³</strong></span> <span class='ocrx_word' id='word_1_337' title='bbox 2767 2794 3017 2859; x_wconf 85' lang='lat' dir='ltr'><strong>consci-</strong></span> 
     </span>
     <span class='ocr_line' id='line_1_76' title="bbox 1832 2882 3019 2968; baseline -0.003 -19"><span class='ocrx_word' id='word_1_338' title='bbox 1832 2887 2014 2950; x_wconf 89' lang='lat' dir='ltr'><strong>entia</strong></span> <span class='ocrx_word' id='word_1_339' title='bbox 2030 2885 2499 2968; x_wconf 88' lang='lat' dir='ltr'><strong>torquebatur:</strong></span> <span class='ocrx_word' id='word_1_340' title='bbox 2528 2894 2847 2965; x_wconf 89' lang='lat' dir='ltr'><strong>tanquam</strong></span> <span class='ocrx_word' id='word_1_341' title='bbox 2873 2882 3019 2964; x_wconf 88' lang='lat' dir='ltr'><strong>jam</strong></span> 
     </span>
     <span class='ocr_line' id='line_1_77' title="bbox 1834 2970 3019 3058; baseline -0.002 -21"><span class='ocrx_word' id='word_1_342' title='bbox 1834 2974 2199 3058; x_wconf 87' lang='lat' dir='ltr'><strong>penitentia</strong></span> <span class='ocrx_word' id='word_1_343' title='bbox 2218 2981 2569 3055; x_wconf 88' lang='lat' dir='ltr'><strong>purgatam</strong></span> <span class='ocrx_word' id='word_1_344' title='bbox 2594 2970 3019 3035; x_wconf 86' lang='lat' dir='ltr'><strong>deosculans:</strong></span> 
     </span>
     <span class='ocr_line' id='line_1_78' title="bbox 1834 3059 3021 3127; baseline -0.004 0"><span class='ocrx_word' id='word_1_345' title='bbox 1834 3064 1918 3127; x_wconf 86' lang='lat' dir='ltr'><strong>ad</strong></span> <span class='ocrx_word' id='word_1_346' title='bbox 1952 3062 2297 3127; x_wconf 85' lang='lat' dir='ltr'><strong>ecclesiam</strong></span> <span class='ocrx_word' id='word_1_347' title='bbox 2329 3068 2592 3125; x_wconf 92' lang='lat' dir='ltr'><strong>revocat</strong></span> <span class='ocrx_word' id='word_1_348' title='bbox 2618 3080 2637 3125; x_wconf 93' lang='lat'><strong>:</strong></span> <span class='ocrx_word' id='word_1_349' title='bbox 2680 3070 2748 3124; x_wconf 91' lang='lat' dir='ltr'><strong>et</strong></span> <span class='ocrx_word' id='word_1_350' title='bbox 2778 3059 3021 3123; x_wconf 87' lang='lat' dir='ltr'><strong>indesi-</strong></span> 
     </span>
     <span class='ocr_line' id='line_1_79' title="bbox 1835 3147 3020 3234; baseline -0.001 -20"><span class='ocrx_word' id='word_1_351' title='bbox 1835 3160 2068 3215; x_wconf 88' lang='lat' dir='ltr'><strong>nenter</strong></span> <span class='ocrx_word' id='word_1_352' title='bbox 2097 3171 2217 3234; x_wconf 92' lang='lat' dir='ltr'><strong>pro</strong></span> <span class='ocrx_word' id='word_1_353' title='bbox 2240 3171 2321 3214; x_wconf 94' lang='lat' dir='ltr'><strong>eo</strong></span> <span class='ocrx_word' id='word_1_354' title='bbox 2350 3151 2681 3213; x_wconf 90' lang='lat' dir='ltr'><strong>orationes</strong></span> <span class='ocrx_word' id='word_1_355' title='bbox 2704 3147 3020 3213; x_wconf 80' lang='lat' dir='ltr'><strong>fundens:</strong></span> 
     </span>
     <span class='ocr_line' id='line_1_80' title="bbox 1834 3236 3024 3321; baseline -0.003 -17"><span class='ocrx_word' id='word_1_356' title='bbox 1834 3248 1903 3304; x_wconf 94' lang='lat' dir='ltr'><strong>et</strong></span> <span class='ocrx_word' id='word_1_357' title='bbox 1931 3260 2081 3303; x_wconf 91' lang='lat' dir='ltr'><strong>cum</strong></span> <span class='ocrx_word' id='word_1_358' title='bbox 2120 3260 2201 3302; x_wconf 89' lang='lat' dir='ltr'><strong>eo</strong></span> <span class='ocrx_word' id='word_1_359' title='bbox 2245 3238 2491 3321; x_wconf 89' lang='lat' dir='ltr'><strong>pariter</strong></span> <span class='ocrx_word' id='word_1_360' title='bbox 2517 3238 2746 3301; x_wconf 89' lang='lat' dir='ltr'><strong>crebra</strong></span> <span class='ocrx_word' id='word_1_361' title='bbox 2769 3236 3024 3319; x_wconf 90' lang='lat' dir='ltr'><strong>jejunia</strong></span> 
     </span>
     <span class='ocr_line' id='line_1_81' title="bbox 1835 3325 3023 3409; baseline -0.003 -16"><span class='ocrx_word' id='word_1_362' title='bbox 1835 3329 2126 3393; x_wconf 90' lang='lat' dir='ltr'><strong>ducens:</strong></span> <span class='ocrx_word' id='word_1_363' title='bbox 2202 3325 2686 3409; x_wconf 89' lang='lat' dir='ltr'><strong>indulgentiam</strong></span> <span class='ocrx_word' id='word_1_364' title='bbox 2761 3346 2803 3389; x_wconf 88' lang='lat' dir='ltr'><strong>a</strong></span> <span class='ocrx_word' id='word_1_365' title='bbox 2890 3325 3023 3389; x_wconf 90' lang='lat' dir='ltr'><strong>deo</strong></span> 
     </span>
     <span class='ocr_line' id='line_1_82' title="bbox 1834 3414 3023 3501; baseline -0.004 -20"><span class='ocrx_word' id='word_1_366' title='bbox 1834 3437 2037 3501; x_wconf 90' lang='lat' dir='ltr'><strong>quam</strong></span> <span class='ocrx_word' id='word_1_367' title='bbox 2079 3416 2139 3480; x_wconf 93' lang='lat' dir='ltr'><strong>ei</strong></span> <span class='ocrx_word' id='word_1_368' title='bbox 2186 3415 2514 3498; x_wconf 89' lang='lat' dir='ltr'><strong>pollicitus</strong></span> <span class='ocrx_word' id='word_1_369' title='bbox 2558 3414 2771 3479; x_wconf 81' lang='lat' dir='ltr'><strong>fuerat</strong></span> <span class='ocrx_word' id='word_1_370' title='bbox 2816 3434 3023 3496; x_wconf 82' lang='lat' dir='ltr'><strong>expe-</strong></span> 
     </span>
     <span class='ocr_line' id='line_1_83' title="bbox 1832 3502 3021 3586; baseline -0.004 -16"><span class='ocrx_word' id='word_1_371' title='bbox 1832 3505 2037 3570; x_wconf 89' lang='lat' dir='ltr'><strong>tebat.</strong></span> <span class='ocrx_word' id='word_1_372' title='bbox 2130 3504 2337 3586; x_wconf 91' lang='lat' dir='ltr'><strong>Cujus</strong></span> <span class='ocrx_word' id='word_1_373' title='bbox 2382 3504 2583 3567; x_wconf 88' lang='lat' dir='ltr'><strong>etiam</strong></span> <span class='ocrx_word' id='word_1_374' title='bbox 2626 3502 3021 3566; x_wconf 87' lang='lat' dir='ltr'><strong>interventio</strong></span> 
     </span>
     <span class='ocr_line' id='line_1_84' title="bbox 1835 3589 3023 3658; baseline -0.004 0"><span class='ocrx_word' id='word_1_375' title='bbox 1835 3594 2027 3658; x_wconf 90' lang='lat' dir='ltr'><strong>nobis</strong></span> <span class='ocrx_word' id='word_1_376' title='bbox 2078 3593 2205 3657; x_wconf 92' lang='lat' dir='ltr'><strong>hoc</strong></span> <span class='ocrx_word' id='word_1_377' title='bbox 2258 3592 2596 3656; x_wconf 90' lang='lat' dir='ltr'><strong>obtineat:</strong></span> <span class='ocrx_word' id='word_1_378' title='bbox 2642 3599 2717 3655; x_wconf 90' lang='lat' dir='ltr'><strong>ut</strong></span> <span class='ocrx_word' id='word_1_379' title='bbox 2762 3589 3023 3654; x_wconf 85' lang='lat' dir='ltr'><strong>celesti-</strong></span> 
     </span>
     <span class='ocr_line' id='line_1_85' title="bbox 1834 3679 3018 3765; baseline -0.005 -17"><span class='ocrx_word' id='word_1_380' title='bbox 1834 3685 1961 3749; x_wconf 89' lang='lat' dir='ltr'><strong>bus</strong></span> <span class='ocrx_word' id='word_1_381' title='bbox 2004 3682 2285 3765; x_wconf 89' lang='lat' dir='ltr'><strong>protecti</strong></span> <span class='ocrx_word' id='word_1_382' title='bbox 2337 3679 2637 3763; x_wconf 90' lang='lat' dir='ltr'><strong>presidiis</strong></span> <span class='ocrx_word' id='word_1_383' title='bbox 2702 3679 2792 3743; x_wconf 92' lang='lat' dir='ltr'><strong>ab</strong></span> <span class='ocrx_word' id='word_1_384' title='bbox 2864 3679 3018 3742; x_wconf 88' lang='lat' dir='ltr'><strong>hos-</strong></span> 
     </span>
     <span class='ocr_line' id='line_1_86' title="bbox 1828 3766 3015 3837; baseline -0.004 0"><span class='ocrx_word' id='word_1_385' title='bbox 1828 3774 1997 3837; x_wconf 90' lang='lat' dir='ltr'><strong>tium</strong></span> <span class='ocrx_word' id='word_1_386' title='bbox 2029 3771 2379 3835; x_wconf 89' lang='lat' dir='ltr'><strong>liberemur</strong></span> <span class='ocrx_word' id='word_1_387' title='bbox 2422 3769 2695 3833; x_wconf 87' lang='lat' dir='ltr'><strong>insidiis.</strong></span> <span class='ocrx_word' id='word_1_388' title='bbox 2780 3766 2899 3831; x_wconf 82' lang='lat' dir='ltr'><strong>Re.</strong></span> <span class='ocrx_word' id='word_1_389' title='bbox 2933 3767 3015 3832; x_wconf 89' lang='lat' dir='ltr'><strong>In</strong></span> 
     </span>
     <span class='ocr_line' id='line_1_87' title="bbox 1831 3857 3019 3944; baseline -0.004 -18"><span class='ocrx_word' id='word_1_390' title='bbox 1831 3862 2053 3926; x_wconf 87' lang='lat' dir='ltr'><strong>medio</strong></span> <span class='ocrx_word' id='word_1_391' title='bbox 2075 3858 2364 3923; x_wconf 87' lang='lat' dir='ltr'><strong>ecclesie.</strong></span> <span class='ocrx_word' id='word_1_392' title='bbox 2409 3875 2458 3944; x_wconf 69' lang='lat' dir='ltr'>y</span> <span class='ocrx_word' id='word_1_393' title='bbox 2500 3857 3019 3939; x_wconf 89' lang='lat' dir='ltr'><strong>Jocunditatem.</strong></span> 
     </span>
     <span class='ocr_line' id='line_1_88' title="bbox 1814 3944 3023 4035; baseline -0.006 -20"><span class='ocrx_word' id='word_1_394' title='bbox 1814 3959 1917 4035; x_wconf 63' lang='lat' dir='ltr'><strong>pff.</strong></span> <span class='ocrx_word' id='word_1_395' title='bbox 1950 3950 2051 4012; x_wconf 91' lang='lat' dir='ltr'><strong>Te</strong></span> <span class='ocrx_word' id='word_1_396' title='bbox 2072 3949 2270 4012; x_wconf 88' lang='lat' dir='ltr'><strong>deum</strong></span> <span class='ocrx_word' id='word_1_397' title='bbox 2298 3946 2663 4011; x_wconf 89' lang='lat' dir='ltr'><strong>laudamus.</strong></span> <span class='ocrx_word' id='word_1_398' title='bbox 2710 3962 2763 4033; x_wconf 70' lang='grc' dir='ltr'><strong><em>γ</em></strong></span> <span class='ocrx_word' id='word_1_399' title='bbox 2802 3944 3023 4010; x_wconf 89' lang='lat' dir='ltr'><strong>Valde</strong></span> 
     </span>
     <span class='ocr_line' id='line_1_89' title="bbox 1834 4037 2278 4104; baseline -0.011 0"><span class='ocrx_word' id='word_1_400' title='bbox 1834 4037 2278 4104; x_wconf 83' lang='lat' dir='ltr'><strong>honorandus,</strong></span> 
     </span>
     <span class='ocr_line' id='line_1_90' title="bbox 1925 4122 3025 4190; baseline -0.003 0"><span class='ocrx_word' id='word_1_401' title='bbox 1925 4127 2008 4190; x_wconf 86' lang='lat' dir='ltr'><strong>In</strong></span> <span class='ocrx_word' id='word_1_402' title='bbox 2038 4125 2345 4189; x_wconf 83' lang='lat' dir='ltr'><strong>laudibus</strong></span> <span class='ocrx_word' id='word_1_403' title='bbox 2377 4122 2489 4187; x_wconf 78' lang='lat' dir='ltr'><strong>hec</strong></span> <span class='ocrx_word' id='word_1_404' title='bbox 2533 4122 2672 4188; x_wconf 89' lang='lat' dir='ltr'><strong>sola</strong></span> <span class='ocrx_word' id='word_1_405' title='bbox 2699 4132 2807 4187; x_wconf 63' lang='lat' dir='ltr'><strong>ari.</strong></span> <span class='ocrx_word' id='word_1_406' title='bbox 2888 4122 3025 4187; x_wconf 90' lang='lat' dir='ltr'><strong>Hic</strong></span> 
     </span>
     <span class='ocr_line' id='line_1_91' title="bbox 1836 4212 3025 4299; baseline -0.004 -19"><span class='ocrx_word' id='word_1_407' title='bbox 1836 4225 1941 4281; x_wconf 91' lang='lat' dir='ltr'><strong>est</strong></span> <span class='ocrx_word' id='word_1_408' title='bbox 1970 4214 2333 4299; x_wconf 88' lang='lat' dir='ltr'><strong>discipulus</strong></span> <span class='ocrx_word' id='word_1_409' title='bbox 2363 4212 2493 4276; x_wconf 91' lang='lat' dir='ltr'><strong>ille.</strong></span> <span class='ocrx_word' id='word_1_410' title='bbox 2530 4221 2641 4294; x_wconf 53' lang='lat' dir='ltr'><strong>ps.</strong></span> <span class='ocrx_word' id='word_1_411' title='bbox 2689 4212 3025 4275; x_wconf 89' lang='lat' dir='ltr'><strong>Dominus</strong></span> 
     </span>
     <span class='ocr_line' id='line_1_92' title="bbox 1840 4299 3021 4388; baseline -0.005 -19"><span class='ocrx_word' id='word_1_412' title='bbox 1840 4304 2163 4388; x_wconf 87' lang='lat' dir='ltr'><strong>regnavit,</strong></span> <span class='ocrx_word' id='word_1_413' title='bbox 2200 4312 2306 4366; x_wconf 85' lang='lat' dir='ltr'><strong>etc.</strong></span> <span class='ocrx_word' id='word_1_414' title='bbox 2402 4300 2791 4384; x_wconf 83' lang='lat' dir='ltr'><strong>Capitulum.</strong></span> <span class='ocrx_word' id='word_1_415' title='bbox 2884 4299 3021 4383; x_wconf 91' lang='lat' dir='ltr'><strong>Qui</strong></span> 
     </span>
    </p>
   </div>
   <div class='ocr_carea' id='block_1_9' title="bbox 2159 4491 2685 4609">
    <p class='ocr_par' dir='ltr' id='par_1_11' title="bbox 2159 4491 2685 4609">
     <span class='ocr_line' id='line_1_93' title="bbox 2220 4491 2685 4555; baseline 0 -14"><span class='ocrx_word' id='word_1_416' title='bbox 2220 4493 2240 4522; x_wconf 81' lang='lat'>⁸</span> <span class='ocrx_word' id='word_1_417' title='bbox 2274 4491 2586 4555; x_wconf 73' lang='lat' dir='ltr'><strong>baptizatur:</strong></span> <span class='ocrx_word' id='word_1_418' title='bbox 2621 4492 2685 4541; x_wconf 92' lang='lat' dir='ltr'><strong>G.</strong></span> 
     </span>
     <span class='ocr_line' id='line_1_94' title="bbox 2159 4558 2539 4609; baseline -0.008 1"><span class='ocrx_word' id='word_1_419' title='bbox 2159 4564 2178 4590; x_wconf 75' lang='lat'>³</span> <span class='ocrx_word' id='word_1_420' title='bbox 2210 4560 2371 4609; x_wconf 88' lang='lat' dir='ltr'><strong>cede:</strong></span> <span class='ocrx_word' id='word_1_421' title='bbox 2408 4558 2466 4609; x_wconf 90' lang='lat' dir='ltr'><strong>E.</strong></span> <span class='ocrx_word' id='word_1_422' title='bbox 2476 4559 2539 4609; x_wconf 92' lang='lat' dir='ltr'><strong>G.</strong></span> 
     </span>
    </p>
   </div>
  </div>
 </body>
</html>
