3375 5100
44 4898 59 5065 n———
51 4750 61 4883 -——
39 4486 59 4735 -—-·--

864 343 1120 399 INFRA
1176 343 1279 400 OC
1281 344 1336 399 T
1328 344 1384 398 A
1400 345 1556 400 VAS
1604 344 1999 401 CORPORIS
2048 345 2393 400 CHRISTI.

897 455 1029 507 541

368 563 433 638 (1'
468 558 557 622 Si
581 558 719 622 dies
746 558 1067 623 dominica
1093 559 1278 641 infra
1305 570 1559 623 octavas

362 649 640 729 corporis
697 646 946 713 Christi
992 648 1329 730 contigerit
1374 649 1559 730 infra

364 747 620 799 octavas
660 736 877 799 sancti
916 736 1213 799 willelmi
1236 746 1300 799 et
1325 758 1369 799 a
1384 739 1561 817 festo

366 824 449 888 ix.
483 825 817 888 lectionum
849 825 1177 888 vacaverit
1193 845 1218 887 .·
1228 825 1414 909 fiant
1435 846 1558 888 me—

364 913 471 976 die
512 913 799 977 lectiones
854 915 937 977 de
986 922 1204 977 sancto
1246 913 1557 977 willelmo.

369 1001 459 1065 Si
505 1022 651 1065 vero
700 1001 839 1065 dies
888 1002 1302 1064 octavarum¹
1351 1002 1564 1065 sancti

364 1090 661 1153 willelmi
701 1091 771 1153 in
800 1089 973 1153 dicta
1002 1090 1321 1153 dominica
1364 1091 1559 1155 conti-

352 1178 535 1259 gerit
552 1202 576 1241 :
617 1178 878 1242 dicatur
903 1178 983 1241 de
1012 1188 1230 1241 sancto
1257 1178 1559 1243 willelmo

362 1288 505 1329 cum
536 1266 767 1330 mediis
794 1266 1161 1330 lectionibus
1202 1266 1281 1330 de
1312 1279 1561 1350 corpore

370 1354 629 1420 Christi.
722 1356 780 1419 S
781 1356 811 1418 i
840 1356 979 1418 dies
1021 1364 1394 1419 octavarum
1420 1376 1557 1419 cor·-

347 1444 533 1526 poris
568 1443 819 1509 Christi
852 1443 1037 1524 infra
1067 1455 1322 1506 octavas
1348 1444 1561 1508 sancti

362 1532 655 1595 willelmi
695 1532 1033 1613 contigerit
1052 1555 1075 1595 .·
1121 1532 1310 1615 fiant
1356 1532 1557 1597 medie

359 1620 645 1684 lectiones
672 1621 753 1684 de
776 1631 992 1685 sancto
1020 1621 1334 1685 willelmo.

365 1713 430 1788 (1'
494 1709 1007 1791 Quandocunque
1048 1709 1230 1791 festa
1280 1709 1555 1792 corporis

366 1795 617 1864 Christi
670 1807 735 1862 et
778 1798 1153 1861 nativitatis
1197 1798 1409 1861 sancti
1442 1799 1552 1880 jo-

357 1885 599 1950 hannis
627 1888 895 1969 baptiste
917 1895 1299 1949 concurrunt
1316 1908 1341 1949 .·
1368 1886 1551 1968 diffe-

360 1985 555 2039 ratur
580 1977 831 2057 festum
876 1974 1089 2039 sancti
1115 1974 1438 2057 johannis
1479 1975 1551 2039 in

355 2064 711 2127 crastinum
733 2087 757 2127 .·
802 2073 863 2127 et
888 2063 997 2127 die
1021 2062 1329 2127 mercurii
1338 2074 1549 2145 prece-

355 2152 577 2215 denti:
621 2153 961 2235 jejunetur
1016 2151 1254 2235 vigilia
1312 2161 1373 2215 et
1413 2152 1554 2236 fiat

353 2241 694 2305 servitium
745 2241 827 2304 de
877 2250 1101 2303 sancta
1151 2241 1221 2304 E
1222 2240 1551 2305 theldreda

354 2348 497 2391 cum
557 2330 763 2392 missa
818 2329 900 2392 de
954 2328 1191 2411 vigilia
1208 2353 1233 2393 .·
1294 2339 1358 2392 et
1412 2330 1551 2392 dies

353 2420 631 2499 corporis
684 2416 938 2483 Christi
989 2417 1244 2481 habebit
1289 2418 1550 2481 omnino

354 2506 625 2570 ultimas
666 2516 955 2590 vesperas
988 2527 1145 2570 suas
1165 2530 1189 2570 .·
1230 2516 1293 2570 et
1319 2527 1548 2571 memo-

352 2595 461 2658 ria
488 2595 567 2659 de
594 2607 811 2659 sancto
823 2595 1115 2678 johanne
1148 2604 1253 2659 ar'i.
1290 2597 1547 2678 Ingres-

350 2704 428 2747 so
496 2701 543 2771 y
605 2686 759 2748 Fuit
789 2684 1008 2749 h0m0.
1068 2705 1211 2748 cum
1264 2683 1546 2749 alleluia.

357 2772 603 2838 Oratio,
720 2775 903 2837 Deus
979 2773 1091 2855 qui
1166 2782 1541 2855 presentem

351 2861 547 2926 diem.
591 2862 844 2945 et²fiat
877 2870 1081 2925 totum
1101 2861 1440 2925 servitium
1473 2861 1544 2925 in

348 2951 628 3014 crastino
684 2951 765 3014 de
806 2960 1023 3013 sancto
1051 2949 1347 3031 johanne
1396 2971 1541 3013 cum

348 3040 659 3104 memoria
688 3038 947 3120 defesto
974 3038 1250 3120 corporis
1278 3037 1537 3104 Christi.

346 3127 486 3190 Per
510 3139 767 3192 octavas
803 3129 1080 3209 corporis
1114 3125 1366 3193 Christi
1403 3127 1540 3190 sin-

334 3217 522 3296 gulis
593 3216 816 3280 diebus
870 3217 1010 3300 fiat
1080 3215 1389 3279 memoria
1462 3214 1541 3278 de

343 3316 561 3369 sancto
611 3304 913 3381 Johanne
956 3305 1027 3368 in
1074 3303 1423 3366 matutinis
1478 3313 1542 3367 et

345 3395 621 3477 vesperis
668 3415 813 3456 cum
859 3392 1228 3475 antiphonis
1278 3392 1358 3455 de
1391 3393 1536 3474 pri-

344 3483 474 3545 mis
502 3482 775 3565 vesperis
805 3482 1057 3546 iteratis·
1081 3504 1106 3544 .·
1146 3481 1263 3544 sed
1283 3479 1381 3543 ad
1403 3501 1537 3544 ves-

327 3581 525 3653 peras
552 3571 631 3634 de
658 3570 895 3653 vigilia
922 3570 1345 3652 apostolorum
1361 3569 1543 3651 petri

340 3669 405 3722 et
434 3660 633 3742 pauli
680 3669 742 3722 et
792 3661 861 3722 in
912 3660 1019 3722 die
1061 3657 1246 3721 nulla
1279 3657 1418 3741 fiat
1460 3657 1540 3721 de

341 3758 558 3812 sancto
574 3748 879 3823 Johanne
895 3747 1202 3811 memoria
1214 3769 1237 3810 :
1258 3747 1377 3809 sed
1392 3755 1534 3809 tan-

341 3847 483 3900 tum
526 3838 607 3900 de
619 3838 795 3918 sesto
836 3836 1110 3918 corporis
1145 3834 1396 3901 Christi
1410 3858 1435 3898 .·
1478 3845 1539 3898 et

340 3935 497 3989 tunc
521 3926 632 3990 illo
660 3947 832 3990 anno
859 3925 967 3989 die
1000 3923 1319 3987 dominica
1350 3923 1536 4004 infra

337 4026 596 4079 octavas
621 4014 763 4097 fiat
787 4013 1127 4078 servitium
1169 4012 1248 4076 de
1290 4022 1541 4095 corpore

345 4103 597 4168 Christi
636 4104 872 4185 absque
912 4101 1145 4165 mediis
1172 4101 1539 4164 lectionibus

335 4192 415 4255 de
439 4202 658 4255 sancto
693 4191 1007 4266 Johanne.
1099 4189 1232 4253 Die
1258 4210 1405 4252 vero
1438 4208 1531 4251 oc-

338 4291 641 4344 tavarum
664 4281 942 4362 corporis
971 4278 1221 4345 Christi
1246 4287 1309 4340 et
1327 4277 1539 4340 sancti

344 4367 1316 4446 Johanmssicconcurrentium:
1334 4375 1535 4429 totum

540 4507 554 4535 ¹
589 4511 787 4554 octava:
820 4505 891 4553 N.

540 4574 561 4602 ¹
584 4580 681 4636 pro
708 4577 785 4620 ‘et
836 4579 963 4625 etc.:.
992 4569 1064 4619 JV.

2175 456 2328 509 542

1656 559 1997 623 servitium
2011 560 2147 645 fiat
2179 560 2257 623 de
2299 561 2538 623 octavis
2579 562 2857 644 corporis

1664 647 1913 714 Christi
1951 669 2095 712 cum
2127 648 2356 711 mediis
2384 648 2748 713 lectionibus
2775 651 2856 713 de

1656 737 1898 800 octavis
1925 738 2136 800 sancti
2141 737 2474 819 johannis.

1660 829 1726 904 (1'
1769 825 1934 888 Item
1953 826 1977 863 ³
2023 828 2089 889 si
2103 826 2126 863 ⁴
2171 827 2424 907 festum
2481 837 2852 891 sanctorum

1656 924 2024 994 martyrum
2047 913 2366 995 johannis
2415 924 2478 976 et
2511 916 2706 995 pauli
2744 916 2852 979 die

1653 1001 1976 1065 dominica
2029 1002 2214 1083 infra
2265 1012 2518 1065 octavas
2555 1004 2852 1085 ,corporis

1663 1089 1974 1154 Christi
1999 1090 2107 1153 vel
2142 1090 2248 1153 die
2290 1100 2662 1153 octavarum
2709 1113 2850 1155 con-

1656 1178 1881 1260 tigerit
1902 1200 1926 1241 .·
1971 1178 2155 1262 fiant
2199 1178 2281 1241 de
2331 1180 2425 1241 eis
2475 1178 2678 1242 medie
2734 1179 2848 1243 lec-

1656 1267 1870 1331 tiones,
1959 1266 2064 1330 De
2106 1266 2260 1329 aliis
2288 1277 2504 1329 autem
2517 1267 2720 1347 festis
2750 1268 2847 1351 izj.

1654 1355 1988 1418 lectionum
2037 1356 2235 1418 etiam
2282 1355 2348 1417 si
2389 1355 2581 1418 dictis
2630 1356 2850 1420 diebus

1650 1443 2031 1525 contigerint
2049 1467 2073 1508 .·
2100 1443 2227 1527 fiet
2253 1452 2509 1507 tantum
2539 1441 2849 1507 memoria

1636 1541 2054 1615 preterquam
2081 1532 2164 1596 a'e
2200 1542 2423 1595 sancta
2453 1532 2518 1595 E
2519 1532 2848 1595 thela'reda

1650 1631 1716 1684 et
1739 1630 1956 1683 sancto
1983 1621 2189 1683 Leone
2219 1620 2289 1682 in
2330 1620 2566 1701 vigilia
2605 1621 2846 1685 contin-

1640 1718 1834 1791 gente
1858 1720 1934 1772 ut
1960 1709 2146 1791 infra
2175 1718 2450 1772 notatur.

1654 1801 1720 1876 (Ι
1772 1797 1934 1863 Cum
1982 1807 2197 1861 autem
2250 1796 2486 1879 vigilia
2529 1797 2841 1861 nativita-

1650 1885 1742 1949 tis
1769 1886 1982 1949 sancti
2029 1885 2360 1960 Johannis
2390 1886 2659 1967 baptiste
2678 1908 2702 1948 .·
2749 1887 2854 1950 vel

1647 1975 2072 2055 apostolorum
2089 1974 2270 2055 petri
2280 1983 2344 2037 et
2353 1974 2552 2055 pauli
2576 1973 2844 2056 contige-

1651 2062 1747 2125 rit
1773 2063 1961 2144 infra
1998 2072 2256 2126 octavas
2282 2062 2561 2144 corporis
2595 2061 2848 2128 Christi

1633 2152 1963 2233 predictas
1980 2173 2007 2214 .·
2051 2160 2253 2214 totum
2295 2150 2636 2213 servitium
2680 2151 2842 2215 deee-

1647 2249 1762 2303 tur
1786 2239 1868 2303 de
1892 2240 2069 2321 festo
2110 2238 2385 2321 corporis
2449 2237 2738 2304 Christi:
2782 2249 2846 2302 et

1646 2329 1956 2391 memoria
1985 2327 2064 2391 de
2115 2336 2340 2390 sancta
2393 2327 2462 2389 E
2465 2326 2792 2391 theldreda
2816 2352 2842 2392 .·

1646 2417 1754 2480 vel
1775 2417 1854 2480 de
1877 2425 2092 2479 sancto
2120 2416 2302 2479 leone.
2389 2416 2474 2479 In
2503 2416 2676 2479 dicta
2696 2437 2843 2480 vero

1646 2505 1885 2588 vigilia
1913 2515 1975 2569 et
2003 2505 2074 2569 in
2117 2505 2224 2569 die
2254 2504 2352 2568 ad
2373 2514 2679 2588 utrasque
2704 2525 2842 2569 ves-

1630 2606 1832 2677 peras
1901 2603 2008 2659 αῆ.
2086 2593 2429 2677 Sapientia
2485 2603 2551 2656 et
2591 2595 2846 2676 psalmi

1643 2684 1726 2746 de
1763 2684 1941 2766 sesto
1997 2684 2277 2764 corporis
2343 2681 2592 2748 Christi
2609 2706 2633 2746 .·
2695 2704 2839 2746 cum

1642 2774 1955 2836 memoria
2063 2771 2144 2834 de
2241 2771 2448 2834 eodem
2565 2781 2838 2836 tantum.

1648 2860 1926 2938 Quando
1983 2869 2206 2923 octava
2264 2859 2543 2941 corporis
2593 2859 2845 2925 Christi

1642 2949 1714 3012 in
1754 2949 2036 3012 crastino
2063 2948 2488 3031 apostolorum
2519 2949 2796 3012 evenerit
2815 2972 2838 3012 .·

1641 3047 1794 3100 tunc
1838 3038 1950 3101 illo
1995 3058 2165 3100 anno
2210 3037 2309 3100 ad
2342 3037 2653 3100 secundas
2703 3059 2839 3101 ves-

1624 3135 1824 3206 peras
1851 3127 2275 3208 apostolorum
2321 3125 2505 3208 petri
2551 3136 2614 3188 et
2650 3127 2844 3206 pauli

1636 3223 1742 3278 an.
1792 3213 2149 3297 Sapientia.
2189 3213 2336 3295 Cap.
2370 3214 2598 3277 Petrus
2629 3213 2715 3276 ad
2747 3235 2836 3278 se.

1638 3303 1750 3366 Re.
1844 3303 2036 3366 Petre
2064 3322 2252 3365 amas
2298 3322 2424 3365 me.
2510 3301 2836 3381 Hymnus.

1640 3390 1924 3455 Exultet
1954 3390 2185 3455 celum.
2234 3408 2281 3477 γ
2327 3391 2430 3453 Tu
2478 3410 2548 3452 es
2592 3398 2834 3471 petrus,

1634 3481 1812 3543 Αῆα.
1843 3491 2033 3561 super
2043 3480 2379 3560 psalmum
2426 3479 2495 3540 M
2503 3476 2832 3558 agnificat.

1637 3568 1856 3650 Quem
1898 3568 2142 3631 dicunt.
2196 3565 2440 3631 Oratio.
2489 3566 2674 3628 Deus
2719 3567 2832 3647 qui

1634 3657 1833 3720 beato
1878 3665 2066 3738 petro
2124 3653 2441 3737 apostolo.
2532 3654 2617 3716 In
2660 3674 2834 3716 cras-

1634 3745 1772 3808 tino
1830 3745 1928 3808 aa'
1970 3743 2332 3807 matutinas
2401 3741 2708 3804 memoria
2758 3742 2839 3805 de

1631 3843 1850 3897 sancto
1893 3843 2090 3915 petro.
2153 3839 2257 3894 an.
2323 3831 2551 3894 Petrus
2610 3830 2696 3893 ad
2715 3850 2830 3914 ,se.

1636 3940 1683 4009 γ
1743 3922 1849 3985 Tu
1891 3941 1962 3984 es
2001 3929 2242 4004 petruS.
2323 3919 2568 3983 Oratio.
2647 3919 2832 3983 Deus

1635 4009 1748 4093 qui
1795 4011 1994 4074 beato
2040 4017 2248 4091 petro.
2293 4016 2357 4070 et
2403 4007 2712 4070 memoria
2755 4008 2838 4071 de

1631 4107 1850 4162 sancto
1872 4097 2164 4180 johanne
2187 4118 2211 4158 .·
2254 4105 2316 4158 et
2358 4106 2511 4159 tunc
2565 4095 2678 4159 illo
2727 4097 2834 4159 die

1632 4188 1942 4251 dieantur
2007 4195 2254 4268 vespere
2308 4193 2372 4248 et
2430 4194 2632 4249 totum
2699 4205 2832 4249 ser-

1632 4275 1870 4340 vitium
1902 4274 1983 4338 de
2007 4273 2249 4338 octavis
2277 4274 2551 4356 corporis
2586 4272 2837 4339 Christi

1632 4384 1777 4428 cum
1821 4361 2130 4426 memoria
2185 4361 2267 4426 de
2312 4361 2624 4445 apostolis.
2723 4371 2830 4427 ar‘i.

1722 4499 1743 4529 ⁸
1781 4499 1928 4547 ‘Item
1947 4497 1960 4522 ’
1984 4513 2077 4547 om.
2102 4513 2120 4547 .·
2153 4498 2226 4548 N.

1725 4567 1744 4595 ⁴
1782 4564 2034 4614 ‘si’om..·
2087 4565 2163 4613 W.
