3375 5100
1485 252 1740 308 FERJA
1797 252 2114 323 QUINTA

1116 364 1279 420 809

568 492 799 538 eorum
844 471 1099 555 syderis
1128 469 1313 535 vultu
1346 488 1581 533 sereno
1632 467 1782 532 illu-

574 564 773 627 mina.
846 560 1003 625 Deo
1050 558 1263 643 patri.¹
1332 575 1381 644 γ
1428 558 1509 622 In
1564 567 1782 621 matu-

570 650 747 715 tinis,
832 650 917 713 In
962 648 1244 731 evange.²
1288 656 1397 711 aii.
1474 646 1780 712 Salutem

572 760 664 804 ex
710 738 991 801 inimicis
1035 735 1275 800 nostris
1324 745 1393 799 et
1438 736 1525 799 de
1578 754 1782 799 manu

575 828 877 892 omnium
916 826 1029 908 qui
1078 845 1201 889 nos
1244 824 1530 889 oderunt
1576 822 1785 887 libera

579 936 703 980 nos
734 915 1025 979 domine.
1057 922 1160 997 pf.
1207 912 1655 977 Benedictus.⁸

578 1004 778 1069 Feria
808 1004 895 1067 v.⁴

576 1089 1067 1157 Invitatorium.

578 1200 757 1245 num.
837 1179 1173 1262 Quoniam
1238 1178 1379 1263 ipse
1439 1178 1595 1241 fecit
1642 1198 1784 1242 nos,

564 1279 667 1353 pf.
698 1269 943 1333 Venite
966 1266 1393 1331 exultemus⁵
1430 1266 1784 1347 ⁶Hymnus.

580 1359 859 1491 Nox
887 1366 1031 1419 atra
1050 1376 1267 1419 rerum
1292 1358 1593 1437 contegit
1612 1364 1786 1419 terre

763 1444 1017 1509 colores
1062 1444 1361 1507 omnium
1411 1464 1533 1507 nos
1580 1442 1792 1506 confi-

580 1542 801 1597 tentes
846 1534 1181 1616 poscimus
1230 1542 1298 1596 te
1344 1532 1525 1614 juste
1572 1532 1790 1613 judex

582 1623 899 1687 cordium.
1024 1620 1117 1686 Ut
1189 1620 1449 1684 auferas
1523 1620 1790 1704 piacula

1142 1087 1523 1153 Adoremus
1566 1087 1784 1153 domi-

582 1711 945 1793 sordesque
990 1710 1233 1773 mentis
1278 1709 1513 1773 abluas
1549 1710 1786 1773 dones-

582 1820 716 1883 que
758 1799 1023 1865 Christe
1067 1800 1352 1881 gratiam
1401 1808 1477 1862 ut
1522 1817 1788 1861 arcean-

582 1897 694 1951 tur
734 1888 1025 1952 crimina.
1115 1888 1323 1950 Mens
1369 1906 1522 1951 ecce
1570 1894 1793 1969 torpet

582 1977 791 2059 impia
821 1996 1020 2058 quam
1053 1975 1249 2059 culpa
1294 1976 1556 2039 mordet
1586 1976 1794 2039 noxia

585 2066 868 2129 obscura
915 2065 1119 2147 gestit
1172 2062 1405 2128 tollere
1454 2075 1523 2128 et
1572 2073 1641 2126 te
1691 2084 1789 2127 re-

588 2155 900 2235 demptor
975 2172 1263 2235 querere.
1376 2152 1659 2236 Repelle
1717 2162 1792 2216 tu

586 2243 943 2324 caliginem
1076 2241 1469 2305 intrinsecus
1588 2261 1792 2323 quam

590 2331 891 2395 maxime
958 2338 1034 2393 ut
1095 2330 1161 2392 in
1228 2330 1428 2392 beato
1499 2330 1795 2412 gaudeat

592 2440 665 2482 se
756 2418 1066 2482 collocari
1159 2417 1427 2483 lumine.
1552 2418 1797 2483 Presta

592 2516 799 2592 pater.
1451 2504 1798 2589 psalmus.⁷

592 2597 952 2732 Salvum
974 2615 1083 2658 me
1104 2595 1205 2660 fac
1230 2596 1390 2659 deus
1418 2617 1433 2660 ε
1480 2597 1796 2679 quoniam

707 2686 1114 2748 intraverunt
1133 2705 1304 2766 aque
1324 2705 1533 2766 usque
1552 2685 1637 2748 ad
1658 2685 1800 2749 ani-

598 2793 779 2837 mam
806 2793 1044 2836 meam.
1088 2773 1354 2836 Infixus
1376 2794 1524 2836 sum
1546 2773 1611 2836 in
1638 2773 1800 2837 limo

597 2861 946 2945 profundi:
994 2870 1061 2924 et
1094 2881 1226 2924 non
1272 2870 1374 2925 est
1409 2863 1800 2926 substantia.

615 2949 780 3016 Veni
831 2950 897 3011 in
951 2949 1371 3013 altitudinem
1428 2953 1671 3014 maris:
1735 2960 1804 3014 et

600 3047 968 3120 tempestas
1012 3039 1327 3102 demersit
1378 3059 1502 3103 me.
1578 3039 1806 3103 Labo-

602 3127 738 3192 ravi
799 3126 1095 3190 clamans
1160 3147 1353 3191 rauce
1416 3128 1591 3192 facte
1650 3137 1807 3192 sunt

604 3217 826 3280 fauces
902 3236 1099 3280 mee:
1192 3215 1576 3280 defecerunt
1635 3216 1808 3281 oculi

605 3305 735 3368 mei
797 3305 961 3367 dum
1021 3324 1215 3386 spero
1292 3305 1357 3368 in
1420 3306 1549 3368 deo
1610 3304 1808 3369 meo.⁸

602 3393 1043 3475 Multiplicati
1089 3402 1247 3457 sunt
1287 3414 1485 3477 super
1534 3395 1811 3477 capillos

604 3483 844 3565 capitis
920 3481 1103 3545 mei:
1181 3483 1292 3563 qui
1356 3483 1641 3546 oderunt
1703 3503 1812 3546 me

604 3572 830 3654 gratis,
905 3568 1271 3635 Consortati
1317 3581 1473 3634 sunt
1505 3572 1617 3654 qui
1666 3592 1812 3654 per-

606 3661 816 3724 secuti
862 3668 1018 3722 sunt
1072 3679 1181 3721 me
1235 3659 1481 3722 inimici
1532 3661 1661 3723 mei
1715 3662 1811 3724 in-

600 3750 821 3831 juste:
854 3768 982 3830 que
1016 3767 1148 3810 non
1182 3748 1368 3829 rapui
1400 3757 1559 3813 tunc
1590 3749 1815 3813 exsol-

607 3836 866 3901 vebam.
914 3836 1103 3899 Deus
1128 3844 1199 3900 tu
1221 3837 1347 3899 scis
1368 3837 1812 3920 insipientiam

615 3946 877 3990 meam:
924 3934 993 3988 et
1024 3925 1270 3989 delicta
1315 3945 1465 3989 mea
1510 3947 1551 3990 a
1583 3936 1651 3990 te
1681 3947 1818 3990 non

713 4086 727 4116 ¹
770 4091 784 4115 ‘
800 4086 1144 4151 Cap.Vigilate
1156 4094 1239 4137 etc.
1258 4087 1353 4137 Per
1361 4093 1569 4138 estatem
1582 4088 1814 4153 hymnus.

618 4153 751 4203 Ecce
770 4153 875 4217 jam
894 4154 907 4177 ’
933 4155 1034 4202 add
1060 4173 1072 4203 ε
1108 4155 1166 4203 Ε.

718 4223 738 4250 ²
778 4225 791 4247 ‘
808 4221 874 4268 In
895 4220 1057 4269 evan!
1084 4236 1177 4270 om.
1195 4235 1213 4269 .·
1236 4221 1302 4270 E.
1318 4221 1375 4270 G.

717 4286 738 4315 ⁸
776 4291 791 4313 ⁴
806 4287 975 4336 Preces
1014 4293 1074 4336 ut
1108 4294 1277 4352 supra.
1358 4289 1534 4336 Oratio
1570 4293 1631 4337 ut
1666 4289 1817 4338 decet'

616 4353 750 4402 add:
786 4353 851 4402 Ε.
864 4353 921 4402 6.

720 4423 737 4450 ⁴
779 4419 900 4468 ‘Ad
916 4419 1225 4468 matutinas‘
1246 4421 1376 4468 add:
1412 4422 1476 4469 E.
1490 4421 1548 4470 G.

718 4490 738 4516 ὃ
778 4486 907 4534 ‘Pro
940 4485 1169 4548 hystoria.
1245 4486 1465 4536 Domine
1510 4503 1573 4537 ne
1614 4487 1666 4537 in
1715 4488 1816 4538 ira'

2387 362 2540 419 810

1881 478 2039 533 sunt
2095 468 2508 534 abscondita.
2603 469 2792 533 Non
2871 468 3160 533 erubes-

1880 568 2040 622 cant
2071 558 2136 622 in
2169 578 2278 621 me
2313 559 2428 640 qui
2473 566 2895 641 expectant
2927 568 3009 621 te
3043 560 3158 621 do-

1885 648 2112 711 mine:
2169 646 2442 711 domine
2493 648 2880 711 virtutum.
2987 648 3152 710 Non

1883 734 2377 800 confundantur
2457 756 2666 818 super
2759 756 2900 799 me
2939 757 2960 799 :
3043 737 3152 818 qui

1881 833 2169 907 querunt
2197 834 2266 887 te
2295 824 2464 887 deus
2493 823 2720 887 israel.
2777 823 3146 903 Quoniam

1881 922 2153 995 propter
2181 922 2250 976 te
2291 913 2574 975 sustinui
2615 914 3148 995 opprobrium:

1881 1002 2146 1083 operuit
2195 1000 2498 1065 confusio
2549 1001 2814 1065 faciem
2893 1022 3140 1065 meam

1882 1090 1953 1153 E
1955 1100 2274 1153 xtraneus
2319 1088 2532 1153 factus
2577 1110 2742 1152 sum
2799 1090 3140 1155 fratribus
3226 1094 3227 1155 l

1885 1180 2094 1244 meis:
2141 1187 2210 1242 et
2239 1179 2626 1261 peregrinus
2663 1177 2848 1242 filiis
2903 1182 3138 1243 matris

1887 1288 2053 1331 mee.
2129 1266 2460 1345 Quoniam
2491 1268 2680 1331 zelus
2713 1269 3000 1331 domus
3033 1280 3138 1331 tue
3226 1276 3227 1279 ’

1883 1356 2178 1420 comedit
2231 1374 2384 1420 me:
2445 1366 2516 1419 et
2561 1356 2973 1438 opprobria
3027 1378 3136 1421 ex-

1887 1444 2346 1528 probrantium
2391 1444 2514 1507 tibi
2557 1444 2994 1509 ceciderunt
3037 1468 3134 1509 su-

1889 1554 2008 1617 per
2059 1552 2182 1597 me.
2277 1532 2374 1597 Et
2423 1534 2656 1615 operui
2725 1533 2804 1596 in
2871 1534 3132 1617 jejunio

1891 1622 2184 1687 animam
2247 1642 2508 1685 meam:
2561 1630 2632 1685 et
2683 1621 2979 1686 factum
3039 1634 3130 1685 est

1893 1711 1959 1773 in
2013 1710 2442 1793 opprobrium
2492 1710 2672 1775 mihi.
2775 1712 2898 1775 Et
2945 1713 3128 1794 posui
3226 1720 3227 1749 ff

1891 1800 2364 1863 vestimentum
2398 1818 2622 1862 meum
2653 1798 3026 1864 cilicium:
3069 1810 3128 1861 et

1893 1888 2108 1952 factus
2169 1907 2316 1951 sum
2379 1887 2506 1950 illis
2565 1888 2634 1949 in
2689 1888 3128 1969 parabolam.

1891 1977 2276 2040 Adversum
2327 1996 2436 2039 me
2487 1974 2972 2057 loquebantur
3021 1978 3128 2059 qui

1893 2066 2219 2130 sedebant
2279 2064 2348 2128 in
2406 2074 2656 2146 porta:
2735 2076 2816 2129 et
2883 2066 2962 2129 in
3029 2086 3128 2128 me
3226 2128 3227 2153 χ

1893 2153 2267 2237 psallebant
2311 2153 2426 2237 qui
2479 2152 2814 2217 bibebant
2871 2156 3125 2218 vinum.
3226 2166 3227 2169 ’

1893 2244 2055 2325 Ego
2106 2262 2264 2305 vero
2315 2242 2688 2305 orationem
2743 2262 2990 2305 meam
3043 2243 3122 2305 ad

1895 2339 1966 2394 te
2017 2331 2332 2395 domine:
2380 2340 2647 2413 tempus
2701 2330 3122 2414 beneplaciti

1895 2420 2079 2483 deus,
2162 2420 2248 2483 In
2281 2418 2709 2482 multitudine
2743 2421 3124 2484 misericor·

1897 2509 2009 2572 die
2053 2518 2206 2573 tue:
2250 2507 2498 2571 exaudi
2548 2528 2658 2572 me
2710 2508 2786 2571 in
2835 2510 3118 2573 veritate
3226 2591 3227 2594 Ἴ

1899 2597 2133 2661 salutis
2165 2595 2355 2661 mee?
2415 2597 2628 2679 Eripe
2673 2617 2791 2661 me
2838 2599 2936 2661 de
2987 2599 3118 2661 luto
3226 2603 3227 2626 ¹

1899 2695 1977 2750 ut
2006 2706 2142 2749 non
2175 2685 2446 2767 infigar:
2493 2685 2702 2749 libera
2731 2706 2849 2748 me
2897 2688 2994 2750 ab
3022 2688 3115 2750 his

1901 2775 2018 2858 qui
2063 2775 2348 2839 oderunt
2379 2793 2486 2837 me
2531 2783 2600 2838 et
2630 2775 2718 2837 de
2765 2775 3114 2856 profundis

1903 2883 2244 2946 aquarum.
2353 2863 2517 2927 Non
2592 2883 2702 2926 me
2759 2863 3114 2946 demergat

1905 2961 2271 3036 tempestas
2329 2971 2540 3033 aque:
2603 2971 2828 3033 neque
2892 2955 3112 3017 absor-

1907 3041 2064 3104 beat
2095 3061 2204 3104 me
2249 3040 2693 3124 profundum:
2740 3060 2977 3122 neque
3017 3064 3110 3104 ur·
3226 3121 3227 3128 ἵ

1907 3138 2065 3211 geat
2093 3149 2292 3212 super
2336 3148 2445 3192 me
2489 3137 2730 3211 puteus
2775 3147 2858 3192 os
2905 3151 3108 3194 suum.
3226 3149 3227 3216 ἢ

1906 3219 2184 3281 Exaudi
2261 3238 2370 3280 me
2443 3217 2718 3280 domine
2795 3222 3108 3300 quoniam
3226 3217 3227 3228 ’

1909 3307 2202 3388 benigna
2259 3315 2362 3370 est
2421 3305 2876 3369 misericordia
2953 3319 3109 3372 tua:

1911 3396 2276 3459 secundum
2342 3394 2846 3459 multitudinem
2926 3399 3112 3460 mise-

1913 3485 2244 3548 rationum
2275 3493 2538 3548 tuarum
2585 3484 2842 3566 respice
2889 3484 2958 3549 in
2997 3507 3110 3549 me.

1912 3573 2009 3636 Et
2071 3593 2155 3636 ne
2215 3581 2474 3636 avertas
2525 3570 2764 3635 faciem
2827 3581 3020 3638 tuam
3075 3596 3112 3637 a

1913 3681 2120 3744 puero
2148 3670 2305 3725 tuo:
2352 3661 2669 3742 quoniam
2698 3660 2986 3726 tribulor
3013 3685 3114 3728 ve-

1915 3749 2146 3813 lociter
2173 3749 2422 3813 exaudi
2453 3769 2580 3814 me.
2654 3749 2952 3814 Intende
2983 3753 3113 3816 ani-

1917 3859 2026 3901 me
2073 3859 2220 3902 mee
2265 3847 2333 3902 et
2363 3837 2570 3901 libera
2607 3857 2802 3902 eam:
2851 3853 3115 3924 propter

1919 3927 2220 3992 inimicos
2295 3947 2482 3990 meos
2541 3926 2721 4010 eripe
2783 3947 2912 3994 me.
3024 3931 3112 3995 Tu

1915 4089 2049 4186 add:
2077 4088 2130 4184 ‘E
2108 4158 2156 4204 Α
2175 4155 2395 4204 Domine
2419 4168 2483 4205 ne
2495 4155 2548 4204 in
2565 4154 2637 4203 ira
2649 4170 2804 4218 usque
2819 4158 2896 4206 ad
2907 4163 3112 4224 quodm-
3226 4089 3227 4162 1

1910 4222 2152 4286 gesimam
2187 4223 2388 4287 quando
2409 4223 2466 4270 de
2485 4221 2662 4285 quinta
2667 4221 2812 4286 feria
2825 4225 3114 4288 agimrdia'.

1919 4289 2094 4338 turad
2109 4289 2386 4337 manninas
2405 4303 2600 4353 sequens
2613 4287 2626 4311 '
2650 4288 2782 4336 add:
2817 4291 2886 4342 E.
2899 4293 2958 4343 G.

2022 4354 2447 4471 :sams
2485 4353 2728 4470 „³²5³0'··'
2763 4355 2820 4406 ⁸·

2019 4491 2038 4519 ⁹
2073 4497 2184 4538 tue:
2222 4459 2448 4539 E.G.S.'
2533 4458 2544 4472 ’
2604 4456 2617 4470 ’
