3375 5100
859 325 1280 382 DOMJNJCA
1333 324 1465 382 [ΜΔ.
1513 324 1676 381 JJDA.
1726 325 1943 380 [[[ΤΙΑ.
1994 326 2115 381 ET
2153 326 2335 382 sym,

883 434 1014 488 621

354 538 457 604 fac
489 560 610 603 nos
637 538 882 603 habere
913 549 1303 623 perpetuum
1334 562 1348 605 :
1391 542 1550 624 quia

356 648 698 711 nunquam
743 637 861 692 tua
906 630 1382 711 gubernatione
1432 632 1546 694 de·

356 718 574 780 stituis
619 737 785 800 quos
830 718 898 780 in
928 718 1262 782 soliditate
1307 728 1420 809 tue
1451 720 1546 781 di-

355 805 654 869 lectionis
685 806 985 870 instituis,
1037 808 1163 869 Per
1182 808 1543 872 dominum.

353 893 480 957 Ad
501 903 791 974 vespems
835 894 903 957 in
935 915 1187 977 evange.
1220 904 1324 959 αῇ.
1408 895 1544 959 Exi

355 983 488 1045 cito
532 983 596 1045 in
639 981 894 1064 plateas
939 992 1007 1045 et
1037 984 1215 1046 vicos
1262 984 1546 1048 civitatis

355 1082 423 1133 et
455 1090 776 1153 pauperes
818 1091 896 1134 ac
942 1070 1196 1135 debiles
1243 1092 1433 1136 cecos
1478 1081 1546 1135 et

355 1158 625 1223 claudos
668 1158 993 1241 compelle
1039 1160 1283 1223 intrare
1321 1170 1395 1223 ut
1425 1160 1548 1223 im-

353 1245 616 1329 pleatur
644 1246 884 1310 domus
917 1267 1080 1312 mea.
1128 1247 1410 1312 alleluia.
1443 1258 1543 1330 ps':

358 1334 762 1417 Magnificat.

357 1427 422 1500 ΙΙ
467 1422 813 1486 Dominica
845 1422 940 1506 iij.
1021 1424 1289 1489 Secund.
1319 1425 1547 1490 lucam.

353 1514 502 1643 ln
536 1510 646 1574 illo
677 1520 977 1594 tempore
1005 1534 1020 1576 :
1069 1512 1280 1577 Erant
1311 1533 1546 1595 appro-

465 1600 864 1682 pinquantes
912 1600 998 1663 ad
1051 1601 1280 1682 Jesum
1334 1601 1548 1684 publi·

356 1688 508 1763 cani,
561 1696 630 1751 et
691 1695 1068 1770 peccatores
1129 1698 1202 1753 ut
1247 1690 1549 1754 audirent

357 1795 526 1840 eum.
621 1776 715 1839 Et
745 1776 1012 1858 reliqua.

361 1864 616 1929 Omelia
646 1863 815 1926 beati
831 1864 1124 1946 gregorii
1136 1875 1317 1948 pape.
1410 1866 1546 1930 Lea

355 1951 758 2083 Audistis
789 1954 854 2015 in
880 1953 1158 2017 lectione
1185 1975 1380 2018 evan·
1409 1954 1548 2038 [vij.

522 2040 734 2121 gelica
756 2040 990 2105 fratres
1021 2043 1188 2106 mei:
1221 2043 1376 2126 quia
1398 2063 1551 2125 pec-

358 2136 614 2191 catores
659 2138 729 2192 et
759 2128 1090 2210 publicani
1137 2141 1552 2195 accesserunt

357 2215 444 2279 ad
474 2216 702 2297 Jesum
735 2227 804 2281 et
827 2237 959 2281 non
984 2218 1200 2281 solum
1234 2219 1318 2283 ad
1352 2218 1550 2284 collo—

357 2304 735 2387 quendum:
782 2305 898 2368 sed
930 2306 1132 2370 etiarn
1165 2308 1249 2371 ad
1283 2328 1552 2371 conves-

355 2392 640 2456 cendum
673 2394 918 2476 recepti
957 2404 1126 2459 sunt.
1220 2394 1420 2479 Quod
1453 2397 1544 2460 vi-

356 2482 592 2544 dentes
637 2481 958 2565 pharisei:
1005 2482 1347 2566 dedignati
1379 2495 1548 2550 sunt.

359 2570 473 2633 Ex
533 2590 668 2654 qua
728 2591 796 2636 re
839 2571 1130 2654 colligite
1178 2575 1336 2657 quia
1393 2595 1552 2638 vera

351 2658 617 2741 justicia
639 2658 839 2724 habet
869 2662 1436 2743 compassionem:
1482 2672 1550 2727 et

357 2745 524 2812 falsa
548 2747 812 2829 justicia
842 2748 1396 2831 dedignationem.

354 2837 624 2967 Igitur
652 2837 960 2900 dominus
1007 2858 1182 2901 mur·
1215 2838 1376 2922 [Lec.
1410 2839 1550 2922 viij.

447 2926 856 2989 murantibus
903 2924 1218 3008 phariseis
1264 2927 1350 2990 de
1395 2948 1549 2991 con-

355 3013 532 3076 vivio
591 3022 1052 3096 peccatorum:
1129 3015 1254 3078 hoc
1316 3016 1547 3099 benig-

358 3121 517 3164 num
571 3102 962 3184 paradigma
1019 3103 1248 3186 objicit
1302 3104 1547 3169 dicens,

358 3187 526 3272 Quis
571 3210 659 3253 ex
704 3189 893 3254 vobis
929 3190 1132 3255 homo
1179 3193 1292 3274 qui
1346 3192 1548 3256 habet

357 3287 625 3342 centum
686 3299 878 3342 oves:
945 3289 1015 3343 et
1074 3280 1127 3342 si
1190 3280 1550 3362 perdiderit

357 3385 561 3429 unam
605 3371 710 3430 'ex
786 3366 917 3430 illis
993 3388 1213 3432 nonne
1271 3369 1550 3432 dimittit

359 3455 722 3537 nonaginta
773 3476 1013 3518 novem
1061 3457 1127 3518 in
1174 3457 1437 3520 deserto
1483 3467 1551 3521 et

357 3542 541 3606 vadit
571 3543 658 3606 ad
692 3543 872 3606 illam
898 3564 1028 3628 que
1047 3545 1344 3628 perierat.
1395 3547 1549 3628 Ipse

357 3651 516 3714 ergo
561 3631 869 3695 dominus
913 3642 1180 3696 centum
1232 3653 1388 3697 oves
1430 3634 1548 3697 ha—

358 3720 542 3784 buit:
587 3739 737 3784 cum
790 3721 1174 3804 angelorum
1215 3730 1284 3784 et
1337 3722 1551 3786 homi-

359 3828 518 3872 nurn
567 3809 1006 3872 substantiam
1056 3811 1318 3874 creavit.
1414 3809 1548 3875 Sed

357 3915 490 3959 una
549 3897 689 3960 ovis
764 3907 921 3962 tunc
983 3899 1214 3980 periit:
1281 3901 1551 3982 quando

356 3984 559 4048 homo
603 3985 943 4068 peccando
989 4007 1234 4069 pascua
1264 3989 1399 4053 vite
1436 3989 1552 4052 dc—

357 4073 638 4154 reliquit.
1220 4075 1433 4140 Lectio
1463 4077 1550 4140 ix.

355 4162 714 4291 Dimisit
773 4183 931 4246 ergo
982 4163 1294 4228 dominus
1346 4185 1550 4228 nona-

510 4251 936 4331 gintanovem
969 4273 1126 4316 oves
1158 4253 1224 4316 in
1249 4253 1551 4319 deserto:

355 4339 514 4420 quia
590 4339 734 4402 illos
803 4361 1100 4404 summos
1163 4340 1548 4424 angelorum

763 4503 776 4531 ¹
813 4501 988 4550 everrit
1019 4519 1029 4552 :
1067 4503 1134 4550 N.

2165 436 2321 491 622

1653 541 1889 605 choros
1953 540 2216 623 reliquit
2266 544 2333 605 in
2385 540 2530 605 celo
2579 542 2847 624 quando

1655 631 1720 693 in
1771 639 1945 694 terra
2005 650 2209 693 unum
2263 631 2621 714 querebat:
2689 632 2848 713 quia

1659 719 1998 782 rationalis
2039 728 2334 782 creature
2376 738 2685 781 numerus
2731 739 2845 781 an-

1651 806 1951 889 gelorum
2004 806 2312 870 videlicet
2372 817 2441 871 et
2498 806 2843 870 hominum

1653 915 1783 978 que
1829 896 1913 958 ad
1946 896 2305 959 videndum
2346 897 2543 959 deum
2576 896 2847 958 condita

1653 983 1899 1048 suerat:
1932 993 2247 1065 pereunte
2270 983 2538 1047 homine
2561 992 2703 1046 erat
2723 984 2845 1046 im-

1655 1074 1965 1135 minutus,
2059 1071 2151 1135 Et
2210 1081 2283 1136 ut
2333 1072 2621 1154 perfecta
2666 1092 2846 1133 sum-

1654 1180 1765 1223 ma
1809 1162 2033 1223 ovium
2078 1160 2513 1243 integraretur
2557 1161 2625 1223 in
2657 1159 2843 1223 celo:

1653 1249 1856 1312 horno
1933 1249 2229 1331 perditus
2300 1248 2698 1332 querebatur
2778 1249 2843 1309 in

1649 1346 1841 1401 terra.
1931 1338 2015 1399 In
2059 1358 2310 1419 evange.
2341 1346 2449 1401 ar‘i.
2541 1336 2709 1419 Quis
2755 1356 2844 1399 ex

1652 1425 1841 1489 vobis
1900 1424 2102 1489 homo
2162 1426 2275 1510 qui
2328 1424 2530 1490 habet
2576 1434 2844 1488 centum

1651 1534 1810 1576 oves
1870 1523 1936 1576 et
1991 1515 2044 1576 si
2094 1514 2454 1597 perdiderit
2500 1534 2701 1577 unam
2756 1534 2845 1575 ex

1653 1600 1783 1664 illis
1843 1622 2063 1665 nonne
2123 1603 2402 1667 dimittit
2456 1603 2848 1684 nonaginta-

1654 1709 1893 1753 novem
1955 1690 2023 1753 in
2070 1690 2332 1755 deserto
2394 1699 2461 1755 et
2511 1692 2695 1754 vadit
2758 1690 2842 1753 ad

1653 1778 1836 1841 illam
1884 1798 2013 1859 que
2065 1780 2346 1861 perierat
2406 1780 2619 1841 donec
2666 1780 2847 1841 inve-

1655 1867 1794 1929 niat
1826 1865 2027 1928 illam.
2081 1876 2181 1948 ps‘:
2230 1866 2643 1930 Benedictus
2697 1865 2845 1931 070.

1653 1956 2296 2086 Deprecationem
2344 1964 2638 2018 nostram
2687 1976 2846 2037 que—

1809 2062 2035 2105 sumus
2066 2043 2336 2107 domine
2366 2044 2693 2124 benignus
2724 2063 2848 2105 ex-

1654 2130 1845 2194 audi:
1876 2139 1945 2193 et
1966 2131 2205 2214 quibus
2230 2131 2644 2215 supplicandi
2668 2150 2847 2212 pres·

1653 2228 1759 2283 tas
1791 2218 2139 2283 affectum:
2187 2220 2401 2285 tribue
2449 2218 2847 2282 defensionis

1654 2306 1995 2371 auxilium.
2098 2309 2222 2371 Per
2280 2308 2642 2372 dominum.
2731 2307 2856 2370 Ad

1653 2405 1944 2478 vesperas
1991 2394 2059 2459 in
2107 2396 2434 2478 evangelio
2480 2405 2585 2459 αῆ.
2695 2395 2847 2478 Que

1655 2484 1890 2548 mulier
1924 2483 2176 2548 habens
2222 2486 2529 2569 dragmas
2574 2485 2846 2548 decem:

1653 2581 1722 2637 et
1760 2574 1813 2636 si
1859 2573 2219 2656 perdiderit
2263 2577 2611 2658 dragmam
2645 2594 2845 2637 unam

1653 2681 1874 2726 nonne
1894 2663 2195 2727 accendit
2214 2663 2549 2728 lucernam
2574 2671 2643 2726 et
2667 2682 2848 2726 ever-

1650 2751 1773 2814 tit¹
1806 2751 2081 2815 domum
2129 2761 2199 2816 et
2239 2753 2453 2835 querit
2498 2751 2851 2834 diligenter

1651 2841 1865 2904 donec
1896 2840 2203 2904 inveniat.
2279 2849 2381 2922 pf.
2438 2839 2845 2921 Magnificat.

1656 2932 1720 3005 (I
1751 2927 2097 2992 Dominica
2130 2929 2253 3011 iiij.
2316 2927 2585 2993 Secund.
2618 2928 2846 2992 lucam.

1649 3017 1784 3146 ln
1836 3015 1947 3079 illo
2006 3026 2337 3100 tempore:
2416 3017 2610 3081 Dixit
2651 3017 2849 3098 Jesus

1740 3104 2076 3187 discipulis
2106 3107 2240 3169 suis
2268 3105 2504 3169 Estote
2536 3126 2694 3187 ergo
2726 3106 2847 3168 mi-

1651 3193 2011 3256 sericordes
2064 3195 2232 3257 sicut
2286 3204 2352 3258 et
2397 3202 2587 3276 pater
2632 3204 2850 3256 vester

1653 3282 2019 3345 misericors
2049 3291 2167 3346 est.
2246 3282 2337 3346 Et
2367 3282 2634 3364 reliqua.

1655 3368 1911 3434 Omelia
1970 3369 2351 3433 venerabilis·
2409 3369 2554 3433 bede
2586 3368 2847 3451 presby-

1653 3457 1791 3521 teri.
2486 3457 2703 3521 Lectio
2732 3459 2843 3540 vij.

1846 3565 1925 3608 oc
1985 3544 2130 3610 loco
2190 3546 2383 3609 nobis
2444 3546 2603 3609 nihil
2664 3545 2844 3608 aliud

1850 3635 2096 3716 precipi
2160 3634 2512 3697 existimo:
2584 3635 2709 3697 nisi
2772 3644 2846 3697 ut

1649 3721 1777 3786 ea²
1820 3721 1997 3786 sacta
2055 3742 2185 3805 que
2232 3720 2509 3786 dubium
2564 3731 2665 3784 est
2712 3742 2845 3804 quo

1649 3811 1875 3874 animo
1925 3810 2131 3874 fiant:
2188 3812 2252 3873 in
2307 3810 2647 3873 meliorem
2698 3831 2845 3892 par-

1646 3907 1787 3961 tem
1821 3899 2339 3982 interpretemur.
2432 3898 2633 3982 Quod
2665 3899 2842 3962 enim

1650 3987 1966 4069 scriptum
1994 3997 2133 4052 est:
2165 4009 2253 4051 ex
2278 3987 2593 4051 fructibus
2618 4008 2843 4050 eorum

1649 4077 2067 4159 cognoscetis
2120 4097 2277 4140 eos:
2346 4076 2429 4139 de
2480 4075 2845 4139 manifestis

1652 4164 1906 4227 dictum
1940 4173 2041 4228 est
2072 4185 2201 4248 que
2248 4185 2381 4227 non
2419 4174 2698 4248 possunt
2730 4165 2847 4228 bo-

1652 4272 1742 4315 no
1788 4253 2011 4316 animo
2057 4252 2242 4316 fieri:
2288 4255 2480 4317 sicuti
2527 4263 2680 4317 sunt
2712 4262 2849 4316 stu-

1652 4361 1811 4423 pra:
1856 4341 1961 4404 vel
1994 4340 2443 4424 blasphemie:
2494 4341 2599 4406 vel
2632 4341 2846 4406 furta:

1946 4505 1966 4533 ²
2005 4503 2119 4552 ‘ea’
2155 4518 2255 4552 om.
2281 4523 2301 4556 ι
2334 4503 2493 4553 W.N.
