3375 5100
1057 351 1444 406 SECUNDA
1497 349 1701 406 POST
1752 349 2099 406 PASCHA.

867 457 1022 512 449

467 565 533 628 ui
563 564 796 630 vicerit
823 565 916 627 sic
970 565 1284 629 vestietur
1323 567 1519 629 vesti-

469 655 709 718 mentis
740 652 948 718 albis:
992 663 1062 717 et
1105 673 1238 718 non
1283 653 1522 718 delebo

330 761 578 806 nomen
637 741 784 822 ejus
857 741 943 805 de
1019 741 1188 806 libro
1244 743 1380 806 vite
1451 751 1524 807 et

333 829 700 894 confitebor
773 847 1016 893 nomen
1088 831 1234 912 ejus
1298 850 1518 895 coram

331 927 524 1000 patre
553 937 706 982 meo
733 927 803 982 et
833 937 1054 982 coram
1084 917 1336 1001 angelis
1364 918 1524 1000 ejus.

332 1005 473 1086 Qui
502 1007 926 1070 habet-aures
960 1006 1268 1070 audiendi
1299 1008 1526 1072 audiat

332 1095 498 1176 quid
527 1095 795 1177 spiritus
838 1095 1016 1158 dicat
1045 1095 1352 1160 ecclesiia
1438 1096 1525 1159 In

329 1203 584 1266 evange.
605 1191 713 1247 ανῑ.
773 1182 962 1247 Sicut
991 1183 1174 1247 novit
1201 1205 1310 1247 me
1339 1193 1530 1267 pater

331 1279 405 1334 et
447 1291 574 1354 ego
621 1290 912 1352 agnosco
959 1280 1219 1354 patrem
1265 1281 1342 1336 et
1385 1273 1526 1336 ani-

333 1379 518 1422 mam
579 1379 798 1424 meam
855 1379 1036 1442 pono
1100 1380 1222 1443 pro
1293 1361 1528 1424 ovibus

331 1448 504 1512 meis
562 1447 841 1512 alleluia.
921 1457 1024 1530 pf.
1113 1449 1526 1514 Benedictus

332 1535 464 1599 Ad
483 1547 775 1618 vesperas
803 1535 874 1600 in
902 1555 1154 1618 evange.
1176 1546 1281 1601 aii.
1333 1535 1528 1602 Alias

333 1644 496 1688 oves
525 1623 741 1688 habeo
770 1643 900 1706 que
935 1644 1068 1688 non
1098 1634 1257 1690 sunt
1282 1645 1372 1689 ex
1401 1625 1528 1690 hoc

333 1712 494 1776 ovili
524 1721 594 1776 et
615 1711 762 1776 illas
790 1720 1052 1795 oportet
1072 1732 1180 1778 me
1201 1714 1528 1779 adducere

335 1810 409 1863 et
442 1819 675 1865 vocem
721 1821 938 1864 meam
991 1801 1264 1867 audient
1301 1811 1369 1867 et
1412 1802 1530 1866 fiet

337 1908 546 1952 unum
577 1887 750 1952 ovile
793 1897 861 1952 et
891 1909 1059 1954 unus
1102 1898 1330 1973 pastor
1359 1889 1526 1955 all'a.

321 1985 426 2058 pf.
473 1975 882 2060 Magnificat.

342 2070 409 2143 (Ι
450 2065 652 2128 Feria
679 2087 739 2130 v.
797 2065 1103 2130 Invitato.
1153 2075 1261 2133 etc.
1320 2076 1398 2131 ut
1421 2087 1530 2130 su-

321 2163 474 2235 pra.
566 2153 650 2216 In
708 2162 1012 2218 nocturno
1053 2163 1158 2219 αῆ.
1238 2153 1532 2220 Alleluia

320 2249 428 2324 pf.
491 2241 680 2305 Deus
732 2241 1070 2324 judicium.
1142 2251 1246 2324 pff.
1307 2243 1528 2326 Quam

340 2329 572 2394 bonus
652 2338 753 2412 pf.
839 2329 938 2394 Ut
994 2329 1154 2412 quid
1213 2331 1394 2396 deus,
1483 2348 1532 2418 γ

341 2417 734 2482 Resurrexit
763 2417 1086 2482 dominus.
1248 2419 1460 2483 Lectio
1469 2421 1530 2503 j.

339 2507 521 2639 Et
561 2505 799 2589 angelo
835 2505 1284 2590 philadelphie
1326 2508 1531 2573 eccle-

491 2596 586 2659 sie
615 2595 841 2659 scribe.
906 2596 1052 2659 Hec
1082 2596 1244 2661 dicit
1267 2606 1533 2662 sanctus

341 2694 412 2747 et
432 2702 624 2747 verus
653 2684 766 2765 qui
796 2682 1000 2749 habet
1022 2682 1274 2749 clavem
1293 2684 1492 2750 david
1515 2706 1532 2749 ε

341 2772 458 2853 qui
489 2772 702 2853 aperit
731 2780 800 2837 et
822 2792 1020 2837 nemo
1051 2771 1324 2839 claudit:
1355 2772 1531 2838 clau-

342 2860 446 2924 dit
495 2868 564 2923 et
617 2879 816 2923 nemo
874 2860 1086 2942 aperit
1143 2862 1280 2925 scio
1332 2880 1536 2944 opera

341 2956 503 3012 tua:
550 2948 725 3012 Ecce
755 2947 910 3012 dedi
939 2960 1160 3013 coram
1192 2959 1260 3013 te
1289 2950 1532 3015 ostium

344 3044 646 3119 apertum
669 3036 850 3119 quod
881 3056 1078 3101 nemo
1106 3047 1329 3120 potest
1357 3038 1534 3102 clau-

343 3126 532 3188 dere:
578 3124 736 3207 quia
779 3124 1111 3189 modicam
1155 3126 1362 3191 habes
1407 3126 1535 3191 vir-

345 3221 558 3276 tutem
591 3223 661 3278 et
687 3214 960 3279 servasti
991 3214 1266 3279 verbum
1309 3234 1534 3279 meum

347 3309 416 3363 et
449 3320 582 3364 non
613 3303 871 3384 negasti
902 3322 1144 3367 nomen
1177 3322 1416 3367 meum.

497 3407 610 3453 cce
660 3389 838 3455 dabo
883 3390 1004 3455 tibi
1053 3390 1136 3455 de
1183 3390 1424 3475 [Lectio
1467 3390 1536 3473 ij.

495 3496 842 3559 synagoga
899 3477 1218 3544 sathane:
1272 3480 1386 3562 qui
1438 3479 1536 3543 di-

344 3574 505 3628 cunt
535 3586 607 3629 se
631 3564 866 3646 judeos
911 3586 1054 3631 esse
1098 3577 1166 3631 et
1196 3587 1328 3631 non
1365 3576 1542 3631 sunt.

347 3653 524 3717 Ecce
567 3653 804 3718 faciam
850 3654 996 3719 illos
1041 3665 1114 3719 ut
1159 3656 1427 3720 veniant
1470 3664 1540 3719 et

349 3742 627 3806 adorent
658 3752 812 3807 ante
835 3742 1038 3826 pedes
1060 3752 1210 3808 tuos
1240 3752 1306 3807 et
1329 3744 1540 3808 scient

347 3830 506 3911 quia
535 3829 742 3894 dilexi
774 3841 880 3896 te:
926 3833 1240 3913 quoniam
1265 3832 1538 3897 servasti

347 3918 622 3982 verbum
652 3920 970 4001 patientie
1001 3940 1166 3985 mee.
1241 3920 1407 3985 Lect.
1441 3920 1536 4003 iij.

559 4009 672 4089 qui
702 4008 927 4072 vicerit
950 4007 1186 4073 faciam
1219 4008 1404 4072 illum
1429 4030 1538 4072 co-

499 4094 872 4178 lumpnam¹
896 4096 962 4159 in
987 4097 1241 4179 templo
1267 4097 1375 4160 dei
1408 4097 1538 4160 mei

350 4194 414 4247 et
448 4183 620 4247 foras
663 4204 794 4247 non
841 4185 1211 4267 egredietur
1239 4184 1536 4267 amplius·

355 4270 442 4333 Et
503 4273 786 4335 scribam
839 4294 1038 4356 super
1089 4294 1240 4337 eum
1295 4293 1538 4337 nomen

351 4359 453 4421 dei
509 4360 638 4423 mei
691 4371 758 4426 et
807 4381 1050 4427 nomen
1099 4362 1380 4427 civitatis
1432 4362 1540 4425 dei

2122 458 2279 513 430

1615 566 1745 628 mei
1809 584 1977 628 nove
2024 565 2452 630 hierusalem:
2500 585 2631 649 que
2689 567 2803 630 de-

1613 654 1870 718 scendit
1914 654 1998 716 de
2060 652 2203 717 celo
2266 673 2309 716 a
2355 655 2483 718 deo
2536 675 2687 718 meo
2736 664 2805 720 et

1615 762 1857 806 nomen
1891 761 2111 806 meum
2158 761 2419 806 novum.
2509 742 2641 824 Qui
2688 743 2802 806 ha-

1615 829 1731 894 bet
1776 851 1964 894 aures
2010 830 2321 893 audiendi
2372 831 2598 895 audiat
2642 832 2805 913 quid

1616 919 1883 1000 spiritus
1910 919 2090 982 dicat
2119 918 2423 983 ecclesiis,
2511 920 2595 982 In
2623 939 2802 983 evan.

1617 1015 1722 1070 aii.
1779 1007 2011 1071 Pastor
2036 1005 2247 1070 bonus
2278 1008 2568 1072 animam
2600 1029 2805 1073 suam.

1604 1103 1705 1177 pii.
1767 1095 2177 1159 Benedictus
2250 1117 2441 1178 quere
2483 1105 2680 1178 supra
2734 1098 2803 1160 in

1605 1183 1793 1264 firia
1822 1184 1891 1266 ij.
1922 1183 2019 1246 ad
2054 1184 2429 1248 matutinas.
2517 1184 2641 1248 Ad
2671 1206 2805 1247 ves-

1605 1283 1803 1352 peras
1846 1273 1918 1337 in
1945 1272 2271 1355 evangelio
2312 1281 2415 1338 aii.
2509 1273 2581 1336 M
2587 1293 2809 1337 ercen-

1621 1360 1857 1424 narius.
1925 1381 2112 1442 quere
2153 1371 2352 1444 supra
2404 1360 2472 1425 in
2504 1361 2691 1442 feria
2738 1361 2810 1445 ᾔ.

1618 1447 1718 1510 ad
1739 1459 2041 1530 vesperas.
2115 1458 2215 1532 ps.
2278 1449 2683 1533 Magnificat.

1625 1541 1690 1615 ff
1732 1537 1932 1601 Feria
1984 1537 2070 1620 ψ’.
2146 1537 2374 1602 invita.
2436 1549 2539 1602 etc.
2600 1548 2677 1602 ut
2700 1559 2809 1601 su-

1605 1637 1756 1708 pra.
1843 1626 1931 1688 In
1980 1635 2281 1690 nocturno
2324 1635 2429 1690 αῆ.
2519 1626 2812 1691 Alleluia

1605 1721 1706 1795 pf.
1740 1711 1961 1796 Quam
1992 1713 2251 1778 dilecta.
2286 1723 2384 1797 ps‘:
2420 1715 2811 1780 Benedixis-

1620 1801 1692 1866 ti.
1755 1810 1855 1884 pf.
1911 1801 2166 1866 Inclina
2210 1801 2494 1867 domine.
2581 1820 2630 1890 γ
2680 1804 2812 1867 Re-

1623 1889 1910 1953 surrexit
1938 1890 2263 1954 dominus,
2519 1890 2810 1974 Lectz'oj.

1621 1978 1803 2109 Et
1874 1977 2114 2060 angelo
2190 1977 2467 2042 laodicie
2539 1979 2814 2044 ecclesie

1772 2065 1998 2130 scribe.
2053 2065 2201 2128 Hec
2230 2066 2392 2131 dicit
2420 2087 2652 2131 amen:
2681 2075 2812 2131 tes-

1623 2153 1709 2217 tis
1755 2152 1971 2216 fidelis
2014 2162 2083 2218 et
2110 2174 2305 2218 verus
2346 2155 2459 2239 qui
2506 2164 2605 2218 est
2636 2156 2814 2237 prin-

1623 2241 1867 2324 cipium
1898 2251 2192 2306 creature
2214 2241 2345 2306 dei.
2428 2242 2583 2308 Scio
2612 2263 2816 2326 opera

1625 2340 1775 2394 tua:
1821 2331 1976 2412 quia
2020 2349 2235 2413 neque
2264 2329 2539 2412 frigidus
2584 2351 2654 2394 es
2700 2351 2813 2396 ne-

1625 2438 1757 2501 que
1830 2417 2081 2482 calidus
2118 2439 2133 2482 :
2214 2419 2468 2482 utinam
2542 2418 2815 2502 frigidus

1625 2526 1804 2571 esses
1851 2515 1967 2571 aut
2012 2505 2299 2572 calidus:
2344 2507 2460 2571 sed
2512 2509 2669 2591 quia
2716 2518 2815 2572 te-

1627 2595 1821 2678 pidus
1850 2616 1921 2659 es
1951 2605 2021 2659 et
2050 2615 2171 2660 nec
2200 2594 2474 2678 frigidus
2511 2616 2631 2661 nec
2661 2597 2817 2661 cali-

1626 2684 1755 2747 dus
1798 2684 2107 2767 incipiam
2138 2694 2207 2748 te
2250 2704 2551 2749 evomere
2586 2705 2673 2748 ex
2703 2706 2817 2750 ore

1629 2791 1795 2837 meo,
2507 2773 2717 2837 Lectio
2746 2773 2819 2857 ij.

1762 2860 1873 2925 uia
1912 2860 2076 2924 dicis
2118 2860 2299 2943 quod
2344 2861 2528 2925 dives
2572 2882 2717 2925 sum
2750 2872 2819 2927 et

1763 2948 2199 3032 locupletatus
2230 2957 2298 3013 et
2327 2949 2569 3014 nullius
2614 2970 2817 3033 egeo:

1629 3046 1699 3100 et
1727 3037 1939 3101 nescis
1969 3038 2126 3119 quia
2154 3046 2226 3101 tu
2258 3058 2331 3101 es
2372 3038 2567 3102 miser
2596 3049 2664 3103 et
2698 3040 2817 3102 mi-

1629 3124 1923 3189 serabilis
1969 3134 2038 3188 et
2080 3144 2367 3207 pauper:
2412 3136 2481 3190 et
2513 3146 2705 3192 cecus
2750 3136 2819 3191 et

1629 3211 1862 3277 nudus.
1938 3212 2204 3278 Suadeo
2233 3213 2355 3277 tibi
2390 3234 2608 3277 emere
2638 3236 2679 3279 a
2710 3236 2818 3279 me

1628 3321 1861 3365 aurum
1906 3301 2185 3383 ignitum
2234 3309 2302 3365 et
2348 3302 2701 3384 probatum
2748 3312 2821 3368 ut

1630 3389 1922 3471 locuples
1976 3387 2111 3453 fias.
2170 3397 2241 3452 et
2269 3390 2680 3455 vestimentis
2724 3389 2819 3454 al-

1630 3478 1733 3541 bis
1792 3477 2120 3541 induaris:
2184 3484 2251 3541 et
2309 3496 2444 3541 non
2504 3488 2821 3561 appareat

1631 3566 1930 3631 confusio
1971 3564 2287 3629 nuditatis
2327 3574 2479 3629 tue:
2526 3576 2593 3630 et
2638 3566 2818 3631 colli-

1631 3656 1730 3718 rio
1786 3654 2031 3735 inunge
2099 3652 2321 3716 oculos
2379 3662 2531 3717 tuos
2592 3664 2667 3717 ut
2722 3656 2819 3717 vi-

1632 3742 1808 3805 deas,
1886 3741 2035 3824 Ego
2072 3760 2239 3824 quos
2278 3760 2470 3806 amo:
2516 3762 2723 3824 arguo
2752 3751 2823 3807 et

1631 3830 1901 3911 castigo,
2482 3830 2696 3893 Lectio
2725 3830 2820 3914 iij.

1632 3919 1895 4049 Ecce
1934 3924 2040 3981 sto
2085 3916 2170 3981 ad
2217 3915 2457 3981 ostium
2490 3927 2559 3981 et
2587 3918 2821 4001 pulso:

1784 4006 1839 4069 si
1858 4006 2005 4088 quis
2024 4005 2301 4069 audierit
2320 4026 2548 4069 vocem
2571 4028 2787 4071 meam
2806 4030 2821 4073 :

1639 4104 1707 4159 et
1724 4095 2049 4176 aperuerit
2074 4093 2231 4156 mihi
2244 4094 2517 4178 januam
2540 4096 2824 4160 introibo

1639 4183 1725 4246 ad
1757 4183 1942 4246 illum
1971 4204 1984 4246 :
2026 4191 2094 4246 et
2116 4183 2369 4246 cenabo
2398 4202 2549 4247 cum
2582 4184 2724 4249 illo:
2757 4194 2826 4249 et

1640 4272 1781 4353 ipse
1827 4289 2103 4334 mecum.
2194 4270 2329 4354 Qui
2374 4272 2601 4335 vicerit
2648 4274 2827 4337 dabo

1639 4360 1699 4422 ei
1746 4361 1972 4424 sedere
2018 4379 2275 4423 mecum
2308 4360 2373 4424 in
2406 4360 2647 4425 throno
2676 4382 2829 4427 meo

1305 4523 1318 4553 ¹
1354 4522 1640 4573 columnam
1662 4538 1674 4569 ε
1710 4520 1869 4571 w.N.

2423 4644 2563 4693 GG
