3375 5100
250 3726 261 3738 '
334 3739 427 3801 fis.

977 367 1195 426 POST
1240 369 1341 426 OC
1343 370 1448 425 TA
1464 367 1562 426 VA
1570 371 1622 424 S
1662 369 2160 426 EPIPHANIE.

862 440 1021 496 209

322 547 733 630 Jubilemus·
805 548 949 612 de0.
1050 556 1154 630 ps’.
1258 548 1519 613 Venite.

206 675 215 684 -
322 637 651 718 Hymnus.
755 635 1043 700 Consors
1106 637 1361 718 paterni
1423 637 1520 700 lu-

326 726 539 789 minis,
613 725 699 788 In
731 734 1031 787 nocturno
1059 734 1165 789 aii.
1259 727 1356 791 Ut
1387 745 1520 788 non

326 812 731 896 delinquam.
786 821 887 894 ps'.
936 813 1101 876 Dixi
1131 815 1518 878 custodiam.

327 911 437 965 etc.
493 919 540 988 γ
599 901 885 964 Immola
935 902 1067 964 deo
1115 901 1525 966 sacrificium.

326 989 642 1053 Primum
730 988 917 1071 Κεφ.
1007 989 1305 1054 Auribus
1377 1011 1521 1072 per-

329 1079 475 1161 cipe
550 1077 822 1142 domine
889 1077 1259 1160 lachrymas
1322 1098 1520 1143 meas,

330 1166 436 1230 Ne
497 1165 692 1230 sileas
752 1187 794 1230 a
854 1187 963 1229 me
1022 1168 1285 1231 remitte
1361 1167 1522 1230 mihi

331 1256 648 1337 quoniam
682 1253 897 1319 incola
941 1274 1068 1338 ego
1113 1256 1306 1319 sum¹
1343 1257 1522 1337 apud

331 1353 400 1406 te
445 1353 514 1407 et
551 1344 949 1426 peregrinus,
1013 1360 1062 1430 γ
1108 1343 1271 1407 Dixi
1304 1354 1522 1407 custo-

334 1433 517 1495 diam
566 1433 705 1495 vias
768 1451 950 1494 meas
1004 1439 1080 1495 ut
1132 1452 1264 1496 non
1313 1432 1523 1497 delin-

333 1540 535 1602 quam
570 1521 637 1582 in
669 1519 894 1603 lingua
925 1540 1091 1585 mea.
1172 1521 1278 1584 Ne
1309 1520 1524 1586 sileas.

332 1609 396 1690 ej
429 1608 620 1690 Resp.
673 1606 925 1672 Statuit
968 1609 1279 1672 dominus
1328 1629 1527 1692 supra

334 1706 591 1780 petram
654 1696 860 1779 pedes
920 1717 1105 1760 meos
1165 1705 1232 1760 et
1281 1698 1527 1761 direxit

332 1804 597 1867 gressus
656 1805 841 1848 meos
899 1786 1063 1849 deus
1124 1805 1327 1850 meuS.
1437 1787 1529 1849 Et

335 1873 611 1938 immisit
671 1873 737 1936 in
786 1893 861 1936 os
922 1893 1142 1937 meum
1196 1875 1527 1938 canticum

336 1981 599 2026 novum.
663 1976 710 2047 γ
757 1962 1147 2044 Expectans
1178 1963 1529 2045 expectavi

338 2051 684 2114 dominum
710 2058 777 2112 et
800 2051 1094 2132 respexit
1116 2071 1224 2114 me
1252 2073 1269 2115 :
1314 2059 1382 2114 et
1406 2072 1528 2115 ex-

336 2139 592 2202 audivit
609 2138 1141 2220 deprecationem
1166 2157 1403 2203 meam.
1437 2139 1528 2203 Et

337 2227 606 2291 inmisit.
668 2226 763 2309 iij.
806 2226 923 2290 Κε.
1006 2227 1158 2310 Ego
1206 2227 1351 2290 dixi
1412 2227 1527 2292 do-

340 2317 516 2378 mine
565 2316 872 2379 miserere
922 2317 1069 2378 mei.
1162 2316 1341 2382 Sana
1387 2315 1529 2380 ani·

340 2424 521 2466 mam
554 2424 771 2466 meam
808 2403 961 2488 quia
994 2405 1258 2486 peccavi
1289 2404 1427 2468 tibi.
1481 2421 1530 2491 γ

343 2493 635 2556 Domine
665 2511 749 2557 ne
780 2492 847 2557 in
881 2492 976 2557 ira
1004 2502 1121 2558 tua
1152 2513 1389 2576 arguas
1421 2513 1529 2559 me

338 2602 556 2665 neque
616 2582 683 2644 in
757 2581 974 2645 furore
1036 2590 1151 2645 tuo
1217 2583 1529 2665 corripias

337 2691 462 2734 me.
518 2669 714 2735 Sana.
765 2669 1007 2734 Gloria.
1056 2669 1252 2735 Sana„
1298 2688 1345 2757 γ
1378 2672 1533 2735 Fiat

338 2758 788 2823 misericordia
846 2767 978 2823 tua.
1085 2758 1170 2821 In
1226 2758 1533 2823 laudibus

337 2856 443 2909 αῆ.
551 2846 932 2912 Secundum
998 2866 1333 2929 magnam.
1426 2856 1531 2929 ps'.

340 2936 658 2999 Miserere
731 2945 795 2999 et
853 2946 1053 2999 cetera
1110 2945 1188 2999 ut
1228 2938 1299 2999 in
1349 2935 1530 3019 psal-

341 3024 516 3087 teria
606 3024 732 3087 Ad
750 3024 944 3087 horas
973 3034 1049 3087 ut
1073 3034 1287 3106 supra.

342 3117 407 3190 (I
461 3111 661 3175 Feria
719 3112 789 3195 ij.
910 3112 1035 3177 Ad
1086 3124 1375 3195 vesperas
1425 3121 1530 3175 αῆ.

342 3200 423 3263 In
454 3200 778 3264 domum.²
820 3210 922 3283 ps.
970 3202 1263 3266 LetatuS.
1309 3210 1413 3265 etc.
1460 3209 1538 3264 ut

338 3288 411 3352 in
427 3289 759 3371 psalterio,

342 3382 407 3455 (I
476 3377 677 3441 Feria
730 3378 851 3461 iiij.
922 3378 985 3442 A
996 3378 1050 3441 d
1092 3388 1294 3443 matu.
1360 3377 1531 3441 invi-

339 3476 427 3529 ta.
524 3464 602 3529 In
650 3486 854 3531 manu
885 3476 1018 3531 tua.
1094 3476 1196 3550 ps.
1271 3466 1532 3531 Venite.

338 3554 671 3635 Hymnus.
781 3556 1028 3619 Rerum
1090 3564 1359 3619 creator.
1448 3555 1533 3618 In

338 3652 645 3706 nocturno
690 3652 799 3707 αῆ.
872 3644 1155 3709 Avertet
1206 3644 1532 3708 dominus

523 3731 720 3796 Dixit
771 3733 1101 3815 insipiens
1198 3741 1303 3796 etc.
1390 3731 1535 3797 Κε.3

341 3820 531 3884 Deus
589 3820 812 3885 vitam.
889 3821 1200 3884 Primum
1253 3822 1533 3904 Respon-

334 3909 605 3973 sorium.
726 3910 1037 3973 Paratum
1112 3930 1226 3973 cor
1311 3929 1531 3974 meum

340 3998 504 4061 deus
544 4007 852 4079 paratum
883 4018 997 4061 cor
1026 4018 1267 4061 meum.
1360 3996 1533 4062 Can·

339 4086 503 4149 tabo
532 4095 603 4149 et
633 4085 967 4169 psalmum
998 4086 1215 4150 dicam
1240 4086 1529 4151 domino,

345 4173 393 4248 Ῡ
470 4174 747 4257 Exurge
807 4174 1019 4257 gloria
1071 4195 1221 4239 mea
1280 4194 1532 4257 exurge

340 4262 725 4344 psalterium
775 4273 843 4326 et
886 4262 1162 4345 cythara
1210 4281 1533 4344 exurgam

338 4350 647 4415 diluculo,
756 4350 1078 4416 Cantab0.
1164 4351 1284 4436 (ij.)
1345 4351 1532 4434 Κεφ.

444 4527 455 4555 ¹
492 4542 599 4575 sum
624 4540 740 4590 ego:
776 4526 1002 4576 E.G.W.

1249 4526 1270 4556 ²
1300 4524 1418 4589 Jesu
1444 4523 1665 4575 Christez
1699 4524 1832 4575 E.G.

2143 441 2286 496 210

1620 547 1916 630 Adjutor
1949 569 2134 614 meus
2175 549 2296 612 tibi
2341 547 2624 631 psallam
2660 547 2816 629 quia

1621 637 1785 700 deus
1831 647 2173 720 susceptor
2213 658 2400 701 meus
2447 657 2533 700 es,
2628 636 2814 700 Deus

1622 746 1808 788 meus
1840 725 2282 789 misericordia
2307 745 2472 789 mea.
2521 725 2573 800 Ϋ
2607 725 2811 806 Eripe

1624 835 1732 878 me
1776 815 1862 878 de
1908 813 2188 877 inimicis
2235 815 2402 878 meis
2431 813 2593 877 deus
2627 834 2813 876 meus

1621 911 1691 965 et
1722 903 1808 966 ab
1841 903 2330 986 insurgentibus
2368 903 2435 965 in
2469 922 2575 965 me
2606 901 2814 964 libera

1622 1011 1745 1054 me.
1818 991 2004 1055 Deus
2036 1011 2240 1055 meus,
2303 989 2399 1073 iij.
2430 990 2620 1072 Resp.
2671 991 2812 1054 Ex-

1622 1079 1778 1142 audi
1823 1079 1989 1143 deus
2027 1080 2561 1162 deprecationem
2595 1099 2812 1142 meam

1622 1166 1893 1232 intende
1923 1169 2202 1232 orationi
2235 1188 2398 1232 mee.
2473 1167 2544 1230 A
2574 1166 2816 1231 finibus

1622 1263 1792 1320 terre
1839 1257 1926 1320 ad
1974 1265 2042 1320 te
2090 1256 2369 1321 clamavi
2415 1257 2701 1320 domine.
2765 1255 2816 1320 Ῡ

1624 1344 1807 1408 Dum
1868 1346 2253 1409 anxiaretur
2299 1365 2411 1409 cor
2458 1365 2679 1409 meum
2747 1345 2813 1407 in

1622 1443 1815 1515 petra
1844 1432 2155 1498 exaltasti
2189 1455 2296 1496 me
2319 1433 2655 1497 deduxisti
2689 1453 2814 1496 me.

1624 1519 1696 1584 A
1755 1519 2013 1586 finibus,
2106 1521 2352 1587 Gloria.
2426 1520 2497 1585 A
2556 1521 2816 1586 finibuS.

1626 1626 1673 1697 γ
1721 1610 1872 1674 Fiat
1903 1611 2348 1675 misericordia
2379 1618 2511 1674 tua.

1715 1698 1798 1761 In
1873 1698 2178 1762 laudibus
2251 1706 2356 1762 ar'i.
2499 1698 2818 1781 Amplius

1626 1785 1792 1851 lava.
1867 1795 1967 1868 ps.
2035 1787 2364 1851 Miserere.
2438 1796 2542 1850 etc.
2621 1797 2698 1850 ut
2748 1787 2820 1850 in

1610 1874 1938 1956 psalteria.
2043 1876 2106 1939 A
2113 1875 2168 1938 d
2216 1875 2412 1938 horas
2471 1884 2546 1938 ut
2599 1885 2820 1958 supra.

1625 1962 1752 2026 Ad
1773 1974 2061 2045 vesperas
2093 1971 2199 2027 aii.
2276 1964 2521 2026 Beatus
2549 1963 2666 2028 vir.
2715 1973 2818 2046 ps'.

1628 2051 1777 2115 Nisi
1836 2051 2144 2114 dominus
2203 2050 2621 2116 edificaverit.
2711 2061 2816 2116 etc.

1628 2149 1706 2202 ut
1735 2139 1804 2202 in
1821 2138 2148 2221 psalteria

1629 2232 1696 2305 (s
1742 2227 1942 2291 Feria
1993 2247 2052 2291 v.
2127 2226 2255 2292 Ad
2293 2236 2490 2292 matu.
2587 2227 2817 2292 invita.

1626 2315 2002 2380 Adoremus
2032 2315 2395 2378 dominum.
2425 2324 2527 2398 ps’.
2558 2315 2820 2381 Venite.

1626 2404 1952 2485 Hymnus.
2042 2404 2204 2468 Nox
2237 2413 2380 2468 atra
2410 2425 2640 2470 rerum.
2735 2405 2819 2468 In

1628 2502 1929 2557 nocturno
1987 2500 2091 2557 ar't'.
2190 2491 2480 2558 Domine
2528 2492 2691 2558 deus
2752 2493 2820 2558 in

1628 2582 2047 2665 adjutorium.
2098 2591 2198 2665 ps.
2250 2582 2524 2647 Salvum
2559 2604 2667 2647 me
2697 2581 2818 2648 fae.

1626 2681 1734 2736 etc.
1781 2671 1832 2746 Ῠ
1864 2670 2271 2735 Gaudebunt
2303 2670 2494 2735 labia.
2537 2672 2600 2755 j.
2633 2672 2819 2755 Κεφ.

1630 2759 1995 2842 Repleatur
2053 2780 2128 2823 os
2189 2780 2411 2824 meum
2489 2759 2686 2825 laude
2748 2769 2822 2825 ut

1627 2848 1953 2930 hymnum
2001 2847 2219 2913 dicam
2273 2848 2484 2931 glorie
2529 2857 2643 2913 tue
2677 2858 2824 2913 tota

1631 2937 1741 3001 die
1802 2934 2291 3018 magnificentie
2353 2946 2465 3001 tue
2527 2937 2659 3001 noli
2717 2958 2824 3001 me

1630 3025 1951 3107 projicere
1995 3025 2062 3089 in
2107 3035 2408 3108 tempore
2447 3028 2824 3091 senectutis,

1632 3112 1806 3177 Cum
1852 3112 2164 3180 defecerit
2207 3115 2413 3178 virtus
2467 3136 2618 3179 mea
2661 3115 2827 3179 deus

1630 3221 1717 3265 ne
1770 3201 2187 3284 derelinquas
2237 3222 2362 3267 me.
2455 3202 2506 3277 Ῠ
2561 3203 2828 3268 Gaude-

1630 3289 1803 3354 bunt
1848 3289 2028 3355 labia
2073 3311 2222 3354 mea
2263 3291 2424 3354 dum
2469 3300 2825 3355 cantavero

1633 3378 1756 3443 tibi
1819 3379 1911 3443 Et
1971 3379 2196 3443 anima
2256 3400 2406 3443 mea
2465 3400 2664 3462 quam
2728 3400 2826 3441 re-

1632 3468 1916 3531 demisti.
2011 3465 2200 3531 Cum.
2276 3468 2346 3549 ᾔ.
2379 3466 2496 3531 Κε.
2562 3466 2828 3531 Gaude-

1635 3556 1802 3619 bunt
1848 3554 2024 3619 labia
2069 3575 2222 3618 mea
2264 3555 2424 3618 dum
2473 3564 2827 3619 cantavero

1634 3645 1772 3709 tibi.
1865 3644 1957 3707 Et
2001 3643 2226 3707 anima
2275 3662 2424 3705 mea
2471 3662 2672 3725 quam
2729 3663 2824 3707 re·

1632 3732 1896 3797 demisti
1942 3730 2228 3796 domine.
2320 3733 2371 3808 Ῠ
2418 3730 2552 3796 Sed
2600 3739 2667 3795 et
2706 3731 2828 3795 lin-

1632 3842 1766 3905 gua
1821 3840 1971 3884 mea
2025 3817 2453 3884 meditabitur
2490 3819 2828 3902 justiciam

1634 3918 1821 3973 tuam
1853 3917 1997 3972 tota
2028 3907 2132 3972 die
2165 3906 2431 3971 laudem
2466 3918 2669 3973 tuam.
2737 3908 2828 3973 Et

1634 3998 1873 4061 anima.
1951 3996 2048 4079 iij.
2078 3996 2191 4059 Κε.
2255 3996 2422 4059 Mihi
2455 4005 2679 4062 autern
2715 3998 2831 4062 ad-

1634 4085 1862 4150 herere
1906 4084 2035 4149 deo
2079 4084 2330 4148 bonum
2378 4092 2496 4153 est.
2574 4086 2828 4152 Ponere

1634 4176 1702 4237 in
1748 4174 2023 4238 domino
2075 4174 2203 4237 deo
2251 4194 2440 4257 spem
2492 4196 2728 4241 meam.
2779 4176 2831 4251 Ῠ

1638 4263 1738 4328 Ut
1792 4264 2190 4328 annunciem
2243 4283 2475 4328 omnes
2535 4265 2832 4347 predica-

1635 4352 1852 4416 tiones
1898 4360 2048 4416 tuas
2097 4351 2164 4415 in
2211 4353 2419 4435 portis
2466 4352 2599 4417 filie
2643 4372 2828 4434 syon.

2094 4527 2115 4556 ⁸
2141 4532 2235 4588 pro
2263 4526 2399 4575 ‘Rex
2440 4514 2522 4579 Ῠε
2558 4525 2692 4575 EG.

2531 4652 2566 4700 Ρ
