3375 5100
446 1203 449 1208 -
522 1157 895 1220 nescierunt
994 1175 1151 1220 me:

1234 327 1655 380 D0.‡!l.vlc.4
1713 327 1815 380 IN
1859 327 2299 382 PASSJONE.

1046 433 1203 488 359

2321 434 2482 488 360

516 559 649 604 non
710 537 979 622 placent
1042 557 1395 622 respuens:
1448 547 1714 603 tuorum
1815 539 2270 620 sepeliendum
2305 561 2412 604 me
2443 539 2618 606 fecit.
2669 549 2774 622 pf.
2825 541 3022 622 Mag-

514 629 736 709 potius
783 627 1113 710 repleatur
1162 628 1718 692 delectationibus

520 716 1005 780 mandatorum.
1098 717 1222 780 Per
1261 717 1628 779 dominum.

521 808 582 881 (I
633 805 829 867 Feria
862 805 948 886 vj.
1236 803 1457 868 Lectio
1470 804 1721 886 prima.

706 913 781 956 ec
842 893 1003 955 dicit
1056 892 1381 956 dominus,
1489 893 1722 957 Sacer-

707 981 899 1043 dotes
946 999 1079 1042 non
1112 979 1425 1044 dixerunt
1460 979 1569 1043 ubi
1619 990 1722 1043 est

518 1067 866 1132 dominus:
940 1077 1011 1130 et
1098 1077 1403 1131 tenentes
1503 1069 1721 1150 legem

1257 1165 1325 1218 et
1424 1165 1724 1238 pastores

522 1244 912 1326 prevaricati
959 1253 1116 1306 sunt
1162 1242 1229 1306 in
1264 1265 1372 1307 me
1408 1266 1423 1308 ε
1470 1253 1540 1307 et
1569 1265 1726 1326 pro-

521 1332 723 1415 phete
784 1331 1352 1414 prophetaverunt
1400 1333 1467 1394 in
1516 1332 1667 1396 baal
1705 1353 1722 1396 ε

524 1429 595 1485 et
684 1420 866 1483 idola
956 1421 1166 1484 secuti
1264 1429 1432 1483 sunt.
1578 1421 1726 1483 Hec

524 1506 704 1572 dicit.
1406 1507 1627 1572 Lectio
1658 1509 1728 1591 ᾔ.

523 1600 979 1730 Propterea
1024 1595 1245 1660 adhuc
1285 1595 1539 1677 judicio
1570 1617 1728 1661 con-

676 1683 949 1748 tendam
1026 1685 1368 1748 vobiscum
1453 1686 1547 1749 ait
1608 1686 1730 1748 do-

526 1773 796 1839 minus:
834 1780 843 1786 “
885 1783 953 1836 et
1028 1793 1180 1836 cum
1258 1771 1410 1836 filiis
1493 1773 1730 1837 vestris

522 1861 929 1943 disceptabo.
1013 1861 1321 1924 Transite
1362 1861 1446 1924 ad
1482 1861 1732 1925 insulas

524 1951 795 2030 cethym
818 1949 837 1988 ¹
889 1959 958 2013 et
1003 1950 1222 2013 videte
1282 1959 1351 2013 et
1404 1951 1471 2012 in
1532 1950 1735 2013 cedar

528 2040 773 2102 mittite
820 2047 887 2101 et
916 2038 1332 2102 considerate
1374 2038 1732 2102 vehemen-

528 2137 667 2192 ter:
712 2126 935 2189 videte
980 2127 1035 2189 si
1079 2125 1329 2190 factum
1364 2135 1465 2189 est
1502 2126 1732 2207 hujus-

528 2215 839 2278 cemodi.²
924 2215 977 2278 si
1026 2214 1309 2280 mutavit
1354 2233 1521 2296 gens
1568 2215 1731 2278 deos

527 2323 715 2368 suos:
761 2313 829 2366 et
862 2312 1039 2366 certe
1072 2303 1195 2384 ipsi
1227 2323 1361 2370 non
1394 2312 1550 2366 sunt
1582 2303 1691 2367 dii.

525 2391 913 2523 Populus
945 2411 1100 2454 vero
1133 2411 1321 2454 meus
1366 2390 1604 2473 [Lectio
1632 2390 1735 2472 iij.

676 2481 959 2543 mutavit
1033 2479 1313 2561 gloriam
1394 2499 1585 2542 suam
1662 2481 1732 2542 in

528 2568 800 2632 idolum.
868 2568 1341 2649 Obstupescite
1380 2568 1502 2630 celi
1536 2588 1735 2651 super

528 2657 699 2719 hoc:
752 2665 823 2719 et
875 2666 1063 2738 porte
1124 2655 1269 2737 ejus
1340 2655 1735 2719 desolamini

530 2744 960 2807 vehementer
991 2744 1151 2807 dicit
1182 2744 1511 2807 dominus,
1575 2744 1733 2808 Duo

528 2833 707 2895 enim
750 2831 929 2895 mala
979 2832 1132 2896 fecit
1183 2830 1469 2913 populus
1526 2852 1730 2897 meuS.

532 2922 647 2983 Me
707 2920 1201 3003 dereliquerunt
1244 2920 1497 2983 sontem
1558 2941 1733 3002 aque

529 3010 712 3073 vive:
756 3018 825 3072 et
870 3009 1180 3072 foderunt
1228 3008 1367 3077 sibi
1412 3011 1733 3073 cisternas

526 3098 883 3179 dissipatas
966 3117 1095 3179 que
1171 3097 1509 3160 continere
1596 3117 1730 3161 non

528 3186 753 3249 valent
830 3206 1055 3268 aquas,
1144 3185 1229 3247 In
1306 3206 1561 3267 evange.
1622 3195 1732 3249 αῆ.

530 3274 711 3355 Quid
740 3274 1000 3337 molesti
1038 3274 1199 3337 estis
1229 3271 1381 3336 huic
1426 3273 1682 3337 mulieri
1709 3273 1732 3337 ?

529 3384 697 3443 opus
750 3364 927 3427 enim
982 3361 1231 3425 bonum
1294 3372 1569 3444 operata
1630 3372 1732 3427 est

524 3453 595 3514 in
631 3472 755 3515 me.
810 3460 909 3533 pff.
960 3450 1376 3513 Benedictus.
1483 3450 1731 3515 Oratio.

541 3540 937 3673 Cordibus
1028 3538 1272 3602 nostris
1369 3558 1734 3620 quesumus

669 3629 939 3691 domine
1014 3626 1298 3707 gratiam
1372 3637 1556 3691 tuam
1620 3629 1734 3693 be-

530 3718 772 3797 nignus
862 3714 1191 3779 infunde:
1284 3723 1358 3778 ut
1460 3726 1734 3796 peccata

531 3814 757 3868 nostra
830 3804 1271 3885 castigatione
1357 3804 1734 3869 voluntaria

528 3892 961 3957 cohibentes:
1009 3892 1466 3973 temporaliter
1510 3894 1732 3974 potius

530 4001 983 4045 maceremur:
1088 4000 1291 4063 quam
1392 3981 1732 4063 suppliciis

528 4071 926 4152 deputemur
1014 4070 1275 4133 eternis,
1400 4070 1524 4132 Per
1612 4071 1732 4133 do-

528 4160 803 4222 minum.
890 4158 953 4221 A
964 4156 1017 4219 d
1069 4169 1360 4240 vesperas
1419 4160 1489 4220 in
1547 4180 1730 4222 evan.

525 4256 632 4310 aii.
728 4247 1008 4309 Mittens
1053 4245 1174 4309 hec
1214 4246 1450 4308 mulier
1490 4248 1557 4309 in
1590 4267 1731 4309 cor-

528 4357 654 4421 pus
715 4356 937 4400 meum
1000 4334 1126 4397 hoc
1173 4343 1587 4416 unguentum
1646 4336 1729 4398 ad

864 4473 875 4501 ¹
912 4472 1095 4524 cethim
1124 4488 1135 4522 ε
1170 4472 1231 4520 G.

1819 627 2062 692 nificat.
2773 629 3022 694 Oratio.

1831 717 2207 854 Concede
2271 737 2634 799 quesumus
2717 720 3022 799 omnipo—

1955 815 2103 867 tens
2133 806 2299 868 deus
2329 816 2402 869 ut
2435 807 2548 889 qui
2589 807 3024 887 protectionis

1821 902 1936 956 tue
1979 895 2264 974 gratiam
2297 898 2633 975 querimus
2681 895 2938 958 liberati
2979 915 3024 956 a

1823 981 2015 1044 malis
2045 981 2358 1044 omnibus
2382 1001 2612 1046 secura
2633 983 2754 1047 tibi
2797 991 3024 1046 mente

1823 1071 2204 1134 serviamus
2299 1071 2421 1133 Per
2451 1072 2815 1133 dominum.

1827 1161 1891 1235 οἷ
1945 1157 2248 1221 Sabbato,
2543 1159 2761 1222 Lectio
2775 1158 3024 1240 prima.

1824 1246 2004 1378 N
2008 1246 2262 1328 unquid
2291 1265 2518 1310 servus
2542 1256 2645 1311 est
2676 1247 2866 1310 israel
2909 1257 3032 1310 aut

2005 1335 2452 1400 vernaculus?
2573 1333 2801 1416 Quare
2865 1355 3030 1416 ergo

1826 1421 2042 1485 sactus
2101 1433 2204 1486 est
2279 1423 2346 1486 in
2423 1423 2742 1505 predam:
2831 1443 3032 1505 super

1827 1530 1980 1573 eum
2031 1513 2370 1592 rugierunt
2420 1511 2644 1575 leones
2705 1521 2774 1575 et
2822 1513 3029 1575 dede-

1828 1607 1981 1662 runt
2041 1619 2276 1663 vocem
2335 1619 2544 1664 suam.
2659 1600 3034 1664 Posuerunt

1829 1697 2071 1750 terram
2120 1687 2264 1769 ejus
2318 1688 2382 1750 in
2439 1688 2907 1752 solitudinem:
2961 1698 3036 1752 et

1831 1775 2132 1840 civitates
2193 1775 2335 1856 ejus
2395 1785 2636 1840 exuste
2703 1786 2898 1840 sunt:
2961 1788 3034 1840 et

1831 1882 1965 1926 non
1997 1873 2098 1928 est
2129 1865 2242 1946 qui
2274 1863 2532 1928 habitet
2565 1866 2633 1929 in
2663 1865 2776 1928 eis,
2883 1864 3034 1930 Hec

1831 1951 2010 2014 dicit.
2715 1953 2930 2015 Lectio
2961 1954 3032 2033 zj.

1831 2041 2012 2169 Et
2053 2059 2228 2102 nunc
2274 2041 2436 2122 quid
2485 2041 2608 2105 tibi
2655 2041 2755 2105 vis
2811 2043 2878 2104 in
2925 2041 3036 2103 via

1983 2129 2210 2209 egypti
2259 2139 2332 2191 ut
2363 2129 2553 2193 bibas
2611 2150 2854 2212 aquam
2896 2139 3036 2193 tur-

1835 2217 2080 2278 bidam.
2174 2217 2267 2279 Et
2313 2218 2473 2298 quid
2539 2217 2662 2281 tibi
2723 2238 2876 2280 cum
2924 2219 3036 2281 via

1833 2305 2210 2367 assiriorum
2305 2314 2381 2367 ut
2477 2305 2668 2370 bibas
2786 2327 3032 2387 aquam

1835 2391 2142 2456 fluminis,
2251 2393 2516 2474 Arguet
2604 2404 2676 2458 te
2770 2394 3034 2458 malicia

1835 2489 1990 2544 tua:
2055 2491 2125 2543 et
2170 2483 2426 2544 aversio
2481 2491 2598 2546 tua
2663 2483 3033 2565 increpabit

1831 2579 1918 2643 te.
2011 2569 2198 2634 Scito
2229 2580 2296 2633 et
2327 2571 2480 2634 vide
2508 2590 2538 2635 ε·
2579 2573 2736 2653 quia
2782 2571 3032 2634 malum

1833 2667 1900 2721 et
1933 2678 2235 2721 amarum
2273 2670 2376 2723 est
2407 2659 2748 2741 reliquisse
2793 2670 2860 2723 te
2913 2660 3036 2723 do-

1834 2747 2088 2808 minum
2121 2747 2324 2821 deum
2347 2757 2576 2811 tuum:
2614 2758 2682 2811 et
2713 2768 2847 2810 non
2889 2768 3036 2811 esse

1831 2836 2139 2897 timorem
2171 2833 2315 2915 ejus
2349 2836 2524 2917 apud
2559 2845 2666 2899 te:
2711 2837 2873 2899 dicit
2915 2836 3034 2898 do-

1834 2923 2051 2985 minus
2083 2923 2247 2986 deus
2279 2925 2708 2987 exercituum.
2769 2924 2910 2989 Lec.
2937 2926 3034 3006 iq'.

1829 3012 1988 3141 A
2057 3011 2284 3075 seculo
2349 3013 2730 3094 confregisti
2797 3012 3054 3095 jugum'

2001 3118 2224 3161 meum
2254 3122 2269 3164 :
2317 3102 2548 3182 rupisti
2582 3100 2843 3165 vincula
2885 3120 3036 3164 mea

1835 3195 1902 3249 et
1963 3187 2214 3251 dixisti.
2309 3189 2464 3251 Non
2524 3189 2826 3253 serviam.
2953 3190 3034 3252 In

1835 3276 2018 3338 omni
2093 3277 2270 3339 enim
2333 3277 2602 3341 sublimi
2677 3276 2886 3341 colle:
2967 3286 3038 3340 et

1835 3364 1960 3426 sub
1990 3365 2173 3427 omni
2221 3365 2402 3446 ligno
2449 3365 2764 3429 frondoso
2803 3374 3035 3446 stupro

1833 3452 2231 3516 sternebaris
2261 3453 2287 3490 ³
2376 3456 2712 3519 meretrix.
2884 3454 3034 3535 Ego

1835 3538 2129 3621 plantavi
2205 3550 2274 3605 te
2345 3543 2612 3606 vineam
2699 3542 2979 3606 electam
3017 3564 3034 3606 :

1834 3648 2033 3691 omne
2064 3650 2292 3693 semen
2323 3651 2573 3695 verum.
2673 3631 3035 3714 Quomodo

1831 3736 1993 3797 ergo
2060 3738 2378 3782 conversa
2453 3740 2524 3781 es
2611 3719 2677 3781 in
2754 3739 3033 3801 pravum

1830 3806 2025 3868 vinea
2057 3805 2290 3871 aliena.
2377 3806 2450 3872 Si
2494 3807 2731 3871 laveris
2761 3817 2830 3871 te
2861 3809 3036 3870 nitro

1831 3904 1899 3957 et
1963 3894 2499 3976 multiplicaveris
2559 3897 2680 3959 tibi
2757 3896 3034 3959 herbam

1833 3982 2104 4047 borith:
2176 3984 2510 4047 maculata
2557 4006 2628 4047 es
2685 3984 3036 4066 iniquitate

1831 4080 1948 4134 tua
2022 4091 2244 4135 coram
2307 4093 2416 4136 me
2501 4073 2662 4137 dicit
2722 4074 3036 4137 dominus

1831 4160 2012 4223 deus,
2103 4161 2186 4223 In
2217 4182 2473 4242 evange.
2503 4170 2610 4226 ar't'.
2701 4162 3037 4243 Principes

1831 4249 2253 4312 sacerdotum
2315 4250 2664 4313 consilium
2738 4250 3036 4313 fecerunt

1831 4346 1904 4400 ut
1965 4337 2230 4419 Jesum-
2273 4338 2651 4401 occiderent
2721 4338 3036 4402 dicebant

2175 4476 2194 4504 ²
2225 4474 2544 4537 hujusmodi:
2581 4474 2641 4526 E.

1188 4542 1207 4569 ¹
1244 4539 1667 4605 prosternebaris:
1723 4540 1853 4593 ΕΟ.
1943 4540 2334 4606 prosternabaris
2364 4560 2374 4593 ς
2411 4541 2492 4591 W.
