3375 5100
1683 323 2103 379 DOMINJCA

1201 433 1306 489 89

661 569 668 579 ·
797 538 856 604 t¹
877 539 1661 624 pascenturprimogeniti
1679 560 1847 624 pau-

767 677 777 687 .
795 649 1060 712 perum:
1121 640 1190 693 et
1240 650 1564 713 pauperes
1617 629 1847 695 fiduci-

651 718 840 781 aliter
910 718 1369 801 requiescent:
1435 728 1506 781 et
1579 720 1845 783 interire

645 806 884 870 faciam
931 808 998 870 in
1059 806 1236 871 fame
1285 807 1573 872 radicem
1621 816 1847 872 tuam:

646 905 714 959 et
792 895 1100 979 reliquias
1192 906 1342 959 tuas
1434 894 1843 959 interficiam.

648 982 858 1048 Ulula
886 993 1118 1066 porta:
1164 982 1378 1047 clama
1401 984 1632 1047 civitas
1663 1004 1846 1067 pros-

650 1082 826 1134 trata
870 1079 974 1135 est
1037 1071 1346 1154 philistea
1405 1073 1636 1135 omnis,
1728 1073 1844 1136 Re.

650 1159 992 1223 Bethleem
1068 1160 1298 1224 civitas
1378 1160 1486 1224 dei
1561 1162 1845 1225 summi:

649 1268 740 1311 ex
801 1256 868 1311 te
928 1248 1110 1312 exiet
1170 1249 1549 1313 dominator
1613 1249 1845 1313 israel:

650 1344 720 1400 et
764 1356 1064 1419 egressus
1111 1336 1252 1417 ejus
1301 1339 1470 1402 sicut
1514 1358 1555 1401 a
1607 1339 1846 1420 princi-

648 1425 762 1508 pio
793 1426 1049 1489 dierum
1095 1426 1464 1489 eternitatis
1497 1446 1512 1491 :
1559 1436 1626 1489 et
1660 1446 1844 1508 mag-

649 1512 1030 1578 nificabitur
1101 1514 1170 1577 in
1247 1515 1470 1577 medio
1545 1515 1844 1579 universe

646 1612 836 1665 terre.
930 1601 1021 1666 Et
1067 1622 1206 1684 pax
1237 1604 1359 1666 erit
1392 1604 1456 1666 in
1489 1610 1664 1665 terra
1696 1622 1847 1667 nos-

647 1700 753 1755 tra
797 1691 957 1754 dum
1010 1693 1282 1755 venerit.
1389 1697 1442 1773 Ῠ
1505 1690 1847 1774 Loquetur

649 1799 885 1863 pacem
973 1780 1325 1862 gentibus:
1411 1788 1480 1843 et
1545 1790 1845 1862 potestas

649 1868 792 1949 ejus
833 1889 873 1933 a
906 1869 1070 1932 mari
1102 1888 1312 1951 usque
1343 1869 1427 1933 ad
1461 1888 1659 1933 mare.
1754 1868 1844 1935 Et

649 1978 808 2041 pax.
1477 1956 1717 2021 'Lectio
1748 1958 1844 2040 iij.

645 2044 858 2179 Ab
904 2044 1212 2128 aquilone
1255 2046 1434 2109 enim
1481 2044 1701 2110 sumus
1731 2066 1840 2110 ve-

815 2136 992 2199 niet:
1039 2145 1106 2198 et
1137 2155 1272 2198 non
1319 2145 1420 2198 est
1466 2134 1580 2217 qui
1611 2135 1845 2217 effugi-

645 2231 718 2287 at
739 2244 980 2306 agmen
1011 2224 1173 2304 ejuS.
1265 2222 1356 2288 Et
1380 2224 1541 2306 quid
1573 2244 1843 2307 respon·

645 2312 910 2376 debitur
984 2311 1240 2376 nunciis
1315 2311 1575 2394 gentis?
1666 2312 1845 2395 Quia

650 2401 959 2464 dominus
1029 2420 1196 2482 syon
1259 2398 1600 2465 fundavit:
1645 2410 1715 2464 et
1777 2402 1845 2465 in

645 2490 792 2570 ipso
836 2489 1198 2572 sperabunt
1241 2508 1566 2571 pauperes
1615 2489 1843 2573 populi

647 2575 805 2657 ejus.
903 2579 981 2640 In
1036 2578 1145 2641 die
1199 2577 1312 2640 illa
1373 2577 1670 2642 visitabit
1732 2578 1848 2642 do-

647 2666 864 2728 minus
929 2665 994 2728 in
1058 2665 1285 2747 gladio
1348 2684 1468 2728 suo
1535 2666 1703 2731 duro
1778 2676 1847 2731 et

641 2753 878 2836 grandi
909 2762 980 2817 et
1009 2753 1160 2817 sorti
1189 2773 1389 2836 super
1416 2753 1749 2818 leviathan
1780 2765 1847 2819 et

643 2851 1019 2923 serpentem
1053 2851 1463 2906 tortuosum:
1497 2852 1567 2907 et
1589 2843 1847 2908 occidet

643 2939 866 2994 cetum
931 2931 1043 3014 qui
1119 2933 1184 2996 in
1255 2931 1417 2994 mari
1481 2940 1596 2995 est.
1732 2931 1845 2998 Re.

645 3017 778 3102 Qui
821 3031 1136 3084 venturus
1181 3029 1282 3083 est
1326 3019 1547 3084 veniet
1593 3029 1658 3083 et
1708 3039 1844 3084 non

641 3107 980 3174 tardabit:
1018 3107 1161 3190 jam
1195 3128 1328 3172 non
1378 3109 1499 3172 erit
1529 3108 1733 3172 timor
1776 3109 1845 3173 in

640 3195 887 3262 finibus
947 3197 1204 3262 nostris
1305 3197 1637 3280 Quoniam
1703 3197 1846 3280 ipse

641 3295 743 3349 est
779 3285 1069 3350 salvator
1106 3295 1346 3350 noster.
1435 3301 1484 3372 γ
1531 3286 1847 3368 Deponet

641 3393 876 3437 omnes
941 3375 1324 3457 iniquitates
1401 3383 1700 3444 nostras:
1776 3384 1847 3439 et

641 3462 943 3546 projiciet
996 3464 1222 3528 omnia
1282 3471 1558 3546 peccata
1619 3473 1846 3528 nostra

643 3551 1000 3638 Quoniam.
1093 3552 1336 3616 Gloria.
1429 3551 1786 3634 Quoniam.

729 3643 812 3705 In
856 3641 917 3724 ij
960 3650 1278 3706 nocturne.
1325 3649 1431 3704 αῆ.
1481 3639 1843 3706 Bethleem.

625 3739 726 3812 ps':
819 3730 1172 3796 Conserva.
1304 3733 1357 3809 Ϋ
1448 3728 1844 3810 Egredietur

637 3819 840 3901 virga.
943 3820 1174 3886 Sermo
1257 3817 1428 3882 beati
1497 3818 1846 3900 augustini

637 3907 916 3990 episcopi.
1469 3905 1685 3969 Lectio
1716 3905 1839 3990 iiij.

705 4120 718 4150 ¹
754 4119 917 4168 Lectio
939 4119 996 4184 ij.
1069 4118 1203 4183 apud
1231 4117 1454 4168 E.G.W.

634 4187 753 4270 Et
786 4185 1098 4250 dirumpetur
1121 4185 1319 4252 spiritus
1352 4185 1506 4250 egipti
1548 4183 1600 4234 in
1642 4183 1841 4235 visceri·

731 4251 824 4300 bus
870 4250 1013 4316 ejus:
1065 4259 1116 4300 et
1160 4249 1421 4300 consilium
1473 4251 1579 4316 ejus
1623 4252 1840 4317 precipi-

637 4315 756 4365 tabo
796 4323 846 4366 et
885 4316 1260 4382 interrogabunt
1291 4314 1589 4366 simulachra
1621 4333 1743 4368 sua:
1787 4325 1838 4368 et

633 4383 833 4433 divinos
855 4399 972 4433 suos
995 4391 1044 4434 et
1080 4384 1313 4448 phitones
1336 4391 1384 4432 et
1409 4383 1588 4432 ariolos
1612 4402 1626 4433 ι
1661 4394 1710 4434 et
1734 4392 1837 4434 tra·

631 4449 750 4499 dam
773 4449 996 4515 egiptum
1031 4451 1083 4499 in
1117 4465 1268 4501 manu
1306 4450 1620 4499 dominorum
1662 4450 1836 4500 crude-

2488 432 2595 487 40

1944 538 2341 673 Legimus
2374 548 2679 643 sanctum
2718 556 2992 623 moysen
3024 560 3145 623 po-

2082 629 2241 711 pulo
2315 629 2423 693 dei
2498 636 2811 712 precepta
2870 630 3141 693 dantem

1948 717 2059 780 ubi
2100 718 2317 782 dixit:
2362 716 2548 781 Audi
2596 716 2787 780 israel
2834 717 3147 781 dominus

1945 806 2111 870 deus
2161 816 2313 869 tuus
2371 808 2536 872 deus
2600 824 2769 869 unus
2828 816 2961 869 est:
3008 826 3143 870 non

1946 904 2169 976 potest
2233 915 2379 958 esse
2436 894 2677 977 major:
2744 913 2876 957 non
2922 904 3145 977 potest

1946 1002 2089 1046 esse
2121 984 2376 1047 minor:
2416 1002 2549 1046 non
2569 991 2792 1065 potest
2816 984 3143 1047 numerari

1946 1072 2211 1135 dicente
2232 1072 2559 1155 propheta
2576 1072 2775 1135 david
2802 1092 2818 1135 ε
2854 1072 3143 1155 Magnus

1947 1159 2259 1223 dominus
2290 1170 2516 1223 noster
2558 1168 2627 1223 et
2661 1180 2905 1241 magna
2938 1161 3143 1223 virtus

1946 1248 2127 1330 ejus:
2174 1259 2241 1312 et
2290 1248 2619 1331 sapiencie
2668 1246 2809 1328 ejus
2858 1268 2991 1311 non
3040 1258 3143 1312 est

1946 1356 2273 1401 numerus.
2362 1337 2476 1401 Re.
2568 1336 2843 1419 Suscipe
2867 1336 3141 1401 verbum

1946 1427 2129 1509 virgo
2162 1427 2367 1489 maria
2406 1426 2587 1508 quod
2634 1424 2753 1488 tibi
2786 1446 2827 1488 a
2866 1426 3143 1489 domino

1944 1533 2063 1596 per
2136 1514 2449 1597 angelum
2518 1514 2978 1577 transmissum
3040 1526 3145 1577 est

1944 1602 2274 1686 concipies
2295 1623 2411 1685 per
2434 1622 2659 1665 aurem
2693 1603 2892 1665 deum
2926 1604 3145 1685 paries

1948 1700 2016 1755 et
2044 1690 2402 1755 hominem.
2496 1690 2595 1756 Ut
2644 1690 2994 1755 benedicta
3042 1691 3142 1755 di-

1944 1780 2113 1843 caris
2150 1780 2321 1843 inter
2370 1799 2605 1843 omnes
2650 1780 2975 1843 mulieres
3094 1798 3143 1865 y

1948 1867 2170 1931 Paries
2202 1868 2471 1950 quidem
2504 1868 2711 1932 filium
2732 1870 2849 1931 sed
2875 1866 3141 1951 virgini-

1944 1957 2103 2021 tatis
2164 1976 2298 2021 non
2356 1956 2623 2041 patieris
2668 1956 3143 2021 detrimentum

1945 2044 2243 2109 efficieris
2287 2044 2601 2127 gravida:
2647 2055 2714 2109 et
2758 2046 2883 2109 eris
2926 2056 3143 2109 mater

1944 2154 2207 2216 semper
2248 2134 2513 2199 intacta.
2590 2133 2703 2199 Ut.
2880 2132 3049 2197 Lect.
3082 2154 3144 2199 v.

1958 2222 2291 2357 Optime
2342 2223 2553 2287 nostis
2604 2222 2839 2286 fratres
2898 2223 3143 2287 charis-

2082 2312 2280 2375 simi:
2372 2312 2485 2393 qui
2597 2313 2795 2376 corde
2888 2310 3147 2375 fortiter

1945 2399 2187 2463 tenetis
2285 2399 2681 2463 catholicam
2778 2400 3145 2465 veritatem.

1945 2485 2199 2552 Audite
2230 2497 2457 2554 tamen
2490 2488 2775 2554 breviter
2812 2490 2993 2572 quod
3024 2489 3144 2553 ad·-

1940 2577 2213 2658 juvante
2232 2577 2505 2642 domino
2529 2579 2839 2661 proposui
2862 2577 3147 2660 explan-

1944 2665 2213 2731 andum.
2334 2666 2519 2732 Deus
2580 2687 2751 2732 unus
2802 2676 2905 2730 est
2950 2677 3145 2750 pater

1946 2754 2111 2818 deus
2156 2774 2326 2818 unus
2370 2765 2473 2818 est
2534 2753 2706 2823 filius
2754 2756 2920 2820 deus
2972 2775 3145 2818 unus

1946 2851 2049 2907 est
2135 2843 2721 2926 spiritussanctus:
2814 2862 2949 2907 non
3010 2852 3145 2908 tres

1948 2931 2038 2995 dii
2124 2933 2240 2995 sed
2310 2950 2481 2996 unus
2549 2932 2765 2996 deus:
2858 2941 2991 2996 tres
3074 2931 3145 2996 in

1945 3019 2283 3086 vocabulis
2344 3040 2513 3084 unus
2558 3021 2625 3084 in
2678 3021 2929 3086 deitate
2988 3020 3145 3084 sub-

1946 3109 2209 3174 stantie.
2301 3107 2435 3174 Sed
2490 3109 2652 3174 dicit
2698 3109 2855 3173 mihi
2904 3109 3147 3172 hereti-

1946 3217 2100 3263 cus:
2162 3217 2321 3280 ergo
2364 3198 2419 3260 si
2466 3217 2673 3262 unum
2722 3207 2878 3262 sunt
2909 3218 3147 3262 omnes

1946 3295 2101 3348 sunt
2150 3285 2514 3351 incarnati?
2606 3287 2801 3351 Non:
2848 3305 3004 3351 nam
3054 3287 3147 3350 ad

1950 3373 2288 3438 Christum
2348 3374 2565 3438 solum
2622 3375 2909 3457 pertinet
2968 3395 3145 3440 caro·

1945 3461 2061 3526 Re.
2172 3461 2439 3546 Egypte
2508 3462 2641 3526 noli
2706 3463 2909 3528 flere:
2985 3465 3147 3546 quia

1948 3551 2330 3616 dominator
2366 3561 2519 3615 tuus
2550 3553 2771 3616 veniet
2818 3553 2937 3617 tibi
2984 3562 3147 3616 ante

1946 3641 2135 3722 cujus
2250 3651 2680 3723 conspectum
2780 3642 3151 3704 movebun-

1946 3737 2053 3792 tur
2114 3727 2357 3811 abyssi.
2448 3727 2759 3793 Liberare
2821 3730 3146 3814 populum

1941 3825 2129 3882 tuum
2214 3817 2301 3880 de
2368 3837 2567 3882 manu
2663 3819 2975 3901 potentie.
3090 3807 3147 3880 Ῠ

1942 4117 2176 4168 dominus
2220 4117 2543 4170 exercituum.
2638 4119 2753 4170 Hec
2808 4120 2929 4170 dicit
2981 4119 3151 4170 domi·

1942 4200 2053 4234 nus.

2008 4253 2027 4282 ²
2060 4251 2224 4300 Lectio
2248 4251 2325 4316 iij.
2400 4251 2534 4315 apud
2560 4251 2691 4303 E.G.
2701 4251 2782 4302 W.

2036 4325 2056 4366 t
2078 4327 2263 4368 arescet
2300 4333 2431 4383 aqua
2464 4319 2527 4368 cle
2563 4319 2687 4368 mari
2721 4326 2770 4369 et
2796 4317 2973 4368 fluvius
2996 4317 3149 4368 deso-

2036 4383 2232 4444 labitur,
2274 4393 2425 4448 atque
2470 4385 2775 4444 siccabitur3
2820 4393 2870 4435 et
2904 4384 3145 4437 deficient

1938 4447 2143 4499 flumina
2180 4451 2567 4501 attenuabuntur
2602 4460 2650 4500 et
2690 4450 3003 4500 siccabuntur
3048 4452 3149 4504 rivi

629 4516 754 4568 lium
779 4533 791 4567 :
825 4525 876 4567 et
900 4532 984 4566 rex
1001 4515 1144 4567 fortis
1158 4516 1497 4568 dominabitur
1520 4531 1691 4566 eorum
1718 4533 1731 4566 t
1766 4517 1835 4568 ait
1935 4531 2188 4580 aggerum.
2260 4517 2373 4568 Hec
2396 4517 2517 4567 dicit
2541 4517 2774 4567 dominus
2796 4517 2935 4568 deus.
