3375 5100
998 340 1317 396 SANCTI
1374 337 1769 395 WILELMI
1809 342 2216 399 EPISCOPI.

892 450 1013 506 181

360 560 665 690 Anno
708 556 911 640 igitur
970 557 1057 621 ab
1110 557 1562 622 incarnatione

529 645 831 710 domini:
908 646 1263 710 millesimo
1315 646 1559 708 ducen-

357 735 601 799 tesimo
670 735 1085 817 octogesimo
1167 734 1407 798 tertio:
1494 740 1562 796 et

359 823 600 906 prefati
632 824 841 905 patris
884 821 1174 886 willelmi
1230 842 1408 886 anno
1431 830 1559 885 ter-

358 913 497 976 tio:
574 910 784 975 nobili
831 911 974 975 viro
1006 911 1312 975 antonio¹
1348 907 1561 973 Breck

360 1000 577 1064 electo
627 999 713 1062 ad
767 1000 1062 1082 regimen
1113 998 1562 1082 Episcopatus

359 1087 817 1152 dunelmensis
876 1107 1030 1152 cum
1092 1096 1267 1151 esset
1327 1086 1563 1150 electio

363 1177 509 1258 ejus
542 1175 937 1240 confirmata
965 1199 979 1240 :
1027 1175 1563 1257 archiepiscopus

361 1275 432 1329 et
478 1264 729 1329 electus
780 1265 1019 1328 eodem
1074 1263 1305 1346 spiritu
1360 1262 1561 1344 inspi-

362 1353 490 1416 rati
516 1375 531 1417 ε
578 1353 665 1416 ad
686 1351 814 1416 hoc
837 1363 997 1416 vota
1019 1373 1140 1416 sua
1166 1351 1566 1414 unanimiter

362 1442 794 1506 direxerunt:
842 1450 917 1505 ut
963 1440 1307 1504 translatio
1352 1438 1563 1503 sancti

362 1529 655 1593 willelmi
733 1538 801 1592 et
874 1529 1285 1594 consecratio
1362 1529 1565 1610 ipsius

364 1617 557 1681 electi
611 1618 849 1681 eodem
902 1617 1013 1681 die
1064 1617 1563 1681 celebrarentur.

368 1708 668 1771 Firmato
699 1705 791 1770 ita
835 1707 1178 1788 proposito
1209 1706 1569 1769 invitantur

366 1795 645 1858 illustris
676 1815 797 1858 rex
823 1794 1043 1878 anglie
1073 1795 1457 1859 edwardus:
1488 1813 1568 1857 ac

312 1875 325 1890 ‘
368 1883 787 1947 serenissima
823 1885 1051 1966 regina
1096 1881 1387 1947 elianora
1418 1902 1567 1945 nec-

371 1992 507 2035 non
568 1981 636 2036 et
710 1980 1059 2055 magnates
1130 1971 1352 2054 anglie
1427 1978 1567 2035 tam

375 2079 659 2143 persone
678 2061 1120 2126 ecclesiastice
1150 2081 1353 2143 quam
1386 2079 1569 2123 secu-

374 2148 583 2212 lares:
648 2157 723 2212 ut
782 2157 969 2213 tante
1030 2148 1411 2212 solennitati
1472 2147 1573 2209 in-

374 2236 744 2301 teressent.²
1466 2236 1477 2247 '
1493 2235 1505 2248 ‘
1520 2235 1532 2248 ‘
1550 2236 1563 2248 '

390 2326 635 2458 Cum
706 2334 933 2390 autem
995 2326 1063 2389 in
1124 2335 1265 2390 tam
1340 2332 1575 2389 sancto

518 2415 861 2496 proposito
893 2415 1070 2479 idem
1124 2435 1245 2477 rex
1268 2432 1575 2496 perman-

379 2510 518 2567 eret
549 2502 790 2568 accidit
844 2503 955 2568 ιιι3
984 2503 1275 2586 quadam
1321 2503 1430 2566 die
1461 2502 1529 2565 in
1553 2501 1577 2538 ⁴

379 2591 785 2655 eminentem
862 2593 1082 2657 locum
1149 2590 1579 2665 ascenderet:

379 2688 450 2743 et
481 2700 633 2744 cum
687 2689 863 2744 esset
909 2682 975 2744 in
1027 2680 1153 2745 loci
1199 2680 1581 2748 cacumine:

382 2767 571 2850 lapso
602 2769 775 2852 pede
804 2770 1044 2834 cecidit
1074 2771 1161 2835 ab
1192 2770 1331 2835 alto
1359 2791 1373 2834 :
1405 2767 1583 2841 unde

383 2866 450 2919 et
475 2856 563 2919 ab
591 2857 1051 2922 assistentibus
1095 2859 1471 2925 confractus
1517 2866 1585 2920 et

384 2953 737 3027 quassatus
826 2945 1201 3029 putabatur
1340 2946 1584 3011 Statim

383 3048 541 3099 vero
566 3054 687 3097 rex
719 3034 861 3117 ipse
878 3055 1279 3119 consurgens
1298 3036 1383 3101 de
1416 3046 1590 3101 terra

388 3123 643 3205 absque
686 3122 935 3187 lesione
978 3124 1108 3187 deo
1146 3126 1327 3187 omni
1331 3125 1589 3210 potenti

387 3220 458 3275 et
501 3219 731 3275 sancto
761 3210 1071 3275 willelmo
1114 3212 1364 3295 gratias
1410 3216 1590 3297 egit:

390 3319 617 3364 casum
694 3318 887 3363 suum
975 3300 1243 3365 inimico
1318 3303 1591 3367 humani

396 3470 469 3521 Ut
515 3470 753 3536 unguenti
788 3471 1047 3523 vasculum
1086 3474 1356 3533 mundetur
1391 3476 1587 3526 melius.

395 3527 448 3603 Ῠ
472 3538 847 3587 Lacbrimarum
877 3538 1077 3588 lavacro
1109 3541 1333 3604 purgatis
1370 3542 1595 3605 personis

395 3602 647 3653 confertur
685 3604 923 3655 divinitus
954 3620 1135 3657 munus
1180 3607 1445 3658 unctionis.
1521 3609 1593 3659 Ut

398 3670 652 3734 unguenti.
726 3670 868 3721 Add:
904 3671 965 3722 E.
974 3672 1038 3723 G.
1042 3672 1125 3722 W.

501 3736 515 3766 ¹
549 3736 825 3787 anthonio:
859 3737 944 3788 W.

497 3802 519 3832 ²
551 3802 640 3852 Re.
670 3802 963 3853 Laceratum
987 3804 1182 3854 exulem
1217 3805 1462 3855 morsibus
1496 3820 1599 3855 ma-

399 3867 564 3931 lignis.
638 3868 750 3918 Nec
785 3870 903 3919 faux
942 3870 1095 3933 [falx.
1130 3871 1241 3934 W.]
1282 3871 1462 3936 frangit
1496 3872 1600 3921 odii

400 3949 495 3983 nec
531 3933 737 3983 livoris
724 3936 869 3999 ignis.
952 3936 1229 3986 Versiculus
1262 3938 1446 3988 Probat
1469 3937 1603 3995 hunc

402 3999 607 4050 exilium
649 4000 776 4051 sicut
811 4002 985 4066 hyems
1018 4002 1251 4053 laurum:
1306 4003 1361 4053 in
1403 3990 1603 4053 fornace

400 4066 601 4131 ponitur
639 4082 819 4132 purum
853 4067 953 4118 exit
976 4085 1166 4119 aurum.
1240 4068 1367 4119 Nec.
1408 4068 1597 4125 Gloria.

402 4147 513 4182 nec.
585 4134 653 4183 In
692 4133 741 4197 ij
772 4140 1026 4185 nocturno.
1087 4137 1191 4185 Aa.
1223 4136 1307 4183 Ne
1341 4150 1605 4185 sansonem

404 4196 577 4247 dalida
631 4198 783 4249 saciat
826 4201 987 4265 perire
1028 4200 1113 4251 hic
1158 4216 1359 4251 carnem
1402 4200 1597 4265 spiritui

404 4264 541 4328 cogit
563 4264 784 4315 obedire.
848 4272 925 4330 pl.
974 4266 1104 4317 Cum
1141 4268 1439 4317 invocarem.
1511 4271 1599 4315 αἵ).

548 4346 601 4379 ιιι
639 4332 823 4381 mentis
860 4333 1072 4383 seminat
1109 4332 1345 4383 sementis
1366 4332 1605 4382 virtutum

407 4405 459 4445 et
482 4397 656 4446 mundi
690 4398 895 4447 delicias
934 4400 1122 4463 spernit
1158 4399 1291 4448 velut
1315 4399 1490 4448 lutum.
1522 4402 1600 4461 pf.

408 4462 593 4512 Verba.
666 4465 771 4513 Αῆ.
813 4465 897 4513 Ne
919 4473 1140 4515 recentes
1157 4464 1347 4513 flosculi
1370 4464 1608 4521 virtutum

410 4539 717 4580 marcescant
740 4528 833 4581 hos
869 4532 1107 4595 scripture
1144 4530 1313 4580 rivulis
1352 4529 1521 4595 irrigat
1557 4540 1610 4580 ut

2196 453 2340 510 182

1663 558 1926 638 generis
2001 559 2428 642 imputans⁶z
2503 582 2576 626 se
2647 563 2862 628 salva-

1663 645 1957 710 tionem⁶
2025 669 2214 712 suam
2277 648 2528 713 meritis
2588 650 2864 733 gloriosi

1662 735 2057 800 confessoris
2101 757 2302 818 quem
2351 737 2674 802 honorare
2728 739 2862 802 dis-

1663 831 2020 904 posuerat:
2067 833 2451 890 constanter
2503 827 2859 891 ascribenS.

1666 911 1780 973 Ex
1811 931 1892 976 eo
1909 921 2134 977 autem
2155 913 2264 981 die
2288 913 2372 977 ad
2396 913 2860 979 honorandum

1663 1006 1969 1064 sanctum
2000 1001 2386 1066 willelmum
2433 1023 2637 1084 quam
2669 1005 2864 1068 citius

1664 1087 1754 1150 ad
1778 1087 2110 1160 civitatem
2139 1089 2630 1156 Eboracensem
2650 1092 2736 1155 de
2756 1092 2866 1156 die

1668 1177 1737 1239 in
1763 1175 1941 1240 diem
1975 1177 2398 1261 properavit.⁷
2561 1180 2775 1244 Lectio
2806 1201 2867 1245 v.

1665 1265 1821 1397 A
1833 1267 2370 1349 ppropinquante
2388 1288 2546 1332 vero
2564 1277 2868 1352 tempore

1834 1375 1969 1437 quo
2017 1364 2322 1432 sanctum
2366 1376 2604 1440 corpus
2634 1357 2868 1432 debuit

1667 1440 2044 1506 sublimari:
2089 1443 2388 1527 prevenit
2436 1445 2614 1508 diem
2649 1446 2866 1528 ipsum

1666 1531 2062 1594 venerabilis
2121 1541 2314 1614 pater
2357 1531 2706 1597 willelmus
2767 1554 2868 1598 ar-

1666 1617 2124 1703 chiepiscopus
2139 1621 2554 1686 eboracensis
2577 1644 2592 1686 :
2614 1642 2871 1686 necnon

1671 1717 1740 1770 et
1802 1709 2222 1772 menenensis
2269 1710 2620 1793 episcopus
2670 1710 2872 1774 frater

1670 1794 1863 1858 electi
1926 1794 2378 1861 dunelmensis
2443 1799 2744 1862 similiter
2803 1807 2872 1874 et

1670 1881 1850 1946 idem
1919 1884 2184 1948 electuS.
2307 1886 2400 1948 Et
2475 1887 2874 1969 intempeste

1672 1972 1886 2037 noctis
1895 1973 2158 2036 silentio
2181 1973 2502 2037 intrantes
2521 1974 2872 2044 ecclesiam

1672 2058 1930 2138 decano
1982 2061 2344 2125 comitante
2382 2071 2453 2125 et
2502 2063 2872 2126 canonicis:

1673 2147 1956 2219 letanias
2000 2157 2312 2215 cantant:
2359 2149 2691 2213 orationes
2727 2149 2875 2222 fun-

1675 2235 1890 2300 dunt:
1979 2245 2048 2308 et
2121 2235 2209 2299 ad
2284 2237 2589 2300 tumbam
2657 2237 2872 2302 sancti

1677 2323 1967 2388 willelmi
1989 2323 2406 2389 humiliterse
2430 2334 2874 2408 prosternunt.

1678 2413 1987 2477 Tandem
2043 2414 2129 2477 ab
2177 2413 2477 2492 oratione
2530 2423 2876 2496 surgentes

1681 2510 1913 2567 amoto
1945 2501 2166 2585 lapide
2209 2502 2620 2589 sarcophago
2652 2521 2877 2585 super-

1681 2592 1902 2675 posito
1926 2612 1940 2656 :
1966 2591 2298 2675 reperiunt
2317 2592 2529 2657 saneti
2549 2590 2884 2675 pontificis

1683 2700 1922 2763 corpus
1969 2681 2173 2753 sacris
2215 2679 2511 2751 vestibus
2565 2680 2692 2744 olei
2739 2680 2886 2763 pin-

1684 2768 1973 2851 guedine
2017 2768 2198 2851 quod
2260 2768 2345 2833 de
2405 2770 2618 2833 sancti
2678 2768 2886 2851 patris

1687 2877 1960 2939 corpore
1981 2857 2403 2923 resudaverat
2423 2857 2684 2921 infusis:
2719 2855 2886 2920 mul-

1688 2946 2002 3031 tipliciter
2032 2945 2447 3010 involutum.⁸
2558 2945 2770 3009 Lectio
2799 2944 2886 3026 vj.

1692 3036 1845 3168 Α
1860 3034 2059 3097 motis
2090 3034 2292 3116 igitur
2320 3043 2568 3117 patena
2597 3042 2666 3097 et
2685 3032 2890 3098 calice

1860 3122 1973 3205 qui
2028 3121 2229 3204 juxta
2278 3142 2518 3205 corpus
2563 3122 2630 3186 in
2671 3120 2890 3204 sepul-

1695 3212 1854 3276 chro
1908 3210 2168 3274 fuerant
2229 3210 2572 3275 collocati:
2642 3210 2894 3273 archie-

1696 3301 2008 3384 piscopus
2083 3308 2152 3363 et
2230 3300 2578 3382 episcopus
2653 3297 2891 3380 prefati

1695 3482 1933 3528 crescant.
2019 3480 2099 3537 ps.
2163 3470 2382 3520 Domine
2427 3469 2660 3527 dominus
2703 3476 2890 3523 noster.

1695 3533 2188 3629 Πυιιιιιιιιιιιιιιιιιιι.
2213 3538 2355 3586 Add.
2381 3536 2442 3585 E.
2451 3536 2514 3585 G.
2523 3535 2605 3583 w.

1796 3610 1816 3639 ⁸
1856 3612 1870 3635 ‘
1887 3605 1969 3655 ut’
1995 3620 2096 3655 om.
2119 3603 2228 3653 .E.
2238 3604 2299 3651 G.
2310 3602 2390 3650 W.

1797 3678 1816 3705 ⁴
1852 3676 1984 3737 pro‘
2000 3668 2081 3723 in’
2107 3675 2194 3719 ut:
2230 3668 2290 3719 E.
2299 3668 2362 3725 G

1800 3743 1820 3771 ⁸
1853 3744 2062 3823 putans.
2097 3734 2158 3783 E.
2168 3734 2253 3782 W.

1801 3808 1822 3835 ⁸
1861 3808 1986 3867 ‘que
2005 3800 2164 3850 ':add
2201 3799 2262 3849 E.
2270 3799 2334 3849 G.
2343 3798 2427 3848 W.

1802 3874 1820 3901 ²
1853 3869 1938 3919 Re.
1967 3868 2165 3942 Factus·
2185 3864 2335 3942 jacob
2369 3863 2543 3942 vigilat
2576 3870 2716 3918 extra
2751 3880 2902 3928 supra

1702 3951 1904 4003 gregem
1944 3934 2056 3983 Nec
2099 3930 2264 3981 minus
2309 3930 2514 3981 interius
2557 3946 2729 3995 regum
2770 3931 2901 3995 sapit

1704 3988 2902 4129 amfffflm‘immm..

1706 4136 1818 4185 Nec
1839 4132 2018 4183 minus.
2091 4130 2241 4181 Add.
2278 4132 2339 4181 E.
2349 4132 2412 4181 G.
2419 4130 2503 4179 W.

1805 4202 1825 4231 ⁸
1855 4199 1944 4248 Re.
2007 4198 2216 4267 Fragrat
2272 4198 2398 4247 odor
2453 4195 2661 4262 presulis
2715 4212 2907 4245 romam

1705 4265 1965 4321 venientis.
2040 4258 2268 4314 Occurrit
2292 4264 2560 4327 fragrantie
2583 4263 2726 4326 plebs
2765 4263 2910 4313 unius

1707 4332 1904 4381 mentis·
1977 4318 2028 4393 Ῠ
2053 4330 2132 4379 Ex
2149 4330 2439 4408 longinquis
2461 4330 2664 4377 veniunt
2689 4344 2781 4378 nec
2795 4337 2910 4377 sunt

1709 4398 1862 4461 fatiga
1863 4396 1901 4445 ti
1925 4396 2076 4461 longa
2114 4395 2196 4445 via
2241 4396 2348 4445 visa
2391 4402 2465 4445 est
2509 4402 2650 4445 curta
2694 4394 2904 4449 caritati.

1712 4463 1956 4518 Occurrit.
1997 4462 2150 4517 Add:
2187 4462 2246 4513 Ε.
2256 4462 2319 4513 G.
2327 4462 2408 4512 W.
