3375 5100
814 337 1145 394 DOMINI
1145 336 1244 393 CA
1296 338 1386 393 JA.

1094 447 1250 505 568

562 548 871 617 domino:
916 562 991 616 ut
1040 551 1198 635 hely
1248 552 1625 617 observaret
1682 572 1760 617 os
1862 549 2374 634 Responson‘um.
2491 552 2680 617 Audi

561 638 620 720 ej
628 660 718 703 us,
813 641 1013 704 Porro
1044 662 1219 705 anna
1264 641 1659 724 loquebatur
1687 642 1756 705 in

559 728 757 791 corde
788 749 908 792 suo
939 737 1333 812 tantumque
1376 729 1554 794 labia
1583 729 1756 794 illius

561 817 1001 881 movebantur
1043 828 1111 881 et
1155 839 1294 882 vox
1325 818 1588 901 penitus
1618 838 1753 882 non

554 905 963 970 audiebatur.
1099 906 1455 971 Estimavit
1594 927 1754 989 ergo

554 1012 703 1055 earn
735 993 893 1076 hely
923 993 1399 1059 temulentam:
1445 993 1752 1077 dixitque

552 1082 632 1145 ei.
682 1081 1053 1165 Usquequo
1082 1083 1261 1147 ebria
1284 1082 1457 1147 eris?
1502 1083 1751 1166 Digere

549 1169 885 1253 paulisper
910 1172 1137 1235 vinum
1168 1191 1303 1253 quo
1334 1170 1579 1236 mades
1633 1171 1746 1237 Re.

551 1258 823 1321 Montes
850 1258 1090 1341 gelboe
1134 1280 1255 1323 nec
1304 1280 1410 1323 ros
1452 1279 1572 1324 nec
1601 1260 1747 1341 plu-

546 1346 657 1409 via
683 1347 913 1410 veniat
940 1368 1138 1431 super
1165 1368 1301 1411 vos.
1414 1347 1551 1413 Ubi
1582 1348 1748 1412 ceci-

546 1433 788 1499 derunt
849 1435 1050 1499 fortes
1104 1436 1312 1501 israel.
1374 1452 1422 1523 γ
1491 1436 1746 1501 Omnes

547 1532 809 1586 montes
840 1525 953 1606 qui
986 1523 1051 1588 in
1098 1524 1369 1589 circuitu
1416 1523 1559 1605 ejus
1588 1534 1745 1590 sunt

540 1611 766 1675 visitet
794 1611 1105 1677 dominus
1154 1634 1195 1678 a
1241 1612 1482 1695 gelboe
1510 1622 1738 1679 autem

540 1707 853 1765 transeat.
905 1700 1060 1766 Ubi.
1410 1700 1627 1765 Lectio
1654 1701 1742 1785 ψ’.

536 1788 1060 1919 Respondens
1082 1809 1290 1853 anna:
1314 1808 1741 1872 nequaquam

685 1877 901 1960 inquit
928 1877 1198 1941 domine
1230 1878 1337 1943 mi.
1386 1877 1563 1942 Nam
1595 1898 1741 1942 mu-

539 1963 659 2027 lier
707 1964 939 2029 infelix
984 1966 1180 2031 nimis
1228 1986 1355 2048 ego
1401 1986 1595 2031 sum:
1641 1967 1739 2030 vi·

538 2072 833 2137 numque
863 2064 930 2119 et
962 2074 1159 2119 omne
1189 2054 1368 2138 quod
1419 2054 1741 2119 inebriare

535 2150 759 2223 potest
808 2162 943 2206 non
994 2143 1135 2207 bibi
1182 2144 1299 2208 sed
1343 2143 1545 2207 effudi
1595 2144 1737 2207 ani-

535 2250 716 2294 mam
762 2251 981 2295 meam
1014 2232 1081 2294 in
1112 2239 1469 2315 conspectu
1522 2231 1736 2296 domi·

533 2319 623 2381 ni.
690 2320 797 2383 Ne
857 2329 1121 2402 reputes
1178 2319 1485 2385 ancillam
1546 2329 1733 2385 tuam

532 2408 721 2488 quasi
783 2428 984 2472 unam
1034 2408 1119 2471 de
1170 2407 1430 2471 filiabus
1488 2408 1734 2475 belial:

532 2496 689 2577 quia
738 2516 827 2560 ex
896 2496 1317 2561 multitudine
1366 2496 1613 2561 doloris
1661 2507 1731 2562 et

533 2586 805 2649 meroris
856 2587 985 2649 mei
1046 2585 1267 2649 locuta
1317 2605 1465 2650 sum
1519 2606 1731 2669 usque

528 2673 595 2735 in
618 2693 902 2755 presens,
992 2673 1185 2738 Tunc
1206 2673 1361 2756 hely
1384 2673 1493 2738 ait.
1538 2674 1731 2738 Vade

531 2761 597 2823 in
632 2782 839 2844 pace:
886 2771 953 2826 et
1005 2761 1171 2826 deus
1213 2759 1403 2826 israel
1452 2762 1572 2827 det
1603 2763 1727 2827 tibi

528 2851 919 2930 petitionem
970 2870 1170 2932 quam
1236 2851 1482 2932 rogasti
1548 2871 1722 2917 eum.

527 2937 641 3001 Re.
692 2937 1046 3003 Exaudisti
1072 2939 1340 3003 domine
1358 2939 1725 3005 orationem

528 3027 698 3090 servi
727 3027 826 3090 tui
856 3036 932 3091 ut
984 3025 1355 3092 edificarem
1398 3027 1724 3110 templum

528 3115 778 3178 nomini
810 3125 943 3180 tuo,
1035 3117 1323 3180 Benedic
1369 3124 1438 3180 et
1482 3117 1724 3181 sancti-

525 3201 651 3266 fica
696 3205 967 3268 domum
1020 3205 1213 3267 istam
1264 3205 1330 3266 in
1380 3205 1725 3286 sempiter-

526 3312 684 3355 num
717 3294 882 3356 deus
935 3291 1141 3357 israel.
1189 3310 1238 3379 γ
1286 3293 1577 3356 Domine
1607 3295 1722 3375 qui

519 3382 814 3445 custodis
833 3391 1101 3463 pactum
1121 3390 1189 3445 et
1208 3381 1721 3447 misericordiam

522 3472 727 3534 servis
756 3470 927 3534 tuis:
975 3470 1087 3552 qui
1119 3470 1466 3535 ambulant
1496 3490 1720 3534 coram

524 3568 591 3620 te
640 3560 703 3622 in
754 3568 901 3622 toto
948 3558 1147 3623 corde
1195 3578 1338 3622 suo·
1430 3558 1724 3624 Benedic

520 3657 606 3710 et.
696 3647 941 3712 Gloria.
1033 3647 1340 3712 Benedic.
1457 3647 1545 3710 In
1620 3647 1721 3731 iij.

518 3757 643 3799 noc.
719 3744 826 3802 ari.
949 3736 1264 3818 Sponsus,
1363 3743 1465 3817 pf.
1576 3735 1720 3801 celi

513 3834 839 3890 enarrant.
868 3834 973 3888 etc.
1003 3840 1051 3911 γ
1098 3824 1438 3888 Exaltare.
1486 3823 1724 3889 Secun-

512 3916 610 4046 J
632 3933 673 3976 n
738 3913 849 3976 illo
909 3922 1250 3996 tempore:
1286 3909 1474 3998 [dum
1491 3912 1720 3978 lucam.

633 4001 831 4065 Dixit
902 4002 1095 4083 Jesus
1170 4000 1511 4083 discipulis
1562 4003 1716 4066 suiS.

521 4089 749 4153 Homo
809 4091 1082 4171 quidam
1142 4098 1286 4154 erat
1344 4090 1529 4152 dives
1587 4101 1712 4156 etc.

522 4177 729 4258 Quere
756 4199 972 4240 omnes
991 4178 1402 4260 expositiones
1417 4199 1561 4242 cum
1591 4200 1710 4242 an-

516 4264 794 4347 tiphonis
820 4276 884 4329 et
910 4266 1309 4330 orationibus
1357 4266 1545 4347 infra
1562 4277 1715 4349 post

510 4354 853 4420 histom‘am
915 4355 1069 4418 Vidi
1121 4355 1485 4420 dominum.
1593 4357 1706 4439 vij.

907 4536 921 4564 ¹
956 4535 1153 4585 excelso
1175 4552 1187 4584 :
1220 4535 1302 4585 W.
1313 4533 1379 4585 N.

1436 336 1653 395 POST
1701 334 2086 393 OCTAVAS
2127 336 2807 395 PENTHECOSYES.

2373 447 2525 502 564

2785 551 3062 619 domine

1861 637 2186 721 hymnum
2261 649 2332 705 et
2411 642 2775 706 orationem
2851 661 3059 725 quam

1861 748 2088 793 servus
2117 739 2272 793 tuus
2301 739 2446 793 orat
2475 749 2696 794 coram
2743 739 2812 793 te
2840 730 3058 795 domi-

1859 836 1946 879 ne
1977 826 2050 881 ut
2080 818 2214 881 sint
2242 818 2414 882 oculi
2457 819 2554 883 tui
2584 819 2794 901 aperti
2825 827 2892 881 et
2936 839 3060 883 au-

1857 924 1960 968 res
1991 914 2106 971 tue
2152 906 2422 971 intente.
2513 906 2729 990 Super
2775 907 3054 971 domum

1857 994 2054 1057 istam
2115 994 2227 1058 die
2277 1015 2354 1059 ac
2415 1003 2626 1059 nocte.
2675 1011 2720 1081 y
2767 996 3054 1084 Respice

1857 1080 2126 1146 domine
2198 1083 2284 1147 de
2349 1084 2724 1148 sanctuario
2787 1092 2905 1147 tuo
2979 1094 3052 1151 et

1854 1170 1941 1233 de
1985 1171 2286 1235 exselso¹
2318 1172 2610 1236 celorum
2649 1170 3048 1237 habitaculo.

1855 1256 2086 1342 Super.
2130 1259 2268 1342 viij.
2288 1259 2804 1342 Responsorium.
2897 1260 3049 1324 Pre-

1852 1356 2082 1429 parate
2127 1348 2330 1411 corda
2389 1358 2606 1412 vestra
2651 1348 2928 1413 domino
2975 1360 3046 1415 et

1851 1438 2090 1499 servite
2121 1436 2211 1500 illi
2237 1436 2377 1502 soli.
2465 1438 2560 1501 Et
2591 1436 2895 1501 liberabit
2925 1457 3046 1503 vos

1848 1523 1936 1587 de
1967 1524 2272 1589 manibus
2325 1525 2738 1589 inimicorum
2792 1535 3044 1589 vestro-

1849 1631 2010 1675 rum.
2059 1630 2106 1698 γ
2150 1612 2430 1679 Auferte
2478 1613 2642 1677 deos
2672 1614 2924 1678 alienos
2954 1614 3043 1678 de

1847 1700 2071 1765 medio
2129 1701 2344 1767 vestri.
2435 1702 2529 1767 Et
2587 1700 2908 1767 liberabit.
2953 1702 3042 1768 ix.

1845 1787 2339 1870 Responsorium
2367 1789 2448 1853 de
2467 1790 2763 1853 trinitate
2786 1792 3045 1873 quando

1843 1876 2092 1941 dicitur
2113 1877 2194 1941 de
2235 1878 2574 1943 dominica.
2662 1878 2764 1942 Et
2787 1879 3041 1943 dicetur

1829 1965 2131 2067 primum
2159 1966 2654 2048 Responsortum
2667 1966 2899 2049 prima
2927 1968 3040 2031 do-

1844 2054 2085 2117 minica
2099 2064 2252 2136 post
2279 2054 2637 2119 trinitatem
2676 2056 2932 2138 quando
2959 2056 3042 2121 de

1840 2140 2162 2207 domumca
2203 2142 2435 2225 agitur
2473 2153 2539 2207 et
2589 2144 2686 2207 sic
2736 2144 3038 2209 seri'attm

1842 2230 2312 2330 reincipiendo:
2372 2230 2470 2294 ita
2497 2240 2711 2295 tamen
2741 2233 2916 2315 quod
2937 2232 3040 2295 ul-

1840 2317 2075 2382 timum
2121 2320 2618 2401 Responsorium
2647 2320 2908 2383 dicatur
2935 2321 3037 2383 ul-

1839 2406 2004 2470 tima
2031 2407 2138 2472 die
2163 2408 2484 2473 dominica
2533 2407 2815 2475 historie.
2873 2409 3034 2474 Vidi

1836 2494 2200 2562 dominum.
2229 2496 2722 2579 Responsa-ium
2769 2498 3034 2580 feriale.

1839 2583 2127 2649 Domine
2156 2586 2211 2649 si
2231 2605 2583 2650 conversus
2603 2585 2797 2650 fuerit
2816 2606 3032 2669 popu-

1835 2671 1938 2736 lus
1969 2683 2122 2738 tuus
2151 2682 2222 2738 et
2264 2673 2545 2738 oraverit
2595 2674 2680 2738 ad
2721 2683 3033 2740 sanctua-

1835 2761 2004 2824 rium
2023 2770 2232 2828 tuum.
2297 2762 2402 2826 Tu
2436 2763 2754 2826 exaudies
2785 2764 2852 2826 in
2885 2764 3033 2827 celo

1833 2848 2102 2914 domine
2132 2859 2200 2916 et
2231 2850 2437 2915 libera
2468 2871 2583 2915 eos
2602 2851 2686 2914 de
2718 2852 3028 2916 manibus

1832 2937 2244 3003 inimicorum
2295 2960 2538 3004 eorum.
2585 2956 2634 3025 γ
2681 2939 2754 3005 Si
2795 2961 3032 3023 pecca-

1828 3027 1996 3091 verit
2027 3028 2093 3090 in
2126 3027 2507 3110 tepopulus
2556 3037 2712 3091 tuus
2760 3037 2828 3092 et
2869 3048 3030 3092 con-

1830 3135 2055 3179 versus
2102 3117 2309 3198 egerit
2365 3116 2798 3200 penitentiam
2845 3119 3029 3181 veni-

1829 3223 2080 3286 ensque
2124 3205 2405 3269 oraverit
2437 3205 2504 3270 in
2530 3204 2677 3269 loco
2707 3207 2852 3269 ist0.
2898 3205 3027 3271 Tu.

1827 3291 1969 3354 Hec
2023 3313 2171 3356 vero
2225 3293 2654 3374 Responsoria
2699 3296 3028 3375 sequentia

1827 3400 1952 3444 non
1980 3381 2291 3444 dicuntur
2340 3391 2490 3444 ante
2532 3383 2872 3446 secundam
2925 3383 3036 3446 vel

1827 3469 2088 3532 tertiam
2099 3469 2488 3533 dominicam
2505 3479 2571 3533 et
2582 3470 2696 3534 Re.
2730 3470 3021 3536 Planxit.

1825 3567 2002 3622 sexto
2021 3558 2044 3595 ²
2072 3559 2199 3621 loco
2238 3558 2376 3621 nisi
2387 3557 2656 3640 fiaerint
2675 3559 2882 3622 medie
2902 3559 3020 3622 lec-

1828 3647 2028 3710 tiones
2090 3647 2168 3710 de
2222 3646 2438 3728 aliquo
2503 3657 2720 3711 sancto
2773 3657 2840 3710 et
2899 3649 3019 3713 Re.

1827 3733 2078 3799 Tactus
2108 3744 2327 3799 octavo
2355 3735 2482 3800 loco
2511 3735 2830 3800 dicantur.
2921 3737 3024 3800 Et

1811 3833 2155 3906 postquam
2187 3824 2330 3905 ipsa
2361 3823 2468 3886 vel
2489 3845 2708 3888 eorum
2740 3824 3022 3888 alterum

1822 3911 1998 3974 dicta
2013 3913 2278 3993 fuerint
2317 3911 2584 3976 dicenda
2641 3922 2797 3976 sunt
2839 3913 3022 3976 dein-

1819 4010 1954 4082 ceps
1980 4000 2204 4064 diebus
2229 4000 2567 4065 dominicis
2595 4009 2850 4064 tantum
2902 4001 3027 4064 du-

1824 4098 2010 4152 rante
2053 4089 2344 4154 historia.
2418 4094 2483 4168 (s
2551 4089 2647 4153 Et
2685 4100 2781 4154 est
2823 4092 3022 4154 scien-

1811 4177 1968 4240 dum
1999 4178 2174 4259 quod
2193 4178 2448 4260 quando
2493 4188 2776 4260 quatuor
2798 4178 3022 4242 diebus

1809 4264 2151 4330 dominicis·
2165 4266 2500 4329 dicendum
2519 4276 2616 4330 est
2639 4267 2718 4330 de
2736 4266 2865 4331 ista
2887 4267 3019 4330 leis-

1811 4356 1979 4418 toria
2004 4377 2028 4418 .·
2078 4364 2230 4418 tunc
2257 4354 2550 4436 predicta
2594 4355 3020 4438 Responsoria

2099 4534 2120 4564 ²
2152 4539 2316 4583 octavo
2335 4533 2360 4582 ,Ρ
2393 4533 2461 4585 Ν.
