<?xml version="1.0" encoding="UTF-8"?>
<!DOCTYPE html PUBLIC "-//W3C//DTD XHTML 1.0 Transitional//EN"
    "http://www.w3.org/TR/xhtml1/DTD/xhtml1-transitional.dtd">
<html xmlns="http://www.w3.org/1999/xhtml" xml:lang="en" lang="en">
 <head>
  <title>
</title>
<meta http-equiv="Content-Type" content="text/html;charset=utf-8" />
  <meta name='ocr-system' content='tesseract 3.04.00' />
  <meta name='ocr-capabilities' content='ocr_page ocr_carea ocr_par ocr_line ocrx_word'/>
</head>
<body>
  <div class='ocr_page' id='page_1' title='image "./publicationssur05unkngoog_0447.png"; bbox 0 0 3375 5100; ppageno 0'>
   <div class='ocr_carea' id='block_1_1' title="bbox 1534 348 2163 405">
    <p class='ocr_par' dir='ltr' id='par_1_1' title="bbox 1534 348 2163 405">
     <span class='ocr_line' id='line_1_1' title="bbox 1534 348 2163 405; baseline 0 -2"><span class='ocrx_word' id='word_1_1' title='bbox 1534 350 1790 405; x_wconf 74' lang='lat' dir='ltr'><em>FERIA</em></span> <span class='ocrx_word' id='word_1_2' title='bbox 1857 348 2163 403; x_wconf 81' lang='lat' dir='ltr'><em>TERTIA</em></span> 
     </span>
    </p>
   </div>
   <div class='ocr_carea' id='block_1_2' title="bbox 1114 459 1247 513">
    <p class='ocr_par' dir='ltr' id='par_1_2' title="bbox 1114 459 1247 513">
     <span class='ocr_line' id='line_1_2' title="bbox 1114 459 1247 513; baseline 0 -1"><span class='ocrx_word' id='word_1_3' title='bbox 1114 459 1247 513; x_wconf 86' lang='lat'>777</span> 
     </span>
    </p>
   </div>
   <div class='ocr_carea' id='block_1_3' title="bbox 586 564 1797 3130">
    <p class='ocr_par' dir='ltr' id='par_1_3' title="bbox 586 564 1797 3130">
     <span class='ocr_line' id='line_1_3' title="bbox 590 564 1790 631; baseline -0.001 -2"><span class='ocrx_word' id='word_1_4' title='bbox 590 584 809 629; x_wconf 90' lang='lat' dir='ltr'>meum</span> <span class='ocrx_word' id='word_1_5' title='bbox 836 564 1169 629; x_wconf 89' lang='lat' dir='ltr'>canticum</span> <span class='ocrx_word' id='word_1_6' title='bbox 1204 585 1449 629; x_wconf 90' lang='lat' dir='ltr'>novum</span> <span class='ocrx_word' id='word_1_7' title='bbox 1476 588 1489 629; x_wconf 90' lang='lat'>:</span> <span class='ocrx_word' id='word_1_8' title='bbox 1523 586 1790 631; x_wconf 89' lang='lat' dir='ltr'>carmen</span> 
     </span>
     <span class='ocr_line' id='line_1_4' title="bbox 586 652 1792 719; baseline 0 -2"><span class='ocrx_word' id='word_1_9' title='bbox 586 654 716 717; x_wconf 93' lang='lat' dir='ltr'>deo</span> <span class='ocrx_word' id='word_1_10' title='bbox 762 662 1004 717; x_wconf 81' lang='lat' dir='ltr'>nostro,</span> <span class='ocrx_word' id='word_1_11' title='bbox 1102 652 1445 719; x_wconf 86' lang='lat' dir='ltr'>Videbunt</span> <span class='ocrx_word' id='word_1_12' title='bbox 1484 653 1673 717; x_wconf 87' lang='lat' dir='ltr'>multi</span> <span class='ocrx_word' id='word_1_13' title='bbox 1724 666 1792 717; x_wconf 91' lang='lat' dir='ltr'>et</span> 
     </span>
     <span class='ocr_line' id='line_1_5' title="bbox 586 740 1792 825; baseline 0 -20"><span class='ocrx_word' id='word_1_14' title='bbox 586 740 961 805; x_wconf 91' lang='lat' dir='ltr'>timebunt:</span> <span class='ocrx_word' id='word_1_15' title='bbox 1024 751 1090 806; x_wconf 92' lang='lat' dir='ltr'>et</span> <span class='ocrx_word' id='word_1_16' title='bbox 1144 744 1506 825; x_wconf 90' lang='lat' dir='ltr'>sperabunt</span> <span class='ocrx_word' id='word_1_17' title='bbox 1559 744 1626 806; x_wconf 89' lang='lat' dir='ltr'>in</span> <span class='ocrx_word' id='word_1_18' title='bbox 1674 744 1792 807; x_wconf 91' lang='lat' dir='ltr'>do-</span> 
     </span>
     <span class='ocr_line' id='line_1_6' title="bbox 588 831 1791 913; baseline 0.002 -20"><span class='ocrx_word' id='word_1_19' title='bbox 588 832 787 893; x_wconf 79' lang='lat' dir='ltr'>mino,</span> <span class='ocrx_word' id='word_1_20' title='bbox 878 831 1131 894; x_wconf 81' lang='lat' dir='ltr'>Beatus</span> <span class='ocrx_word' id='word_1_21' title='bbox 1163 833 1261 893; x_wconf 91' lang='lat' dir='ltr'>vir</span> <span class='ocrx_word' id='word_1_22' title='bbox 1289 832 1477 913; x_wconf 85' lang='lat' dir='ltr'>cujus</span> <span class='ocrx_word' id='word_1_23' title='bbox 1524 842 1627 895; x_wconf 91' lang='lat' dir='ltr'>est</span> <span class='ocrx_word' id='word_1_24' title='bbox 1672 852 1791 895; x_wconf 91' lang='lat' dir='ltr'>no-</span> 
     </span>
     <span class='ocr_line' id='line_1_7' title="bbox 588 919 1790 1002; baseline 0 -20"><span class='ocrx_word' id='word_1_25' title='bbox 588 938 744 982; x_wconf 89' lang='lat' dir='ltr'>men</span> <span class='ocrx_word' id='word_1_26' title='bbox 794 919 1049 983; x_wconf 90' lang='lat' dir='ltr'>domini</span> <span class='ocrx_word' id='word_1_27' title='bbox 1104 940 1256 1001; x_wconf 92' lang='lat' dir='ltr'>spes</span> <span class='ocrx_word' id='word_1_28' title='bbox 1306 922 1489 1002; x_wconf 89' lang='lat' dir='ltr'>ejus:</span> <span class='ocrx_word' id='word_1_29' title='bbox 1538 931 1605 984; x_wconf 87' lang='lat' dir='ltr'>et</span> <span class='ocrx_word' id='word_1_30' title='bbox 1655 940 1790 983; x_wconf 91' lang='lat' dir='ltr'>non</span> 
     </span>
     <span class='ocr_line' id='line_1_8' title="bbox 587 1008 1791 1089; baseline 0 -18"><span class='ocrx_word' id='word_1_31' title='bbox 587 1009 886 1089; x_wconf 83' lang='lat' dir='ltr'>respexit</span> <span class='ocrx_word' id='word_1_32' title='bbox 918 1008 983 1070; x_wconf 90' lang='lat' dir='ltr'>in</span> <span class='ocrx_word' id='word_1_33' title='bbox 1014 1010 1343 1071; x_wconf 86' lang='lat' dir='ltr'>vanitates</span> <span class='ocrx_word' id='word_1_34' title='bbox 1389 1018 1456 1073; x_wconf 90' lang='lat' dir='ltr'>et</span> <span class='ocrx_word' id='word_1_35' title='bbox 1502 1008 1791 1071; x_wconf 86' lang='lat' dir='ltr'>insanias</span> 
     </span>
     <span class='ocr_line' id='line_1_9' title="bbox 588 1095 1792 1161; baseline 0.002 -2"><span class='ocrx_word' id='word_1_36' title='bbox 588 1095 805 1159; x_wconf 73' lang='lat' dir='ltr'>falsas</span> <span class='ocrx_word' id='word_1_37' title='bbox 896 1096 1127 1161; x_wconf 88' lang='lat' dir='ltr'>Multa</span> <span class='ocrx_word' id='word_1_38' title='bbox 1170 1097 1381 1160; x_wconf 87' lang='lat' dir='ltr'>fecisti</span> <span class='ocrx_word' id='word_1_39' title='bbox 1413 1106 1487 1161; x_wconf 92' lang='lat' dir='ltr'>tu</span> <span class='ocrx_word' id='word_1_40' title='bbox 1520 1098 1792 1161; x_wconf 91' lang='lat' dir='ltr'>domine</span> 
     </span>
     <span class='ocr_line' id='line_1_10' title="bbox 588 1185 1792 1249; baseline 0.002 -2"><span class='ocrx_word' id='word_1_41' title='bbox 588 1185 755 1248; x_wconf 88' lang='lat' dir='ltr'>deus</span> <span class='ocrx_word' id='word_1_42' title='bbox 824 1204 1011 1248; x_wconf 89' lang='lat' dir='ltr'>meus</span> <span class='ocrx_word' id='word_1_43' title='bbox 1082 1186 1410 1249; x_wconf 89' lang='lat' dir='ltr'>mirabilia</span> <span class='ocrx_word' id='word_1_44' title='bbox 1480 1196 1647 1249; x_wconf 91' lang='lat' dir='ltr'>tua:</span> <span class='ocrx_word' id='word_1_45' title='bbox 1725 1196 1792 1249; x_wconf 91' lang='lat' dir='ltr'>et</span> 
     </span>
     <span class='ocr_line' id='line_1_11' title="bbox 588 1274 1790 1356; baseline 0 -19"><span class='ocrx_word' id='word_1_46' title='bbox 588 1274 1105 1355; x_wconf 85' lang='lat' dir='ltr'>cogitationibus</span> <span class='ocrx_word' id='word_1_47' title='bbox 1156 1274 1290 1337; x_wconf 87' lang='lat' dir='ltr'>tuis</span> <span class='ocrx_word' id='word_1_48' title='bbox 1340 1294 1471 1337; x_wconf 89' lang='lat' dir='ltr'>non</span> <span class='ocrx_word' id='word_1_49' title='bbox 1528 1283 1629 1337; x_wconf 89' lang='lat' dir='ltr'>est</span> <span class='ocrx_word' id='word_1_50' title='bbox 1676 1276 1790 1356; x_wconf 90' lang='lat' dir='ltr'>qui</span> 
     </span>
     <span class='ocr_line' id='line_1_12' title="bbox 588 1360 1792 1428; baseline 0.002 -5"><span class='ocrx_word' id='word_1_51' title='bbox 588 1360 823 1424; x_wconf 90' lang='lat' dir='ltr'>similis</span> <span class='ocrx_word' id='word_1_52' title='bbox 882 1363 970 1424; x_wconf 89' lang='lat' dir='ltr'>sit</span> <span class='ocrx_word' id='word_1_53' title='bbox 1029 1360 1169 1425; x_wconf 89' lang='lat' dir='ltr'>tui.¹</span> <span class='ocrx_word' id='word_1_54' title='bbox 1244 1364 1669 1428; x_wconf 88' lang='lat' dir='ltr'>Annunciavi</span> <span class='ocrx_word' id='word_1_55' title='bbox 1723 1375 1792 1426; x_wconf 92' lang='lat' dir='ltr'>et</span> 
     </span>
     <span class='ocr_line' id='line_1_13' title="bbox 588 1448 1791 1533; baseline 0.003 -22"><span class='ocrx_word' id='word_1_56' title='bbox 588 1448 849 1513; x_wconf 90' lang='lat' dir='ltr'>locutus</span> <span class='ocrx_word' id='word_1_57' title='bbox 894 1470 1039 1512; x_wconf 90' lang='lat' dir='ltr'>sum</span> <span class='ocrx_word' id='word_1_58' title='bbox 1071 1473 1085 1514; x_wconf 90' lang='lat'>:</span> <span class='ocrx_word' id='word_1_59' title='bbox 1134 1451 1553 1533; x_wconf 89' lang='lat' dir='ltr'>multiplicati</span> <span class='ocrx_word' id='word_1_60' title='bbox 1578 1452 1603 1489; x_wconf 81' lang='lat'>²</span> <span class='ocrx_word' id='word_1_61' title='bbox 1634 1462 1791 1515; x_wconf 92' lang='lat' dir='ltr'>sunt</span> 
     </span>
     <span class='ocr_line' id='line_1_14' title="bbox 588 1539 1792 1619; baseline 0.002 -19"><span class='ocrx_word' id='word_1_62' title='bbox 588 1558 787 1619; x_wconf 88' lang='lat' dir='ltr'>super</span> <span class='ocrx_word' id='word_1_63' title='bbox 828 1558 1193 1603; x_wconf 89' lang='lat' dir='ltr'>numerum.</span> <span class='ocrx_word' id='word_1_64' title='bbox 1274 1539 1688 1603; x_wconf 78' lang='lat' dir='ltr'>Sacrificium</span> <span class='ocrx_word' id='word_1_65' title='bbox 1724 1549 1792 1604; x_wconf 90' lang='lat' dir='ltr'>et</span> 
     </span>
     <span class='ocr_line' id='line_1_15' title="bbox 588 1626 1794 1692; baseline 0.002 -3"><span class='ocrx_word' id='word_1_66' title='bbox 588 1626 997 1690; x_wconf 89' lang='lat' dir='ltr'>oblationem</span> <span class='ocrx_word' id='word_1_67' title='bbox 1048 1628 1369 1692; x_wconf 87' lang='lat' dir='ltr'>noluisti:</span> <span class='ocrx_word' id='word_1_68' title='bbox 1436 1649 1627 1691; x_wconf 89' lang='lat' dir='ltr'>aures</span> <span class='ocrx_word' id='word_1_69' title='bbox 1675 1650 1794 1691; x_wconf 91' lang='lat' dir='ltr'>au-</span> 
     </span>
     <span class='ocr_line' id='line_1_16' title="bbox 588 1715 1795 1797; baseline 0.002 -20"><span class='ocrx_word' id='word_1_70' title='bbox 588 1724 729 1777; x_wconf 91' lang='lat' dir='ltr'>tem</span> <span class='ocrx_word' id='word_1_71' title='bbox 779 1715 1107 1797; x_wconf 81' lang='lat' dir='ltr'>perfecisti</span> <span class='ocrx_word' id='word_1_72' title='bbox 1156 1716 1333 1781; x_wconf 90' lang='lat' dir='ltr'>mihi.</span> <span class='ocrx_word' id='word_1_73' title='bbox 1410 1716 1795 1780; x_wconf 90' lang='lat' dir='ltr'>Holocaus-</span> 
     </span>
     <span class='ocr_line' id='line_1_17' title="bbox 588 1812 1796 1887; baseline 0.003 -21"><span class='ocrx_word' id='word_1_74' title='bbox 588 1813 733 1866; x_wconf 92' lang='lat' dir='ltr'>tum</span> <span class='ocrx_word' id='word_1_75' title='bbox 780 1812 848 1868; x_wconf 89' lang='lat' dir='ltr'>et</span> <span class='ocrx_word' id='word_1_76' title='bbox 893 1824 1013 1886; x_wconf 92' lang='lat' dir='ltr'>pro</span> <span class='ocrx_word' id='word_1_77' title='bbox 1060 1815 1335 1886; x_wconf 91' lang='lat' dir='ltr'>peccato</span> <span class='ocrx_word' id='word_1_78' title='bbox 1382 1826 1513 1868; x_wconf 89' lang='lat' dir='ltr'>non</span> <span class='ocrx_word' id='word_1_79' title='bbox 1562 1816 1796 1887; x_wconf 89' lang='lat' dir='ltr'>postu-</span> 
     </span>
     <span class='ocr_line' id='line_1_18' title="bbox 588 1892 1791 1957; baseline 0.002 -3"><span class='ocrx_word' id='word_1_80' title='bbox 588 1892 783 1955; x_wconf 89' lang='lat' dir='ltr'>lasti:</span> <span class='ocrx_word' id='word_1_81' title='bbox 830 1902 987 1955; x_wconf 89' lang='lat' dir='ltr'>tunc</span> <span class='ocrx_word' id='word_1_82' title='bbox 1034 1893 1176 1956; x_wconf 85' lang='lat' dir='ltr'>dixi</span> <span class='ocrx_word' id='word_1_83' title='bbox 1220 1914 1371 1957; x_wconf 93' lang='lat' dir='ltr'>ecce</span> <span class='ocrx_word' id='word_1_84' title='bbox 1418 1894 1627 1957; x_wconf 80' lang='lat' dir='ltr'>venio,</span> <span class='ocrx_word' id='word_1_85' title='bbox 1709 1895 1791 1957; x_wconf 89' lang='lat' dir='ltr'>In</span> 
     </span>
     <span class='ocr_line' id='line_1_19' title="bbox 590 1981 1794 2063; baseline 0 -18"><span class='ocrx_word' id='word_1_86' title='bbox 590 1982 811 2063; x_wconf 90' lang='lat' dir='ltr'>capite</span> <span class='ocrx_word' id='word_1_87' title='bbox 859 1981 1003 2044; x_wconf 90' lang='lat' dir='ltr'>libri</span> <span class='ocrx_word' id='word_1_88' title='bbox 1050 1984 1369 2063; x_wconf 87' lang='lat' dir='ltr'>scriptum</span> <span class='ocrx_word' id='word_1_89' title='bbox 1418 1993 1521 2046; x_wconf 92' lang='lat' dir='ltr'>est</span> <span class='ocrx_word' id='word_1_90' title='bbox 1552 1983 1637 2045; x_wconf 92' lang='lat' dir='ltr'>de</span> <span class='ocrx_word' id='word_1_91' title='bbox 1683 2004 1794 2045; x_wconf 91' lang='lat' dir='ltr'>me</span> 
     </span>
     <span class='ocr_line' id='line_1_20' title="bbox 591 2068 1794 2136; baseline 0.002 -4"><span class='ocrx_word' id='word_1_92' title='bbox 591 2078 664 2133; x_wconf 93' lang='lat' dir='ltr'>ut</span> <span class='ocrx_word' id='word_1_93' title='bbox 725 2068 1007 2133; x_wconf 80' lang='lat' dir='ltr'>facerem</span> <span class='ocrx_word' id='word_1_94' title='bbox 1068 2072 1484 2134; x_wconf 87' lang='lat' dir='ltr'>voluntatem</span> <span class='ocrx_word' id='word_1_95' title='bbox 1554 2080 1794 2136; x_wconf 88' lang='lat' dir='ltr'>tuam:</span> 
     </span>
     <span class='ocr_line' id='line_1_21' title="bbox 592 2158 1792 2243; baseline 0.003 -23"><span class='ocrx_word' id='word_1_96' title='bbox 592 2158 756 2221; x_wconf 91' lang='lat' dir='ltr'>deus</span> <span class='ocrx_word' id='word_1_97' title='bbox 804 2178 991 2221; x_wconf 90' lang='lat' dir='ltr'>meus</span> <span class='ocrx_word' id='word_1_98' title='bbox 1031 2159 1210 2222; x_wconf 91' lang='lat' dir='ltr'>volui</span> <span class='ocrx_word' id='word_1_99' title='bbox 1260 2170 1326 2223; x_wconf 90' lang='lat' dir='ltr'>et</span> <span class='ocrx_word' id='word_1_100' title='bbox 1358 2158 1571 2243; x_wconf 89' lang='lat' dir='ltr'>legem</span> <span class='ocrx_word' id='word_1_101' title='bbox 1606 2168 1792 2224; x_wconf 89' lang='lat' dir='ltr'>tuam</span> 
     </span>
     <span class='ocr_line' id='line_1_22' title="bbox 593 2248 1797 2311; baseline 0.002 -3"><span class='ocrx_word' id='word_1_102' title='bbox 593 2248 660 2310; x_wconf 92' lang='lat' dir='ltr'>in</span> <span class='ocrx_word' id='word_1_103' title='bbox 724 2248 946 2310; x_wconf 91' lang='lat' dir='ltr'>medio</span> <span class='ocrx_word' id='word_1_104' title='bbox 997 2249 1215 2311; x_wconf 92' lang='lat' dir='ltr'>cordis</span> <span class='ocrx_word' id='word_1_105' title='bbox 1266 2250 1411 2311; x_wconf 93' lang='lat' dir='ltr'>mei.</span> <span class='ocrx_word' id='word_1_106' title='bbox 1504 2250 1797 2311; x_wconf 84' lang='lat' dir='ltr'>Annun-</span> 
     </span>
     <span class='ocr_line' id='line_1_23' title="bbox 590 2334 1794 2416; baseline 0.002 -19"><span class='ocrx_word' id='word_1_107' title='bbox 590 2336 758 2397; x_wconf 90' lang='lat' dir='ltr'>ciavi</span> <span class='ocrx_word' id='word_1_108' title='bbox 801 2334 1135 2416; x_wconf 88' lang='lat' dir='ltr'>justiciam</span> <span class='ocrx_word' id='word_1_109' title='bbox 1184 2346 1369 2399; x_wconf 90' lang='lat' dir='ltr'>tuam</span> <span class='ocrx_word' id='word_1_110' title='bbox 1418 2338 1482 2399; x_wconf 91' lang='lat' dir='ltr'>in</span> <span class='ocrx_word' id='word_1_111' title='bbox 1516 2336 1794 2400; x_wconf 90' lang='lat' dir='ltr'>ecclesia</span> 
     </span>
     <span class='ocr_line' id='line_1_24' title="bbox 594 2426 1792 2505; baseline 0.001 -18"><span class='ocrx_word' id='word_1_112' title='bbox 594 2444 890 2505; x_wconf 87' lang='lat' dir='ltr'>magna:</span> <span class='ocrx_word' id='word_1_113' title='bbox 968 2445 1119 2488; x_wconf 91' lang='lat' dir='ltr'>ecce</span> <span class='ocrx_word' id='word_1_114' title='bbox 1196 2426 1371 2488; x_wconf 88' lang='lat' dir='ltr'>labia</span> <span class='ocrx_word' id='word_1_115' title='bbox 1447 2446 1597 2488; x_wconf 88' lang='lat' dir='ltr'>mea</span> <span class='ocrx_word' id='word_1_116' title='bbox 1660 2445 1792 2488; x_wconf 91' lang='lat' dir='ltr'>non</span> 
     </span>
     <span class='ocr_line' id='line_1_25' title="bbox 592 2513 1796 2596; baseline 0.002 -21"><span class='ocrx_word' id='word_1_117' title='bbox 592 2513 963 2596; x_wconf 86' lang='lat' dir='ltr'>prohibebo</span> <span class='ocrx_word' id='word_1_118' title='bbox 987 2513 1256 2578; x_wconf 89' lang='lat' dir='ltr'>domine</span> <span class='ocrx_word' id='word_1_119' title='bbox 1280 2524 1351 2578; x_wconf 91' lang='lat' dir='ltr'>tu</span> <span class='ocrx_word' id='word_1_120' title='bbox 1378 2514 1575 2578; x_wconf 83' lang='lat' dir='ltr'>scisti.</span> <span class='ocrx_word' id='word_1_121' title='bbox 1628 2514 1796 2589; x_wconf 87' lang='lat' dir='ltr'>Jus-</span> 
     </span>
     <span class='ocr_line' id='line_1_26' title="bbox 593 2603 1792 2667; baseline 0.001 -2"><span class='ocrx_word' id='word_1_122' title='bbox 593 2603 821 2666; x_wconf 89' lang='lat' dir='ltr'>ticiam</span> <span class='ocrx_word' id='word_1_123' title='bbox 882 2613 1068 2666; x_wconf 89' lang='lat' dir='ltr'>tuam</span> <span class='ocrx_word' id='word_1_124' title='bbox 1131 2623 1266 2666; x_wconf 90' lang='lat' dir='ltr'>non</span> <span class='ocrx_word' id='word_1_125' title='bbox 1343 2604 1661 2667; x_wconf 89' lang='lat' dir='ltr'>abscondi</span> <span class='ocrx_word' id='word_1_126' title='bbox 1725 2606 1792 2666; x_wconf 89' lang='lat' dir='ltr'>in</span> 
     </span>
     <span class='ocr_line' id='line_1_27' title="bbox 590 2691 1797 2756; baseline 0.001 -2"><span class='ocrx_word' id='word_1_127' title='bbox 590 2691 795 2754; x_wconf 93' lang='lat' dir='ltr'>corde</span> <span class='ocrx_word' id='word_1_128' title='bbox 840 2711 1030 2754; x_wconf 90' lang='lat' dir='ltr'>meo:</span> <span class='ocrx_word' id='word_1_129' title='bbox 1090 2693 1437 2755; x_wconf 90' lang='lat' dir='ltr'>veritatem</span> <span class='ocrx_word' id='word_1_130' title='bbox 1488 2701 1673 2756; x_wconf 90' lang='lat' dir='ltr'>tuam</span> <span class='ocrx_word' id='word_1_131' title='bbox 1726 2702 1797 2756; x_wconf 91' lang='lat' dir='ltr'>et</span> 
     </span>
     <span class='ocr_line' id='line_1_28' title="bbox 590 2779 1796 2846; baseline 0.004 -5"><span class='ocrx_word' id='word_1_132' title='bbox 590 2779 881 2842; x_wconf 85' lang='lat' dir='ltr'>salutare</span> <span class='ocrx_word' id='word_1_133' title='bbox 940 2789 1127 2843; x_wconf 90' lang='lat' dir='ltr'>tuum</span> <span class='ocrx_word' id='word_1_134' title='bbox 1192 2781 1354 2844; x_wconf 87' lang='lat' dir='ltr'>dixi.</span> <span class='ocrx_word' id='word_1_135' title='bbox 1446 2782 1611 2845; x_wconf 90' lang='lat' dir='ltr'>Non</span> <span class='ocrx_word' id='word_1_136' title='bbox 1673 2783 1796 2846; x_wconf 92' lang='lat' dir='ltr'>ab-</span> 
     </span>
     <span class='ocr_line' id='line_1_29' title="bbox 590 2868 1796 2934; baseline 0.003 -5"><span class='ocrx_word' id='word_1_137' title='bbox 590 2868 821 2930; x_wconf 84' lang='lat' dir='ltr'>scondi</span> <span class='ocrx_word' id='word_1_138' title='bbox 898 2869 1415 2932; x_wconf 87' lang='lat' dir='ltr'>misericordiam</span> <span class='ocrx_word' id='word_1_139' title='bbox 1477 2879 1663 2932; x_wconf 89' lang='lat' dir='ltr'>tuam</span> <span class='ocrx_word' id='word_1_140' title='bbox 1727 2879 1796 2934; x_wconf 92' lang='lat' dir='ltr'>et</span> 
     </span>
     <span class='ocr_line' id='line_1_30' title="bbox 588 2955 1794 3022; baseline 0.002 -4"><span class='ocrx_word' id='word_1_141' title='bbox 588 2955 936 3018; x_wconf 90' lang='lat' dir='ltr'>veritatem</span> <span class='ocrx_word' id='word_1_142' title='bbox 970 2965 1194 3020; x_wconf 89' lang='lat' dir='ltr'>tuam:</span> <span class='ocrx_word' id='word_1_143' title='bbox 1242 2979 1283 3020; x_wconf 97' lang='lat' dir='ltr'>a</span> <span class='ocrx_word' id='word_1_144' title='bbox 1320 2958 1594 3022; x_wconf 90' lang='lat' dir='ltr'>consilio</span> <span class='ocrx_word' id='word_1_145' title='bbox 1626 2959 1794 3021; x_wconf 91' lang='lat' dir='ltr'>mul-</span> 
     </span>
     <span class='ocr_line' id='line_1_31' title="bbox 589 3043 1794 3130; baseline 0.003 -24"><span class='ocrx_word' id='word_1_146' title='bbox 589 3052 679 3107; x_wconf 80' lang='lat' dir='ltr'>to,</span> <span class='ocrx_word' id='word_1_147' title='bbox 756 3043 855 3107; x_wconf 85' lang='lat' dir='ltr'>Tu</span> <span class='ocrx_word' id='word_1_148' title='bbox 890 3054 1112 3108; x_wconf 90' lang='lat' dir='ltr'>autem</span> <span class='ocrx_word' id='word_1_149' title='bbox 1147 3045 1418 3110; x_wconf 87' lang='lat' dir='ltr'>domine</span> <span class='ocrx_word' id='word_1_150' title='bbox 1464 3067 1549 3109; x_wconf 93' lang='lat' dir='ltr'>ne</span> <span class='ocrx_word' id='word_1_151' title='bbox 1596 3047 1794 3130; x_wconf 88' lang='lat' dir='ltr'>longe</span> 
     </span>
    </p>
   </div>
   <div class='ocr_carea' id='block_1_4' title="bbox 477 3131 1792 3199">
    <p class='ocr_par' dir='ltr' id='par_1_4' title="bbox 477 3131 1792 3199">
     <span class='ocr_line' id='line_1_32' title="bbox 477 3131 1792 3199; baseline 0.002 -3"><span class='ocrx_word' id='word_1_152' title='bbox 477 3191 483 3196; x_wconf 93' lang='lat'>.</span> <span class='ocrx_word' id='word_1_153' title='bbox 590 3131 794 3195; x_wconf 87' lang='lat' dir='ltr'>facias</span> <span class='ocrx_word' id='word_1_154' title='bbox 845 3134 1301 3197; x_wconf 88' lang='lat' dir='ltr'>miserationes</span> <span class='ocrx_word' id='word_1_155' title='bbox 1345 3145 1495 3198; x_wconf 89' lang='lat' dir='ltr'>tuas</span> <span class='ocrx_word' id='word_1_156' title='bbox 1548 3155 1589 3198; x_wconf 92' lang='lat' dir='ltr'>a</span> <span class='ocrx_word' id='word_1_157' title='bbox 1644 3156 1792 3199; x_wconf 91' lang='lat' dir='ltr'>me:</span> 
     </span>
    </p>
   </div>
   <div class='ocr_carea' id='block_1_5' title="bbox 584 3221 1795 4353">
    <p class='ocr_par' dir='ltr' id='par_1_5' title="bbox 584 3221 1795 4353">
     <span class='ocr_line' id='line_1_33' title="bbox 594 3221 1794 3288; baseline 0.003 -5"><span class='ocrx_word' id='word_1_158' title='bbox 594 3221 1042 3285; x_wconf 87' lang='lat' dir='ltr'>misericordia</span> <span class='ocrx_word' id='word_1_159' title='bbox 1095 3232 1209 3286; x_wconf 91' lang='lat' dir='ltr'>tua</span> <span class='ocrx_word' id='word_1_160' title='bbox 1264 3232 1330 3287; x_wconf 90' lang='lat' dir='ltr'>et</span> <span class='ocrx_word' id='word_1_161' title='bbox 1382 3225 1625 3288; x_wconf 89' lang='lat' dir='ltr'>veritas</span> <span class='ocrx_word' id='word_1_162' title='bbox 1676 3233 1794 3287; x_wconf 90' lang='lat' dir='ltr'>tua</span> 
     </span>
     <span class='ocr_line' id='line_1_34' title="bbox 590 3313 1794 3393; baseline 0.004 -22"><span class='ocrx_word' id='word_1_163' title='bbox 590 3329 857 3392; x_wconf 86' lang='lat' dir='ltr'>semper</span> <span class='ocrx_word' id='word_1_164' title='bbox 907 3322 1339 3393; x_wconf 86' lang='lat' dir='ltr'>susceperunt</span> <span class='ocrx_word' id='word_1_165' title='bbox 1392 3333 1518 3376; x_wconf 92' lang='lat' dir='ltr'>me.</span> <span class='ocrx_word' id='word_1_166' title='bbox 1614 3313 1794 3391; x_wconf 82' lang='lat' dir='ltr'>Quo-</span> 
     </span>
     <span class='ocr_line' id='line_1_35' title="bbox 593 3399 1795 3465; baseline 0.003 -5"><span class='ocrx_word' id='word_1_167' title='bbox 593 3399 771 3461; x_wconf 88' lang='lat' dir='ltr'>niam</span> <span class='ocrx_word' id='word_1_168' title='bbox 820 3400 1372 3465; x_wconf 88' lang='lat' dir='ltr'>circundederunt</span> <span class='ocrx_word' id='word_1_169' title='bbox 1419 3422 1525 3464; x_wconf 91' lang='lat' dir='ltr'>me</span> <span class='ocrx_word' id='word_1_170' title='bbox 1568 3401 1795 3464; x_wconf 81' lang='lat' dir='ltr'>mala⁸</span> 
     </span>
     <span class='ocr_line' id='line_1_36' title="bbox 589 3501 1792 3570; baseline 0.002 -20"><span class='ocrx_word' id='word_1_171' title='bbox 589 3507 873 3570; x_wconf 90' lang='lat' dir='ltr'>quorum</span> <span class='ocrx_word' id='word_1_172' title='bbox 908 3509 1041 3552; x_wconf 90' lang='lat' dir='ltr'>non</span> <span class='ocrx_word' id='word_1_173' title='bbox 1073 3501 1175 3554; x_wconf 91' lang='lat' dir='ltr'>est</span> <span class='ocrx_word' id='word_1_174' title='bbox 1208 3510 1521 3554; x_wconf 89' lang='lat' dir='ltr'>numerus</span> <span class='ocrx_word' id='word_1_175' title='bbox 1548 3509 1563 3553; x_wconf 75' lang='lat' dir='ltr'>t</span> <span class='ocrx_word' id='word_1_176' title='bbox 1611 3509 1792 3554; x_wconf 91' lang='lat' dir='ltr'>com-</span> 
     </span>
     <span class='ocr_line' id='line_1_37' title="bbox 591 3577 1790 3661; baseline 0.003 -23"><span class='ocrx_word' id='word_1_177' title='bbox 591 3577 1079 3658; x_wconf 89' lang='lat' dir='ltr'>prehenderunt</span> <span class='ocrx_word' id='word_1_178' title='bbox 1096 3599 1202 3642; x_wconf 90' lang='lat' dir='ltr'>me</span> <span class='ocrx_word' id='word_1_179' title='bbox 1222 3580 1605 3661; x_wconf 86' lang='lat' dir='ltr'>iniquitates</span> <span class='ocrx_word' id='word_1_180' title='bbox 1625 3599 1790 3642; x_wconf 91' lang='lat' dir='ltr'>mee.</span> 
     </span>
     <span class='ocr_line' id='line_1_38' title="bbox 588 3666 1793 3749; baseline 0.002 -22"><span class='ocrx_word' id='word_1_181' title='bbox 588 3675 659 3727; x_wconf 88' lang='lat' dir='ltr'>et</span> <span class='ocrx_word' id='word_1_182' title='bbox 690 3685 824 3728; x_wconf 89' lang='lat' dir='ltr'>non</span> <span class='ocrx_word' id='word_1_183' title='bbox 857 3667 1043 3749; x_wconf 89' lang='lat' dir='ltr'>potui</span> <span class='ocrx_word' id='word_1_184' title='bbox 1076 3677 1153 3730; x_wconf 91' lang='lat' dir='ltr'>ut</span> <span class='ocrx_word' id='word_1_185' title='bbox 1182 3669 1488 3732; x_wconf 90' lang='lat' dir='ltr'>viderem.</span> <span class='ocrx_word' id='word_1_186' title='bbox 1550 3666 1793 3730; x_wconf 88' lang='lat' dir='ltr'>Multi-</span> 
     </span>
     <span class='ocr_line' id='line_1_39' title="bbox 588 3752 1792 3839; baseline 0.003 -25"><span class='ocrx_word' id='word_1_187' title='bbox 588 3752 833 3835; x_wconf 89' lang='lat' dir='ltr'>plicate</span> <span class='ocrx_word' id='word_1_188' title='bbox 878 3765 1033 3818; x_wconf 89' lang='lat' dir='ltr'>sunt</span> <span class='ocrx_word' id='word_1_189' title='bbox 1063 3775 1262 3838; x_wconf 88' lang='lat' dir='ltr'>super</span> <span class='ocrx_word' id='word_1_190' title='bbox 1290 3757 1566 3839; x_wconf 90' lang='lat' dir='ltr'>capillos</span> <span class='ocrx_word' id='word_1_191' title='bbox 1608 3757 1792 3839; x_wconf 89' lang='lat' dir='ltr'>capi-</span> 
     </span>
     <span class='ocr_line' id='line_1_40' title="bbox 588 3843 1791 3926; baseline 0.003 -22"><span class='ocrx_word' id='word_1_192' title='bbox 588 3843 674 3905; x_wconf 90' lang='lat' dir='ltr'>tis</span> <span class='ocrx_word' id='word_1_193' title='bbox 722 3845 892 3909; x_wconf 91' lang='lat' dir='ltr'>mei:</span> <span class='ocrx_word' id='word_1_194' title='bbox 940 3852 1007 3907; x_wconf 91' lang='lat' dir='ltr'>et</span> <span class='ocrx_word' id='word_1_195' title='bbox 1038 3865 1153 3909; x_wconf 93' lang='lat' dir='ltr'>cor</span> <span class='ocrx_word' id='word_1_196' title='bbox 1186 3865 1407 3908; x_wconf 89' lang='lat' dir='ltr'>meum</span> <span class='ocrx_word' id='word_1_197' title='bbox 1441 3845 1791 3926; x_wconf 89' lang='lat' dir='ltr'>dereliquit</span> 
     </span>
     <span class='ocr_line' id='line_1_41' title="bbox 588 3931 1792 4016; baseline 0.002 -22"><span class='ocrx_word' id='word_1_198' title='bbox 588 3950 712 3995; x_wconf 90' lang='lat' dir='ltr'>me.</span> <span class='ocrx_word' id='word_1_199' title='bbox 798 3931 1225 4016; x_wconf 87' lang='lat' dir='ltr'>Complaceat</span> <span class='ocrx_word' id='word_1_200' title='bbox 1261 3935 1381 3997; x_wconf 93' lang='lat' dir='ltr'>tibi</span> <span class='ocrx_word' id='word_1_201' title='bbox 1413 3934 1683 3997; x_wconf 90' lang='lat' dir='ltr'>domine</span> <span class='ocrx_word' id='word_1_202' title='bbox 1717 3943 1792 3996; x_wconf 91' lang='lat' dir='ltr'>ut</span> 
     </span>
     <span class='ocr_line' id='line_1_42' title="bbox 586 4023 1792 4103; baseline 0 -19"><span class='ocrx_word' id='word_1_203' title='bbox 586 4039 779 4084; x_wconf 88' lang='lat' dir='ltr'>eruas</span> <span class='ocrx_word' id='word_1_204' title='bbox 816 4041 967 4085; x_wconf 89' lang='lat' dir='ltr'>me:</span> <span class='ocrx_word' id='word_1_205' title='bbox 1015 4023 1286 4086; x_wconf 91' lang='lat' dir='ltr'>domine</span> <span class='ocrx_word' id='word_1_206' title='bbox 1334 4023 1417 4086; x_wconf 91' lang='lat' dir='ltr'>ad</span> <span class='ocrx_word' id='word_1_207' title='bbox 1466 4023 1792 4103; x_wconf 89' lang='lat' dir='ltr'>adjuvan-</span> 
     </span>
     <span class='ocr_line' id='line_1_43' title="bbox 588 4107 1792 4198; baseline 0.003 -28"><span class='ocrx_word' id='word_1_208' title='bbox 588 4107 749 4170; x_wconf 93' lang='lat' dir='ltr'>dum</span> <span class='ocrx_word' id='word_1_209' title='bbox 784 4129 893 4198; x_wconf 82' lang='lat' dir='ltr'>me</span> <span class='ocrx_word' id='word_1_210' title='bbox 938 4111 1203 4194; x_wconf 90' lang='lat' dir='ltr'>respice.</span> <span class='ocrx_word' id='word_1_211' title='bbox 1286 4109 1792 4177; x_wconf 82' lang='lat' dir='ltr'>Confundantur</span> 
     </span>
     <span class='ocr_line' id='line_1_44' title="bbox 584 4200 1790 4284; baseline 0.005 -26"><span class='ocrx_word' id='word_1_212' title='bbox 584 4204 655 4259; x_wconf 91' lang='lat' dir='ltr'>et</span> <span class='ocrx_word' id='word_1_213' title='bbox 709 4209 1129 4263; x_wconf 87' lang='lat' dir='ltr'>revereantur</span> <span class='ocrx_word' id='word_1_214' title='bbox 1179 4200 1418 4264; x_wconf 89' lang='lat' dir='ltr'>simul:</span> <span class='ocrx_word' id='word_1_215' title='bbox 1466 4201 1579 4284; x_wconf 92' lang='lat' dir='ltr'>qui</span> <span class='ocrx_word' id='word_1_216' title='bbox 1629 4219 1790 4282; x_wconf 91' lang='lat' dir='ltr'>que-</span> 
     </span>
     <span class='ocr_line' id='line_1_45' title="bbox 586 4288 1790 4353; baseline 0.003 -5"><span class='ocrx_word' id='word_1_217' title='bbox 586 4295 742 4349; x_wconf 87' lang='lat' dir='ltr'>runt</span> <span class='ocrx_word' id='word_1_218' title='bbox 786 4288 1080 4351; x_wconf 91' lang='lat' dir='ltr'>animam</span> <span class='ocrx_word' id='word_1_219' title='bbox 1129 4309 1349 4353; x_wconf 91' lang='lat' dir='ltr'>meam</span> <span class='ocrx_word' id='word_1_220' title='bbox 1384 4299 1459 4352; x_wconf 88' lang='lat' dir='ltr'>ut</span> <span class='ocrx_word' id='word_1_221' title='bbox 1489 4288 1790 4353; x_wconf 88' lang='lat' dir='ltr'>auferant</span> 
     </span>
    </p>
   </div>
   <div class='ocr_carea' id='block_1_6' title="bbox 818 4449 1338 4632">
    <p class='ocr_par' dir='ltr' id='par_1_6' title="bbox 818 4449 1338 4632">
     <span class='ocr_line' id='line_1_46' title="bbox 820 4449 1318 4502; baseline 0.002 -4"><span class='ocrx_word' id='word_1_222' title='bbox 820 4449 833 4480; x_wconf 86' lang='lat'>¹</span> <span class='ocrx_word' id='word_1_223' title='bbox 872 4449 997 4498; x_wconf 85' lang='lat' dir='ltr'>tibi:</span> <span class='ocrx_word' id='word_1_224' title='bbox 1034 4449 1318 4502; x_wconf 86' lang='lat' dir='ltr'>E.G.W.S.</span> 
     </span>
     <span class='ocr_line' id='line_1_47' title="bbox 818 4516 1338 4580; baseline 0.01 -17"><span class='ocrx_word' id='word_1_225' title='bbox 818 4517 838 4545; x_wconf 78' lang='lat'>²</span> <span class='ocrx_word' id='word_1_226' title='bbox 870 4516 1209 4580; x_wconf 82' lang='lat' dir='ltr'>multiplicasti</span> <span class='ocrx_word' id='word_1_227' title='bbox 1238 4537 1249 4568; x_wconf 71' lang='grc' dir='ltr'><strong><em>ε</em></strong></span> <span class='ocrx_word' id='word_1_228' title='bbox 1288 4517 1338 4568; x_wconf 91' lang='lat' dir='ltr'>S.</span> 
     </span>
     <span class='ocr_line' id='line_1_48' title="bbox 820 4582 1127 4632; baseline -0.003 -1"><span class='ocrx_word' id='word_1_229' title='bbox 820 4583 839 4612; x_wconf 85' lang='lat'><strong>¹</strong></span> <span class='ocrx_word' id='word_1_230' title='bbox 874 4582 1052 4632; x_wconf 78' lang='lat' dir='ltr'>maiia:</span> <span class='ocrx_word' id='word_1_231' title='bbox 1080 4583 1127 4632; x_wconf 88' lang='lat' dir='ltr'>S.</span> 
     </span>
    </p>
   </div>
   <div class='ocr_carea' id='block_1_7' title="bbox 2419 457 2558 511">
    <p class='ocr_par' dir='ltr' id='par_1_7' title="bbox 2419 457 2558 511">
     <span class='ocr_line' id='line_1_49' title="bbox 2419 457 2558 511; baseline 0.014 -2"><span class='ocrx_word' id='word_1_232' title='bbox 2419 457 2558 511; x_wconf 86' lang='lat'>778</span> 
     </span>
    </p>
   </div>
   <div class='ocr_carea' id='block_1_8' title="bbox 1886 564 3160 4369">
    <p class='ocr_par' dir='ltr' id='par_1_8' title="bbox 1886 564 3160 4369">
     <span class='ocr_line' id='line_1_50' title="bbox 1886 564 3160 630; baseline -0.002 -3"><span class='ocrx_word' id='word_1_233' title='bbox 1886 585 2054 629; x_wconf 90' lang='lat' dir='ltr'>eam.</span> <span class='ocrx_word' id='word_1_234' title='bbox 2118 564 2604 630; x_wconf 86' lang='lat' dir='ltr'>Convertantur</span> <span class='ocrx_word' id='word_1_235' title='bbox 2637 571 3048 625; x_wconf 84' lang='lat' dir='ltr'>retrorsum</span> <span class='ocrx_word' id='word_1_236' title='bbox 3091 573 3160 625; x_wconf 88' lang='lat' dir='ltr'>et</span> 
     </span>
     <span class='ocr_line' id='line_1_51' title="bbox 1886 652 3158 735; baseline -0.003 -18"><span class='ocrx_word' id='word_1_237' title='bbox 1886 662 2346 717; x_wconf 89' lang='lat' dir='ltr'>revereantur:</span> <span class='ocrx_word' id='word_1_238' title='bbox 2422 653 2537 735; x_wconf 90' lang='lat' dir='ltr'>qui</span> <span class='ocrx_word' id='word_1_239' title='bbox 2623 652 2884 715; x_wconf 90' lang='lat' dir='ltr'>volunt</span> <span class='ocrx_word' id='word_1_240' title='bbox 2971 654 3158 714; x_wconf 87' lang='lat' dir='ltr'>mihi</span> 
     </span>
     <span class='ocr_line' id='line_1_52' title="bbox 1889 739 3156 806; baseline -0.002 0"><span class='ocrx_word' id='word_1_241' title='bbox 1889 742 2084 805; x_wconf 90' lang='lat' dir='ltr'>mala.</span> <span class='ocrx_word' id='word_1_242' title='bbox 2171 744 2424 806; x_wconf 84' lang='lat' dir='ltr'>Ferant</span> <span class='ocrx_word' id='word_1_243' title='bbox 2469 739 2833 805; x_wconf 87' lang='lat' dir='ltr'>confestim</span> <span class='ocrx_word' id='word_1_244' title='bbox 2893 741 3156 803; x_wconf 84' lang='lat' dir='ltr'>confu-</span> 
     </span>
     <span class='ocr_line' id='line_1_53' title="bbox 1889 829 3152 911; baseline -0.002 -17"><span class='ocrx_word' id='word_1_245' title='bbox 1889 830 2144 895; x_wconf 89' lang='lat' dir='ltr'>sionem</span> <span class='ocrx_word' id='word_1_246' title='bbox 2194 850 2431 893; x_wconf 88' lang='lat' dir='ltr'>suam:</span> <span class='ocrx_word' id='word_1_247' title='bbox 2482 830 2595 911; x_wconf 93' lang='lat' dir='ltr'>qui</span> <span class='ocrx_word' id='word_1_248' title='bbox 2650 829 2912 891; x_wconf 88' lang='lat' dir='ltr'>dicunt</span> <span class='ocrx_word' id='word_1_249' title='bbox 2967 832 3152 891; x_wconf 82' lang='lat' dir='ltr'>mihi</span> 
     </span>
     <span class='ocr_line' id='line_1_54' title="bbox 1889 918 3154 1001; baseline -0.002 -19"><span class='ocrx_word' id='word_1_250' title='bbox 1889 938 2060 1001; x_wconf 87' lang='lat' dir='ltr'>euge</span> <span class='ocrx_word' id='word_1_251' title='bbox 2092 940 2276 1001; x_wconf 90' lang='lat' dir='ltr'>euge.</span> <span class='ocrx_word' id='word_1_252' title='bbox 2344 919 2682 981; x_wconf 86' lang='lat' dir='ltr'>Exulteut</span> <span class='ocrx_word' id='word_1_253' title='bbox 2709 927 2780 979; x_wconf 95' lang='lat' dir='ltr'>et</span> <span class='ocrx_word' id='word_1_254' title='bbox 2821 918 3154 981; x_wconf 87' lang='lat' dir='ltr'>letentur</span> 
     </span>
     <span class='ocr_line' id='line_1_55' title="bbox 1890 1016 3149 1090; baseline -0.002 -19"><span class='ocrx_word' id='word_1_255' title='bbox 1890 1028 2090 1090; x_wconf 89' lang='lat' dir='ltr'>super</span> <span class='ocrx_word' id='word_1_256' title='bbox 2145 1018 2214 1071; x_wconf 90' lang='lat' dir='ltr'>te</span> <span class='ocrx_word' id='word_1_257' title='bbox 2275 1026 2508 1070; x_wconf 89' lang='lat' dir='ltr'>omnes</span> <span class='ocrx_word' id='word_1_258' title='bbox 2569 1018 2946 1088; x_wconf 87' lang='lat' dir='ltr'>querentes</span> <span class='ocrx_word' id='word_1_259' title='bbox 3029 1016 3149 1069; x_wconf 87' lang='lat' dir='ltr'>te:</span> 
     </span>
     <span class='ocr_line' id='line_1_56' title="bbox 1889 1094 3148 1179; baseline -0.002 -20"><span class='ocrx_word' id='word_1_260' title='bbox 1889 1108 1958 1159; x_wconf 92' lang='lat' dir='ltr'>et</span> <span class='ocrx_word' id='word_1_261' title='bbox 2015 1097 2242 1160; x_wconf 91' lang='lat' dir='ltr'>dicant</span> <span class='ocrx_word' id='word_1_262' title='bbox 2306 1115 2571 1179; x_wconf 87' lang='lat' dir='ltr'>semper</span> <span class='ocrx_word' id='word_1_263' title='bbox 2635 1094 3148 1175; x_wconf 87' lang='lat' dir='ltr'>magnificetur</span> 
     </span>
     <span class='ocr_line' id='line_1_57' title="bbox 1889 1182 3146 1265; baseline -0.001 -18"><span class='ocrx_word' id='word_1_264' title='bbox 1889 1186 2204 1248; x_wconf 89' lang='lat' dir='ltr'>dominus</span> <span class='ocrx_word' id='word_1_265' title='bbox 2279 1186 2393 1265; x_wconf 89' lang='lat' dir='ltr'>qui</span> <span class='ocrx_word' id='word_1_266' title='bbox 2455 1182 2746 1264; x_wconf 88' lang='lat' dir='ltr'>diligunt</span> <span class='ocrx_word' id='word_1_267' title='bbox 2809 1184 3146 1246; x_wconf 85' lang='lat' dir='ltr'>salutare</span> 
     </span>
     <span class='ocr_line' id='line_1_58' title="bbox 1891 1274 3140 1355; baseline -0.003 -18"><span class='ocrx_word' id='word_1_268' title='bbox 1891 1284 2098 1337; x_wconf 90' lang='lat' dir='ltr'>tuum.</span> <span class='ocrx_word' id='word_1_269' title='bbox 2208 1274 2364 1355; x_wconf 86' lang='lat' dir='ltr'>Ego</span> <span class='ocrx_word' id='word_1_270' title='bbox 2442 1284 2666 1335; x_wconf 90' lang='lat' dir='ltr'>autem</span> <span class='ocrx_word' id='word_1_271' title='bbox 2752 1274 3140 1335; x_wconf 83' lang='lat' dir='ltr'>mendicus</span> 
     </span>
     <span class='ocr_line' id='line_1_59' title="bbox 1890 1361 3138 1444; baseline -0.002 -20"><span class='ocrx_word' id='word_1_272' title='bbox 1890 1382 2039 1425; x_wconf 92' lang='lat' dir='ltr'>sum</span> <span class='ocrx_word' id='word_1_273' title='bbox 2089 1370 2157 1425; x_wconf 89' lang='lat' dir='ltr'>et</span> <span class='ocrx_word' id='word_1_274' title='bbox 2203 1380 2498 1444; x_wconf 87' lang='lat' dir='ltr'>pauper:</span> <span class='ocrx_word' id='word_1_275' title='bbox 2550 1361 2876 1423; x_wconf 89' lang='lat' dir='ltr'>dominus</span> <span class='ocrx_word' id='word_1_276' title='bbox 2929 1361 3138 1423; x_wconf 86' lang='lat' dir='ltr'>solli-</span> 
     </span>
     <span class='ocr_line' id='line_1_60' title="bbox 1891 1449 3136 1529; baseline -0.002 -16"><span class='ocrx_word' id='word_1_277' title='bbox 1891 1452 2060 1514; x_wconf 90' lang='lat' dir='ltr'>citus</span> <span class='ocrx_word' id='word_1_278' title='bbox 2105 1461 2208 1514; x_wconf 91' lang='lat' dir='ltr'>est</span> <span class='ocrx_word' id='word_1_279' title='bbox 2255 1450 2402 1513; x_wconf 88' lang='lat' dir='ltr'>mei.</span> <span class='ocrx_word' id='word_1_280' title='bbox 2478 1449 2780 1529; x_wconf 84' lang='lat' dir='ltr'>Adjutor</span> <span class='ocrx_word' id='word_1_281' title='bbox 2811 1470 3028 1511; x_wconf 84' lang='lat' dir='ltr'>meus</span> <span class='ocrx_word' id='word_1_282' title='bbox 3061 1462 3136 1512; x_wconf 86' lang='lat' dir='ltr'>et</span> 
     </span>
     <span class='ocr_line' id='line_1_61' title="bbox 1891 1538 3134 1621; baseline -0.002 -20"><span class='ocrx_word' id='word_1_283' title='bbox 1891 1548 2228 1621; x_wconf 90' lang='lat' dir='ltr'>protector</span> <span class='ocrx_word' id='word_1_284' title='bbox 2251 1559 2438 1601; x_wconf 90' lang='lat' dir='ltr'>meus</span> <span class='ocrx_word' id='word_1_285' title='bbox 2463 1548 2535 1600; x_wconf 89' lang='lat' dir='ltr'>tu</span> <span class='ocrx_word' id='word_1_286' title='bbox 2561 1558 2634 1601; x_wconf 89' lang='lat' dir='ltr'>es</span> <span class='ocrx_word' id='word_1_287' title='bbox 2659 1559 2672 1599; x_wconf 92' lang='lat'>:</span> <span class='ocrx_word' id='word_1_288' title='bbox 2717 1538 2896 1599; x_wconf 89' lang='lat' dir='ltr'>deus</span> <span class='ocrx_word' id='word_1_289' title='bbox 2923 1559 3134 1600; x_wconf 84' lang='lat' dir='ltr'>meus</span> 
     </span>
     <span class='ocr_line' id='line_1_62' title="bbox 1891 1626 3132 1691; baseline 0 -1"><span class='ocrx_word' id='word_1_290' title='bbox 1891 1648 1976 1690; x_wconf 91' lang='lat' dir='ltr'>ne</span> <span class='ocrx_word' id='word_1_291' title='bbox 2007 1628 2415 1691; x_wconf 75' lang='lat' dir='ltr'>tardaveris,⁴</span> <span class='ocrx_word' id='word_1_292' title='bbox 2477 1628 2613 1689; x_wconf 63' lang='lat' dir='ltr'>Aa.</span> <span class='ocrx_word' id='word_1_293' title='bbox 2665 1626 2762 1691; x_wconf 92' lang='lat' dir='ltr'>Ut</span> <span class='ocrx_word' id='word_1_294' title='bbox 2800 1646 2945 1688; x_wconf 90' lang='lat' dir='ltr'>non</span> <span class='ocrx_word' id='word_1_295' title='bbox 3005 1628 3132 1690; x_wconf 89' lang='lat' dir='ltr'>de·</span> 
     </span>
     <span class='ocr_line' id='line_1_63' title="bbox 1893 1715 3128 1797; baseline -0.001 -19"><span class='ocrx_word' id='word_1_296' title='bbox 1893 1716 2190 1797; x_wconf 89' lang='lat' dir='ltr'>linquam</span> <span class='ocrx_word' id='word_1_297' title='bbox 2211 1718 2276 1779; x_wconf 90' lang='lat' dir='ltr'>in</span> <span class='ocrx_word' id='word_1_298' title='bbox 2291 1716 2518 1797; x_wconf 88' lang='lat' dir='ltr'>lingua</span> <span class='ocrx_word' id='word_1_299' title='bbox 2537 1734 2704 1777; x_wconf 91' lang='lat' dir='ltr'>mea.</span> <span class='ocrx_word' id='word_1_300' title='bbox 2740 1715 3128 1778; x_wconf 76' lang='lat' dir='ltr'>Psalmus.⁵</span> 
     </span>
     <span class='ocr_line' id='line_1_64' title="bbox 1891 1803 3126 1937; baseline -0.002 -69"><span class='ocrx_word' id='word_1_301' title='bbox 1891 1808 2224 1937; x_wconf 77' lang='lat' dir='ltr'>Beatus</span> <span class='ocrx_word' id='word_1_302' title='bbox 2249 1806 2360 1887; x_wconf 91' lang='lat' dir='ltr'>qui</span> <span class='ocrx_word' id='word_1_303' title='bbox 2387 1803 2697 1885; x_wconf 89' lang='lat' dir='ltr'>intelligit</span> <span class='ocrx_word' id='word_1_304' title='bbox 2725 1824 2936 1885; x_wconf 89' lang='lat' dir='ltr'>super</span> <span class='ocrx_word' id='word_1_305' title='bbox 2955 1825 3126 1885; x_wconf 87' lang='lat' dir='ltr'>ege-</span> 
     </span>
     <span class='ocr_line' id='line_1_65' title="bbox 2039 1893 3122 1974; baseline 0 -19"><span class='ocrx_word' id='word_1_306' title='bbox 2039 1914 2196 1956; x_wconf 89' lang='lat' dir='ltr'>num</span> <span class='ocrx_word' id='word_1_307' title='bbox 2261 1904 2328 1956; x_wconf 91' lang='lat' dir='ltr'>et</span> <span class='ocrx_word' id='word_1_308' title='bbox 2390 1911 2792 1974; x_wconf 88' lang='lat' dir='ltr'>pauperem:</span> <span class='ocrx_word' id='word_1_309' title='bbox 2863 1893 2938 1954; x_wconf 89' lang='lat' dir='ltr'>in</span> <span class='ocrx_word' id='word_1_310' title='bbox 3007 1895 3122 1955; x_wconf 90' lang='lat' dir='ltr'>die</span> 
     </span>
     <span class='ocr_line' id='line_1_66' title="bbox 1894 1981 3120 2045; baseline 0 -2"><span class='ocrx_word' id='word_1_311' title='bbox 1894 1981 2070 2044; x_wconf 90' lang='lat' dir='ltr'>mala</span> <span class='ocrx_word' id='word_1_312' title='bbox 2149 1982 2455 2045; x_wconf 89' lang='lat' dir='ltr'>liberabit</span> <span class='ocrx_word' id='word_1_313' title='bbox 2531 2000 2685 2043; x_wconf 90' lang='lat' dir='ltr'>eum</span> <span class='ocrx_word' id='word_1_314' title='bbox 2763 1982 3120 2043; x_wconf 83' lang='lat' dir='ltr'>dominus,</span> 
     </span>
     <span class='ocr_line' id='line_1_67' title="bbox 1891 2070 3120 2134; baseline -0.002 -1"><span class='ocrx_word' id='word_1_315' title='bbox 1891 2070 2228 2133; x_wconf 88' lang='lat' dir='ltr'>Dominus</span> <span class='ocrx_word' id='word_1_316' title='bbox 2278 2077 2624 2134; x_wconf 90' lang='lat' dir='ltr'>conservet</span> <span class='ocrx_word' id='word_1_317' title='bbox 2677 2088 2831 2131; x_wconf 92' lang='lat' dir='ltr'>eum</span> <span class='ocrx_word' id='word_1_318' title='bbox 2893 2082 2966 2132; x_wconf 86' lang='lat' dir='ltr'>et</span> <span class='ocrx_word' id='word_1_319' title='bbox 3019 2072 3120 2131; x_wconf 81' lang='lat' dir='ltr'>vi-</span> 
     </span>
     <span class='ocr_line' id='line_1_68' title="bbox 1890 2158 3116 2224; baseline -0.002 0"><span class='ocrx_word' id='word_1_320' title='bbox 1890 2158 2111 2224; x_wconf 88' lang='lat' dir='ltr'>vificet</span> <span class='ocrx_word' id='word_1_321' title='bbox 2169 2178 2368 2222; x_wconf 88' lang='lat' dir='ltr'>eum:</span> <span class='ocrx_word' id='word_1_322' title='bbox 2429 2168 2499 2222; x_wconf 92' lang='lat' dir='ltr'>et</span> <span class='ocrx_word' id='word_1_323' title='bbox 2557 2158 2831 2220; x_wconf 90' lang='lat' dir='ltr'>beatum</span> <span class='ocrx_word' id='word_1_324' title='bbox 2903 2158 3116 2221; x_wconf 85' lang='lat' dir='ltr'>saciat</span> 
     </span>
     <span class='ocr_line' id='line_1_69' title="bbox 1893 2246 3114 2311; baseline 0 -2"><span class='ocrx_word' id='word_1_325' title='bbox 1893 2266 2046 2310; x_wconf 89' lang='lat' dir='ltr'>eum</span> <span class='ocrx_word' id='word_1_326' title='bbox 2079 2249 2147 2310; x_wconf 88' lang='lat' dir='ltr'>in</span> <span class='ocrx_word' id='word_1_327' title='bbox 2180 2258 2384 2311; x_wconf 89' lang='lat' dir='ltr'>terra:</span> <span class='ocrx_word' id='word_1_328' title='bbox 2431 2255 2497 2309; x_wconf 88' lang='lat' dir='ltr'>et</span> <span class='ocrx_word' id='word_1_329' title='bbox 2530 2266 2664 2309; x_wconf 90' lang='lat' dir='ltr'>non</span> <span class='ocrx_word' id='word_1_330' title='bbox 2697 2246 2930 2309; x_wconf 89' lang='lat' dir='ltr'>tradat</span> <span class='ocrx_word' id='word_1_331' title='bbox 2949 2267 3114 2309; x_wconf 89' lang='lat' dir='ltr'>eum</span> 
     </span>
     <span class='ocr_line' id='line_1_70' title="bbox 1893 2336 3114 2415; baseline 0.001 -17"><span class='ocrx_word' id='word_1_332' title='bbox 1893 2337 1960 2398; x_wconf 91' lang='lat' dir='ltr'>in</span> <span class='ocrx_word' id='word_1_333' title='bbox 1983 2336 2709 2399; x_wconf 79' lang='lat' dir='ltr'>manum⁶inimicorum</span> <span class='ocrx_word' id='word_1_334' title='bbox 2735 2336 2794 2415; x_wconf 90' lang='lat' dir='ltr'>ej</span> <span class='ocrx_word' id='word_1_335' title='bbox 2807 2356 2904 2397; x_wconf 84' lang='lat' dir='ltr'>us,</span> <span class='ocrx_word' id='word_1_336' title='bbox 2959 2336 3114 2399; x_wconf 88' lang='lat' dir='ltr'>Do-</span> 
     </span>
     <span class='ocr_line' id='line_1_71' title="bbox 1893 2423 3112 2506; baseline 0.001 -20"><span class='ocrx_word' id='word_1_337' title='bbox 1893 2426 2111 2487; x_wconf 90' lang='lat' dir='ltr'>minus</span> <span class='ocrx_word' id='word_1_338' title='bbox 2157 2445 2356 2506; x_wconf 89' lang='lat' dir='ltr'>opem</span> <span class='ocrx_word' id='word_1_339' title='bbox 2387 2423 2554 2488; x_wconf 87' lang='lat' dir='ltr'>serat</span> <span class='ocrx_word' id='word_1_340' title='bbox 2598 2423 2692 2486; x_wconf 88' lang='lat' dir='ltr'>illi</span> <span class='ocrx_word' id='word_1_341' title='bbox 2739 2444 2947 2505; x_wconf 88' lang='lat' dir='ltr'>super</span> <span class='ocrx_word' id='word_1_342' title='bbox 2977 2424 3112 2487; x_wconf 90' lang='lat' dir='ltr'>lec-</span> 
     </span>
     <span class='ocr_line' id='line_1_72' title="bbox 1893 2512 3108 2595; baseline 0 -19"><span class='ocrx_word' id='word_1_343' title='bbox 1893 2522 2038 2576; x_wconf 90' lang='lat' dir='ltr'>tum</span> <span class='ocrx_word' id='word_1_344' title='bbox 2115 2512 2360 2578; x_wconf 88' lang='lat' dir='ltr'>doloris</span> <span class='ocrx_word' id='word_1_345' title='bbox 2427 2513 2618 2595; x_wconf 84' lang='lat' dir='ltr'>ejus:</span> <span class='ocrx_word' id='word_1_346' title='bbox 2714 2514 3108 2576; x_wconf 89' lang='lat' dir='ltr'>universum</span> 
     </span>
     <span class='ocr_line' id='line_1_73' title="bbox 1893 2601 3110 2685; baseline -0.002 -19"><span class='ocrx_word' id='word_1_347' title='bbox 1893 2611 2174 2666; x_wconf 91' lang='lat' dir='ltr'>stratum</span> <span class='ocrx_word' id='word_1_348' title='bbox 2212 2603 2356 2685; x_wconf 88' lang='lat' dir='ltr'>ejus</span> <span class='ocrx_word' id='word_1_349' title='bbox 2399 2601 2674 2665; x_wconf 89' lang='lat' dir='ltr'>versasti</span> <span class='ocrx_word' id='word_1_350' title='bbox 2723 2603 2789 2664; x_wconf 90' lang='lat' dir='ltr'>in</span> <span class='ocrx_word' id='word_1_351' title='bbox 2823 2601 3110 2664; x_wconf 87' lang='lat' dir='ltr'>infirmi-</span> 
     </span>
     <span class='ocr_line' id='line_1_74' title="bbox 1891 2691 3104 2774; baseline -0.001 -20"><span class='ocrx_word' id='word_1_352' title='bbox 1891 2701 2030 2754; x_wconf 88' lang='lat' dir='ltr'>tate</span> <span class='ocrx_word' id='word_1_353' title='bbox 2099 2691 2258 2772; x_wconf 83' lang='lat' dir='ltr'>ejuS.</span> <span class='ocrx_word' id='word_1_354' title='bbox 2367 2693 2528 2774; x_wconf 88' lang='lat' dir='ltr'>Ego</span> <span class='ocrx_word' id='word_1_355' title='bbox 2601 2691 2746 2753; x_wconf 85' lang='lat' dir='ltr'>dixi</span> <span class='ocrx_word' id='word_1_356' title='bbox 2823 2691 3104 2753; x_wconf 88' lang='lat' dir='ltr'>domine</span> 
     </span>
     <span class='ocr_line' id='line_1_75' title="bbox 1893 2780 3102 2844; baseline 0 -2"><span class='ocrx_word' id='word_1_357' title='bbox 1893 2781 2201 2843; x_wconf 87' lang='lat' dir='ltr'>miserere</span> <span class='ocrx_word' id='word_1_358' title='bbox 2283 2780 2466 2844; x_wconf 89' lang='lat' dir='ltr'>mei:</span> <span class='ocrx_word' id='word_1_359' title='bbox 2557 2798 2722 2842; x_wconf 88' lang='lat' dir='ltr'>sana</span> <span class='ocrx_word' id='word_1_360' title='bbox 2800 2781 3102 2842; x_wconf 89' lang='lat' dir='ltr'>animam</span> 
     </span>
     <span class='ocr_line' id='line_1_76' title="bbox 1893 2866 3101 2951; baseline -0.001 -20"><span class='ocrx_word' id='word_1_361' title='bbox 1893 2889 2112 2932; x_wconf 91' lang='lat' dir='ltr'>meam</span> <span class='ocrx_word' id='word_1_362' title='bbox 2145 2869 2302 2951; x_wconf 88' lang='lat' dir='ltr'>quia</span> <span class='ocrx_word' id='word_1_363' title='bbox 2331 2869 2600 2950; x_wconf 89' lang='lat' dir='ltr'>peccavi</span> <span class='ocrx_word' id='word_1_364' title='bbox 2631 2867 2772 2930; x_wconf 90' lang='lat' dir='ltr'>tibi.</span> <span class='ocrx_word' id='word_1_365' title='bbox 2828 2866 3101 2930; x_wconf 90' lang='lat' dir='ltr'>Inimici</span> 
     </span>
     <span class='ocr_line' id='line_1_77' title="bbox 1891 2955 3104 3038; baseline -0.001 -19"><span class='ocrx_word' id='word_1_366' title='bbox 1891 2957 2021 3021; x_wconf 89' lang='lat' dir='ltr'>mei</span> <span class='ocrx_word' id='word_1_367' title='bbox 2059 2958 2376 3020; x_wconf 87' lang='lat' dir='ltr'>dixerunt</span> <span class='ocrx_word' id='word_1_368' title='bbox 2407 2957 2582 3020; x_wconf 89' lang='lat' dir='ltr'>mala</span> <span class='ocrx_word' id='word_1_369' title='bbox 2629 2955 2792 3018; x_wconf 88' lang='lat' dir='ltr'>mihi</span> <span class='ocrx_word' id='word_1_370' title='bbox 2823 2978 2838 3018; x_wconf 89' lang='lat'>:</span> <span class='ocrx_word' id='word_1_371' title='bbox 2887 2976 3104 3038; x_wconf 84' lang='lat' dir='ltr'>quan-</span> 
     </span>
     <span class='ocr_line' id='line_1_78' title="bbox 1892 3045 3100 3127; baseline -0.001 -18"><span class='ocrx_word' id='word_1_372' title='bbox 1892 3046 1982 3109; x_wconf 93' lang='lat' dir='ltr'>do</span> <span class='ocrx_word' id='word_1_373' title='bbox 2045 3047 2378 3108; x_wconf 91' lang='lat' dir='ltr'>morietur·</span> <span class='ocrx_word' id='word_1_374' title='bbox 2417 3055 2486 3108; x_wconf 90' lang='lat' dir='ltr'>et</span> <span class='ocrx_word' id='word_1_375' title='bbox 2545 3045 2786 3127; x_wconf 88' lang='lat' dir='ltr'>peribit</span> <span class='ocrx_word' id='word_1_376' title='bbox 2847 3065 3100 3108; x_wconf 88' lang='lat' dir='ltr'>nomen</span> 
     </span>
     <span class='ocr_line' id='line_1_79' title="bbox 1891 3133 3098 3216; baseline -0.001 -19"><span class='ocrx_word' id='word_1_377' title='bbox 1891 3133 2057 3215; x_wconf 90' lang='lat' dir='ltr'>ejus.</span> <span class='ocrx_word' id='word_1_378' title='bbox 2170 3135 2271 3198; x_wconf 87' lang='lat' dir='ltr'>Et</span> <span class='ocrx_word' id='word_1_379' title='bbox 2333 3135 2388 3196; x_wconf 92' lang='lat' dir='ltr'>si</span> <span class='ocrx_word' id='word_1_380' title='bbox 2465 3133 2965 3216; x_wconf 86' lang='lat' dir='ltr'>ingrediebatur</span> <span class='ocrx_word' id='word_1_381' title='bbox 3025 3144 3098 3196; x_wconf 91' lang='lat' dir='ltr'>ut</span> 
     </span>
     <span class='ocr_line' id='line_1_80' title="bbox 1890 3221 3099 3304; baseline -0.002 -18"><span class='ocrx_word' id='word_1_382' title='bbox 1890 3223 2146 3286; x_wconf 91' lang='lat' dir='ltr'>videret</span> <span class='ocrx_word' id='word_1_383' title='bbox 2219 3243 2394 3287; x_wconf 90' lang='lat' dir='ltr'>vana</span> <span class='ocrx_word' id='word_1_384' title='bbox 2467 3221 2864 3304; x_wconf 86' lang='lat' dir='ltr'>loquebatur</span> <span class='ocrx_word' id='word_1_385' title='bbox 2890 3244 2910 3284; x_wconf 73' lang='grc' dir='ltr'>ε</span> <span class='ocrx_word' id='word_1_386' title='bbox 2985 3241 3099 3285; x_wconf 92' lang='lat' dir='ltr'>cor</span> 
     </span>
     <span class='ocr_line' id='line_1_81' title="bbox 1892 3311 3098 3394; baseline -0.002 -19"><span class='ocrx_word' id='word_1_387' title='bbox 1892 3311 2034 3392; x_wconf 88' lang='lat' dir='ltr'>ejus</span> <span class='ocrx_word' id='word_1_388' title='bbox 2082 3311 2510 3394; x_wconf 85' lang='lat' dir='ltr'>congregavit</span> <span class='ocrx_word' id='word_1_389' title='bbox 2555 3311 2978 3392; x_wconf 88' lang='lat' dir='ltr'>iniquitatem</span> <span class='ocrx_word' id='word_1_390' title='bbox 3013 3313 3098 3373; x_wconf 89' lang='lat' dir='ltr'>si-</span> 
     </span>
     <span class='ocr_line' id='line_1_82' title="bbox 1892 3397 3098 3483; baseline -0.002 -21"><span class='ocrx_word' id='word_1_391' title='bbox 1892 3401 1977 3465; x_wconf 88' lang='lat' dir='ltr'>bi.</span> <span class='ocrx_word' id='word_1_392' title='bbox 2068 3401 2558 3483; x_wconf 88' lang='lat' dir='ltr'>Egrediebatur</span> <span class='ocrx_word' id='word_1_393' title='bbox 2604 3397 2824 3460; x_wconf 88' lang='lat' dir='ltr'>foras:</span> <span class='ocrx_word' id='word_1_394' title='bbox 2877 3409 2949 3461; x_wconf 91' lang='lat' dir='ltr'>et</span> <span class='ocrx_word' id='word_1_395' title='bbox 2998 3399 3098 3461; x_wconf 92' lang='lat' dir='ltr'>lo-</span> 
     </span>
     <span class='ocr_line' id='line_1_83' title="bbox 1891 3487 3092 3572; baseline -0.001 -21"><span class='ocrx_word' id='word_1_396' title='bbox 1891 3489 2220 3572; x_wconf 91' lang='lat' dir='ltr'>quebatur</span> <span class='ocrx_word' id='word_1_397' title='bbox 2250 3489 2318 3551; x_wconf 91' lang='lat' dir='ltr'>in</span> <span class='ocrx_word' id='word_1_398' title='bbox 2351 3489 2655 3570; x_wconf 91' lang='lat' dir='ltr'>idipsum.</span> <span class='ocrx_word' id='word_1_399' title='bbox 2711 3487 3092 3550; x_wconf 86' lang='lat' dir='ltr'>Adversum</span> 
     </span>
     <span class='ocr_line' id='line_1_84' title="bbox 1893 3576 3092 3641; baseline -0.002 -1"><span class='ocrx_word' id='word_1_400' title='bbox 1893 3598 2000 3640; x_wconf 93' lang='lat' dir='ltr'>me</span> <span class='ocrx_word' id='word_1_401' title='bbox 2061 3578 2490 3641; x_wconf 87' lang='lat' dir='ltr'>susurrabant</span> <span class='ocrx_word' id='word_1_402' title='bbox 2551 3595 2784 3639; x_wconf 90' lang='lat' dir='ltr'>omnes</span> <span class='ocrx_word' id='word_1_403' title='bbox 2845 3576 3092 3639; x_wconf 90' lang='lat' dir='ltr'>inimici</span> 
     </span>
     <span class='ocr_line' id='line_1_85' title="bbox 1891 3663 3095 3746; baseline -0.001 -18"><span class='ocrx_word' id='word_1_404' title='bbox 1891 3667 2066 3730; x_wconf 89' lang='lat' dir='ltr'>mei:</span> <span class='ocrx_word' id='word_1_405' title='bbox 2131 3667 2481 3730; x_wconf 90' lang='lat' dir='ltr'>adversum</span> <span class='ocrx_word' id='word_1_406' title='bbox 2545 3685 2654 3727; x_wconf 93' lang='lat' dir='ltr'>me</span> <span class='ocrx_word' id='word_1_407' title='bbox 2705 3663 3095 3746; x_wconf 86' lang='lat' dir='ltr'>cogitabant</span> 
     </span>
     <span class='ocr_line' id='line_1_86' title="bbox 1893 3752 3092 3834; baseline -0.004 -16"><span class='ocrx_word' id='word_1_408' title='bbox 1893 3754 2072 3818; x_wconf 89' lang='lat' dir='ltr'>mala</span> <span class='ocrx_word' id='word_1_409' title='bbox 2132 3754 2312 3819; x_wconf 90' lang='lat' dir='ltr'>mihi.</span> <span class='ocrx_word' id='word_1_410' title='bbox 2439 3752 2725 3818; x_wconf 88' lang='lat' dir='ltr'>Verbum</span> <span class='ocrx_word' id='word_1_411' title='bbox 2790 3753 3092 3834; x_wconf 89' lang='lat' dir='ltr'>iniquum</span> 
     </span>
     <span class='ocr_line' id='line_1_87' title="bbox 1889 3841 3092 3908; baseline -0.002 -2"><span class='ocrx_word' id='word_1_412' title='bbox 1889 3845 2376 3908; x_wconf 88' lang='lat' dir='ltr'>constituerunt</span> <span class='ocrx_word' id='word_1_413' title='bbox 2389 3841 2740 3906; x_wconf 91' lang='lat' dir='ltr'>adversum</span> <span class='ocrx_word' id='word_1_414' title='bbox 2757 3861 2892 3904; x_wconf 88' lang='lat' dir='ltr'>me:</span> <span class='ocrx_word' id='word_1_415' title='bbox 2926 3861 3092 3904; x_wconf 89' lang='lat' dir='ltr'>nun-</span> 
     </span>
     <span class='ocr_line' id='line_1_88' title="bbox 1890 3927 3090 4016; baseline -0.001 -21"><span class='ocrx_word' id='word_1_416' title='bbox 1890 3932 2050 4016; x_wconf 90' lang='lat' dir='ltr'>quid</span> <span class='ocrx_word' id='word_1_417' title='bbox 2099 3933 2213 4015; x_wconf 88' lang='lat' dir='ltr'>qui</span> <span class='ocrx_word' id='word_1_418' title='bbox 2257 3931 2505 3994; x_wconf 87' lang='lat' dir='ltr'>dormit</span> <span class='ocrx_word' id='word_1_419' title='bbox 2551 3950 2685 3993; x_wconf 91' lang='lat' dir='ltr'>non</span> <span class='ocrx_word' id='word_1_420' title='bbox 2719 3927 2988 4010; x_wconf 89' lang='lat' dir='ltr'>adjiciet</span> <span class='ocrx_word' id='word_1_421' title='bbox 3019 3941 3090 3994; x_wconf 92' lang='lat' dir='ltr'>ut</span> 
     </span>
     <span class='ocr_line' id='line_1_89' title="bbox 1889 4018 3092 4103; baseline -0.002 -19"><span class='ocrx_word' id='word_1_422' title='bbox 1889 4030 2204 4103; x_wconf 85' lang='lat' dir='ltr'>resurgat.</span> <span class='ocrx_word' id='word_1_423' title='bbox 2311 4019 2584 4083; x_wconf 89' lang='lat' dir='ltr'>Etenim</span> <span class='ocrx_word' id='word_1_424' title='bbox 2648 4018 2852 4081; x_wconf 90' lang='lat' dir='ltr'>homo</span> <span class='ocrx_word' id='word_1_425' title='bbox 2914 4020 3092 4100; x_wconf 90' lang='lat' dir='ltr'>pacis</span> 
     </span>
     <span class='ocr_line' id='line_1_90' title="bbox 1890 4106 3092 4191; baseline -0.002 -18"><span class='ocrx_word' id='word_1_426' title='bbox 1890 4130 2038 4174; x_wconf 91' lang='lat' dir='ltr'>mee</span> <span class='ocrx_word' id='word_1_427' title='bbox 2083 4110 2151 4172; x_wconf 90' lang='lat' dir='ltr'>in</span> <span class='ocrx_word' id='word_1_428' title='bbox 2205 4129 2340 4191; x_wconf 90' lang='lat' dir='ltr'>quo</span> <span class='ocrx_word' id='word_1_429' title='bbox 2387 4107 2644 4190; x_wconf 90' lang='lat' dir='ltr'>speravi</span> <span class='ocrx_word' id='word_1_430' title='bbox 2691 4108 2804 4190; x_wconf 90' lang='lat' dir='ltr'>qui</span> <span class='ocrx_word' id='word_1_431' title='bbox 2851 4106 3092 4170; x_wconf 88' lang='lat' dir='ltr'>edebat</span> 
     </span>
     <span class='ocr_line' id='line_1_91' title="bbox 1890 4195 3093 4282; baseline -0.002 -20"><span class='ocrx_word' id='word_1_432' title='bbox 1890 4219 2096 4282; x_wconf 89' lang='lat' dir='ltr'>panes</span> <span class='ocrx_word' id='word_1_433' title='bbox 2131 4218 2353 4262; x_wconf 90' lang='lat' dir='ltr'>meos:</span> <span class='ocrx_word' id='word_1_434' title='bbox 2415 4195 2867 4278; x_wconf 87' lang='lat' dir='ltr'>magnificavit</span> <span class='ocrx_word' id='word_1_435' title='bbox 2897 4215 3093 4278; x_wconf 91' lang='lat' dir='ltr'>super</span> 
     </span>
     <span class='ocr_line' id='line_1_92' title="bbox 1892 4283 3088 4369; baseline -0.003 -18"><span class='ocrx_word' id='word_1_436' title='bbox 1892 4308 1998 4351; x_wconf 88' lang='lat' dir='ltr'>me</span> <span class='ocrx_word' id='word_1_437' title='bbox 2031 4286 2662 4369; x_wconf 87' lang='lat' dir='ltr'>supplantationem.</span> <span class='ocrx_word' id='word_1_438' title='bbox 2735 4283 2833 4348; x_wconf 86' lang='lat' dir='ltr'>Tu</span> <span class='ocrx_word' id='word_1_439' title='bbox 2867 4294 3088 4348; x_wconf 88' lang='lat' dir='ltr'>autem</span> 
     </span>
    </p>
   </div>
   <div class='ocr_carea' id='block_1_9' title="bbox 2054 4443 3041 4646">
    <p class='ocr_par' dir='ltr' id='par_1_9' title="bbox 2054 4443 3041 4646">
     <span class='ocr_line' id='line_1_93' title="bbox 2059 4443 2774 4514; baseline -0.004 -17"><span class='ocrx_word' id='word_1_440' title='bbox 2059 4449 2078 4479; x_wconf 81' lang='lat'><strong>⁴</strong></span> <span class='ocrx_word' id='word_1_441' title='bbox 2119 4451 2132 4474; x_wconf 86' lang='lat'><em>‘</em></span> <span class='ocrx_word' id='word_1_442' title='bbox 2153 4447 2331 4497; x_wconf 82' lang='lat' dir='ltr'>Gloria</span> <span class='ocrx_word' id='word_1_443' title='bbox 2353 4445 2512 4514; x_wconf 85' lang='lat' dir='ltr'>patri’</span> <span class='ocrx_word' id='word_1_444' title='bbox 2537 4445 2676 4496; x_wconf 79' lang='lat' dir='ltr'>add:</span> <span class='ocrx_word' id='word_1_445' title='bbox 2709 4443 2774 4496; x_wconf 91' lang='lat' dir='ltr'>G.</span> 
     </span>
     <span class='ocr_line' id='line_1_94' title="bbox 2054 4515 2486 4579; baseline -0.002 -15"><span class='ocrx_word' id='word_1_446' title='bbox 2054 4517 2075 4546; x_wconf 74' lang='lat'>⁸</span> <span class='ocrx_word' id='word_1_447' title='bbox 2101 4521 2178 4579; x_wconf 74' lang='lat' dir='ltr'>ps.</span> <span class='ocrx_word' id='word_1_448' title='bbox 2208 4527 2316 4576; x_wconf 83' lang='lat'>40:</span> <span class='ocrx_word' id='word_1_449' title='bbox 2349 4515 2415 4564; x_wconf 83' lang='lat' dir='ltr'>E.</span> <span class='ocrx_word' id='word_1_450' title='bbox 2429 4515 2486 4563; x_wconf 88' lang='lat' dir='ltr'>G.</span> 
     </span>
     <span class='ocr_line' id='line_1_95' title="bbox 2055 4577 3041 4646; baseline -0.003 -15"><span class='ocrx_word' id='word_1_451' title='bbox 2055 4585 2074 4612; x_wconf 82' lang='lat'>⁸</span> <span class='ocrx_word' id='word_1_452' title='bbox 2109 4597 2200 4646; x_wconf 82' lang='lat' dir='ltr'>pro</span> <span class='ocrx_word' id='word_1_453' title='bbox 2230 4587 2243 4609; x_wconf 89' lang='lat'>‘</span> <span class='ocrx_word' id='word_1_454' title='bbox 2263 4595 2464 4630; x_wconf 79' lang='lat' dir='ltr'>manum</span> <span class='ocrx_word' id='word_1_455' title='bbox 2485 4579 2498 4601; x_wconf 95' lang='lat'>’</span> <span class='ocrx_word' id='word_1_456' title='bbox 2521 4578 2739 4628; x_wconf 80' lang='lat' dir='ltr'>animam</span> <span class='ocrx_word' id='word_1_457' title='bbox 2768 4594 2779 4626; x_wconf 74' lang='grc' dir='ltr'>ε</span> <span class='ocrx_word' id='word_1_458' title='bbox 2817 4577 3041 4628; x_wconf 80' lang='lat' dir='ltr'>E.G.w.</span> 
     </span>
    </p>
   </div>
  </div>
 </body>
</html>
