3375 5100
1116 368 1672 427 NATJVJTATJS
1720 369 2065 426 CHRISTI.

893 477 996 534 89

356 583 732 719 Concede
799 603 1158 666 quesumus
1233 584 1533 666 omnipo-

461 684 608 737 tens
659 673 825 737 deus
891 683 967 736 ut
1021 693 1142 736 nos
1206 673 1531 756 unigeniti

341 763 440 825 tui
503 782 674 826 nova
733 782 852 844 per
909 782 1172 825 carnem
1219 763 1530 824 nativitas

339 850 614 915 liberet:
667 871 836 932 quos
881 849 1008 914 sub
1053 851 1306 932 peccati
1363 850 1528 932 jugo

340 948 607 1003 vetusta
635 939 914 1002 servitus
959 948 1159 1002 tenet.
1251 938 1382 1022 Qui
1430 947 1527 1001 te-

339 1049 495 1091 cum
527 1028 691 1090 vivit
733 1036 820 1091 et.
914 1026 1164 1091 Statim
1208 1048 1326 1108 que
1373 1028 1526 1109 pul-

337 1126 482 1178 sato
502 1126 603 1179 ter
628 1135 753 1178 uno
780 1115 862 1180 de
887 1115 1241 1198 majoribus
1267 1115 1479 1197 szgnis
1503 1137 1528 1180 .·

341 1215 546 1267 rector
569 1202 749 1267 chori
775 1203 1039 1286 incipiat
1065 1203 1336 1288 efficium
1351 1203 1524 1286 scili-

343 1302 443 1356 cet
473 1294 627 1356 Lux
659 1291 953 1374 fulgebit.

429 1381 556 1444 Ad
561 1381 875 1464 primam
1200 1379 1523 1461 Hymnus.

339 1471 796 1602 Agnoscat
816 1488 1014 1532 omne
1045 1468 1382 1532 seculum:
1413 1491 1523 1534 ve-

509 1578 684 1621 nlsse
734 1558 871 1621 vite
934 1559 1302 1640 premium.
1368 1567 1524 1639 post

339 1647 552 1710 hostis
620 1647 832 1729 asperi
890 1646 1126 1728 jugum
1219 1647 1524 1729 apparuit

339 1735 729 1817 redemptio,
781 1735 1056 1816 Isayas¹
1089 1754 1218 1817 que
1227 1734 1526 1838 ‘precinit

341 1822 678 1905 completa
738 1832 894 1887 sunt
955 1823 1021 1886 in
1079 1823 1332 1905 virgine
1406 1844 1522 1886 an-

339 1913 676 1975 nunciavit
689 1911 962 1994 angelus
973 1921 1238 1975 sanctus
1250 1910 1526 1994 replevit

339 1999 626 2082 spiritus,
677 2000 900 2064 Gloria
917 1999 1038 2064 tibi
1059 2001 1344 2063 domine.
1389 2000 1529 2063 Hic

337 2110 566 2152 versus
615 2087 875 2152 dicatur
924 2088 992 2152 in
1034 2089 1181 2170 fine
1234 2088 1522 2152 omnium

335 2177 725 2256 hymnorum
738 2198 1007 2259 quorum
1026 2187 1223 2241 metro
1240 2177 1528 2241 convenit

341 2286 546 2346 usque
569 2266 666 2329 ad
686 2265 1108 2348 epiphaniam.
1141 2266 1203 2329 A
1213 2275 1274 2329 ἦ
1302 2265 1520 2349 Quem

337 2355 614 2417 vidistis.
661 2364 762 2436 ps.
789 2355 1014 2417 Deus
997 2374 1064 2417 in
1089 2355 1374 2418 nomine.
1420 2363 1522 2437 ps.

331 2443 534 2506 Beati
565 2442 990 2506 immaculati.
1051 2452 1151 2525 ps.
1188 2443 1522 2507 Retribue.

335 2531 494 2596 Non
519 2531 1230 2609 mutaturantiplzona'
1201 2553 1270 2595 m
1299 2531 1524 2615 aliqua

333 2621 446 2685 die
471 2622 569 2684 aa'
576 2623 909 2702 psalmum
957 2620 1350 2704 Quicunque
1381 2621 1526 2684 vult

333 2730 482 2773 cum
505 2709 584 2771 de
613 2709 956 2773 nativitate
968 2708 1211 2791 agetur.
1263 2708 1523 2791 Capitu-

335 2800 477 2861 lum
513 2798 801 2862 Domine
845 2799 1165 2861 miserere.
1227 2798 1341 2862 Re.
1364 2799 1553 2885 Jesu·

339 2886 606 2951 Christe
625 2886 712 2949 fili
728 2886 834 2950 dei
845 2887 975 2950 vivi
989 2886 1294 2950 miserere
1312 2886 1520 2951 nobiS.

338 2975 475 3058 Qui
542 2976 734 3039 sedes
793 2975 878 3038 ad
941 2975 1250 3038 dextram
1296 2976 1518 3057 patris,

344 3063 593 3129 Chorus
623 3062 790 3126 idem
823 3072 1073 3146 repetat.
1163 3080 1211 3149 γ
1255 3063 1360 3127 Tu
1407 3084 1522 3145 pa-

341 3155 462 3216 tris
509 3151 864 3233 verbigena
893 3151 1106 3215 factus
1137 3171 1290 3215 caro
1320 3152 1519 3215 deum

337 3241 531 3305 nobis
591 3238 793 3303 homo
851 3239 1044 3323 placa
1101 3239 1265 3303 deus
1324 3249 1392 3303 et
1435 3241 1525 3304 da

334 3330 618 3393 veniam.
679 3330 838 3411 Jesu
902 3328 1206 3393 Christe.²
1297 3327 1524 3393 Gloria

337 3418 513 3501 patri
573 3426 641 3481 et
699 3417 837 3481 filio
885 3427 954 3481 et
991 3417 1244 3498 spiritui
1291 3426 1523 3481 sancto

341 3506 536 3571 Sicut
597 3515 738 3569 erat
797 3508 864 3569 in
927 3506 1270 3587 principie.
1363 3506 1521 3586 Jesu

341 3595 650 3660 Christe.²
750 3611 795 3679 γ
871 3594 1144 3676 Exurge
1233 3594 1518 3658 domine.

336 3684 478 3747 Isto
509 3684 692 3746 modo
726 3681 987 3745 dicatur
1027 3682 1212 3744 istud
1247 3683 1522 3764 Respon-

334 3772 586 3835 sorium
611 3770 833 3834 diebus
849 3770 1220 3833 nativitatis
1247 3771 1522 3835 domini.-

336 3870 706 3924 sanctorum
780 3860 1115 3940 stephani:
1160 3859 1483 3941 joliannis
1502 3884 1526 3924 .·

338 3949 796 4012 innocentium:
822 3948 1052 4011 thome:
1083 3948 1527 4013 circunsionis:

333 4048 401 4102 et
419 4038 486 4100 in
505 4036 1161 4118 sestopurificatiomk
1184 4037 1355 4100 beate
1369 4038 1463 4101 M
1456 4060 1525 4101 a·

336 4126 436 4191 rie
450 4128 516 4188 si
532 4126 716 4206 infra
727 4126 802 4187 lx
807 4146 857 4188 r.
868 4126 1156 4189 evenerit.
1188 4127 1250 4189 A
1260 4126 1372 4188 liis
1384 4148 1529 4191 vero

332 4215 559 4279 diebus
586 4214 847 4277 dicatur
859 4214 1350 4295 Responsorz'um
1369 4216 1525 4296 Jesu

335 4305 600 4370 Christe
621 4302 710 4366 fili
734 4304 979 4366 deivivi
993 4304 1298 4367 miserere
1318 4305 1526 4367 nobiS.

244 4448 254 4460 .
333 4392 634 4457 Alleluia
663 4392 828 4456 all’a.
882 4410 930 4477 y
978 4391 1110 4475 Qui
1145 4393 1230 4456 de
1260 4393 1527 4475 virgine.

473 4554 486 4584 ¹
523 4552 718 4601 Esaias:
752 4552 814 4603 G.

1053 4554 1074 4585 ²
1112 4554 1127 4578 ‘
1145 4550 1213 4599 fili
1237 4550 1316 4601 dei
1341 4550 1438 4599 vivi
1463 4552 1695 4603 miserere
1716 4549 1861 4603 nobis
1878 4550 1892 4574 ’
1924 4549 2047 4601 add:
2082 4550 2215 4598 E·G.

899 4621 918 4649 ⁴
949 4635 1040 4684 pro
1067 4625 1080 4648 ‘
1097 4618 1310 4683 bajulat’
1334 4619 1486 4683 capit:
1511 4621 1572 4671 G.

2167 477 2271 532 90

1633 592 1737 647 etc.
1770 584 2050 666 quotidie
2077 605 2274 668 usque
2292 583 2389 648 ad
2402 583 2824 667 epiphaniam.

1630 672 1756 735 Ad
1793 674 2067 738 tertiam.
2493 674 2821 754 Hymnus.

1625 763 1969 894 Maria
2012 770 2242 827 ventre
2270 761 2606 844 concepit³
2635 763 2819 826 verbi

1832 850 2010 914 fideli
2068 853 2317 916 semine
2377 871 2575 932 quem
2634 859 2819 916 totus

1625 938 1802 1002 orbis
1832 959 1965 1002 non
1989 938 2279 1020 bajulat⁴
2309 949 2577 1022 portant
2600 938 2818 1021 puelle

1620 1027 1889 1092 viscera.
1943 1028 2173 1092 Radix
2198 1028 2372 1110 jesse
2396 1029 2535 1110 jam
2562 1027 2815 1092 floruit:

1623 1123 1692 1178 et
1714 1117 1899 1199 virga
1923 1115 2205 1181 fructum
2236 1116 2445 1182 edidit
2472 1137 2487 1181 ε
2535 1115 2818 1180 fecunda

1621 1213 1887 1286 partum
1936 1206 2212 1287 protulit
2259 1216 2329 1269 et
2369 1206 2557 1288 virgo
2606 1214 2819 1268 mater

1621 1303 1984 1374 permanet.
2080 1293 2305 1359 Gloria
2354 1294 2477 1357 tibi
2528 1294 2814 1358 domine.

1620 1381 2008 1446 an'.Genuit.
2039 1391 2139 1464 pff.
2164 1382 2417 1463 Legem
2437 1401 2627 1464 pone.
2666 1380 2813 1464 Cap.

1620 1471 2054 1602 Apparuit
2082 1470 2296 1552 gratia
2328 1471 2435 1534 dei
2471 1470 2817 1534 salvatoris

1788 1560 1994 1622 nostri
2068 1560 2377 1622 omnibus
2436 1558 2815 1622 horninibus

1621 1647 1927 1712 erudiens
1960 1667 2119 1711 nos:
2166 1655 2239 1710 ut
2260 1647 2669 1730 abnegantes
2693 1649 2817 1710 im-

1621 1736 1941 1818 pietatem
1979 1743 2047 1799 et
2083 1736 2401 1799 secularia
2444 1736 2815 1800 desideria:

1623 1823 1839 1888 sobrie
1868 1833 1937 1888 et
1972 1825 2149 1906 juste
2180 1833 2247 1890 et
2278 1825 2387 1907 pie
2414 1825 2715 1888 vivamus
2746 1824 2815 1886 in

1623 1911 1749 1977 hoc
1780 1912 2018 1977 seculo.
2110 1913 2223 1977 Re.
2274 1915 2444 1976 Puer
2487 1921 2683 1976 natus
2714 1920 2816 1976 est

1623 2001 1830 2065 nobis,
1891 1999 2185 2064 Alleluia
2215 2001 2379 2064 all’a.
2447 2018 2495 2085 y
2528 2001 2620 2064 Et
2641 1999 2815 2064 filius

1621 2090 1819 2152 datus
1838 2099 1941 2153 est
1959 2090 2166 2152 nobis,
2213 2089 2519 2152 Alleluia.
2570 2088 2811 2153 Gloria.

1623 2179 1793 2242 Puer
1865 2187 2077 2241 natus,
2167 2194 2215 2263 γ
2272 2178 2566 2241 Verbum
2642 2196 2811 2240 caro,

1625 2266 1871 2331 Oratio,
1942 2266 2252 2330 Concede
2283 2285 2639 2348 quesumus
2668 2285 2813 2328 om-

1622 2355 1927 2437 nipotens
1958 2356 2138 2419 deus,

1708 2443 1835 2507 Ad
1853 2453 2114 2506 sextam.
2479 2439 2809 2522 Hymnus.

1619 2535 2001 2665 Presepe
2049 2531 2208 2615 poni
2258 2529 2529 2614 pertulit
2560 2531 2671 2612 qui
2714 2529 2814 2593 lu·-

1754 2622 1847 2685 cis
1878 2631 2107 2685 auctor
2137 2621 2401 2684 extitit:
2444 2639 2597 2683 curn
2623 2627 2811 2700 patre

1619 2708 1797 2773 celos
1830 2710 2125 2774 condidit
2155 2710 2281 2773 sub
2312 2717 2521 2771 matre
2556 2727 2813 2789 pannos

1621 2798 1851 2862 induit.
1941 2794 2193 2880 Legem
2225 2797 2411 2861 dedit
2440 2797 2554 2879 qui
2590 2795 2815 2860 seculo

1621 2886 1809 2969 cujus
1840 2886 2071 2951 decem
2113 2895 2422 2969 precepta
2469 2894 2625 2949 sunt
2667 2885 2815 2967 dig-

1620 2976 1847 3039 nando
1878 2975 2088 3039 factus
2118 2984 2221 3039 est
2250 2975 2451 3038 homo
2493 2973 2617 3037 sub
2648 2972 2814 3056 legis

1621 3083 1765 3127 esse
1785 3063 2061 3127 vinculo,
2132 3062 2357 3129 Gloria
2378 3063 2499 3126 tibi
2525 3062 2811 3126 domine.

1619 3162 1727 3217 aii.
1793 3152 2099 3235 Angelus
2158 3152 2244 3215 ad
2302 3160 2615 3235 pastores,
2707 3159 2811 3232 pff.

1620 3241 1903 3305 Defecit.
2428 3238 2815 3322 Capitulum.

1788 3328 2051 3413 pparuit
2082 3327 2456 3410 benignitas
2488 3337 2558 3391 et
2579 3326 2812 3390 huma-

1788 3420 1961 3482 nitas
2006 3416 2351 3481 salvatoris
2396 3416 2601 3479 nostri
2660 3416 2811 3479 dei:

1621 3526 1756 3569 non
1833 3528 1921 3570 ex
1981 3506 2289 3588 operibus
2360 3504 2621 3585 justicie
2680 3523 2811 3585 que

1622 3593 1897 3658 fecimus
1916 3615 2069 3657 nos:
2095 3594 2212 3657 sed
2235 3593 2597 3656 secundum
2619 3612 2809 3654 suam

1623 3682 2137 3747 misericordiam
2190 3680 2408 3744 salvos
2453 3700 2574 3743 nos
2636 3678 2809 3743 fecit.

1624 3772 1739 3835 Re.
1786 3771 2080 3835 Verbum
2156 3789 2308 3833 caro
2382 3768 2629 3830 factum
2690 3775 2809 3831 est.

1624 3859 1918 3923 Alleluia
1948 3858 2111 3921 all’a.
2194 3874 2241 3943 y
2276 3857 2366 3920 Et
2394 3856 2723 3919 habitabit
2746 3856 2812 3918 in

1627 3948 1834 4011 nobis,
1884 3946 2078 4011 All'a.
2128 3945 2368 4009 Gloria.
2402 3944 2715 4009 Verbum.
2763 3962 2811 4031 γ

1631 4038 1785 4119 Ipse
1807 4035 2147 4099 invocavit.
2190 4034 2433 4100 Oratio.
2484 4034 2812 4099 Concede.

1715 4124 1839 4188 Ad
1862 4144 2113 4187 nonam.
2487 4122 2814 4203 Hymnns.

1626 4216 1951 4347 Adam
2026 4221 2214 4276 vetus
2282 4212 2461 4295 quod
2542 4211 2815 4295 polluit:

1794 4302 1993 4366 adam
2025 4321 2234 4365 novus
2265 4301 2393 4365 hoc
2422 4300 2670 4365 abluit:
2710 4310 2817 4363 tu·-

1628 4410 1818 4455 mens
1838 4390 2019 4473 quod
2051 4390 2161 4453 ille
2192 4390 2508 4472 dejecit⁵z
2554 4388 2821 4452 humili-

2354 4550 2375 4580 ⁸
2406 4548 2643 4615 concipit:
2677 4551 2741 4600 G.

2007 4619 2028 4647 ⁸
2060 4616 2250 4681 dejicit:
2285 4616 2347 4665 G.
