3375 5100
1201 327 1304 380 IN
1349 327 1558 381 OCTA
1577 327 1676 380 VA
1733 325 2359 383 DEDJCATJONJS.

1061 434 1186 489 671

539 554 888 628 querentes
987 544 1264 625 pignora
1357 551 1737 606 sanctorum

470 638 475 648 '
539 645 934 716 martyrum:
969 633 1031 694 in
1066 651 1348 714 quorum
1379 630 1740 694 honoribus

537 723 1003 785 desiderabant
1080 720 1322 784 habere
1411 719 1735 782 ecclesias,

540 813 676 876 Sed
726 830 858 874 non
909 809 1354 873 invenientes:
1420 808 1736 890 quoniam

537 921 659 962 nec
688 919 966 981 corpora
996 917 1222 960 eorum
1256 897 1471 960 adhuc
1512 897 1738 959 inven-

536 997 608 1050 ta
669 997 896 1051 erant:
959 1006 1077 1050 nec
1141 986 1445 1067 reliquias
1507 1003 1736 1047 eorum

535 1076 780 1140 habere
810 1083 1134 1158 poterant.
1423 1073 1635 1136 Lectio
1666 1073 1736 1155 ᾔ.

535 1165 921 1296 Predicti
953 1183 1111 1246 ergo
1143 1161 1351 1226 sancti
1378 1171 1598 1244 patres
1631 1181 1736 1223 ec-

693 1252 924 1316 clesias
970 1251 1424 1314 fabricabant:
1471 1258 1539 1313 et
1569 1251 1737 1312 alta-

537 1342 634 1404 ria
695 1341 761 1404 in
823 1342 918 1404 eis
967 1339 1348 1421 erigebant:
1409 1348 1610 1420 atque
1667 1339 1731 1400 in

535 1428 895 1493 honoribus
945 1448 1172 1491 eorum
1222 1437 1597 1491 sanctorum
1649 1427 1735 1489 de

537 1518 777 1599 quibus
809 1517 1274 1580 desiderabant
1304 1515 1548 1578 habere
1589 1516 1735 1598 pig-

536 1625 698 1668 nora
758 1604 1246 1669 consecrabant.
1341 1605 1736 1686 Pannosque

536 1715 704 1776 quos
763 1715 963 1776 super
1008 1694 1240 1756 altaria
1285 1693 1424 1774 jam
1479 1702 1735 1757 sacrata

535 1783 938 1846 mittebant:
1032 1782 1462 1865 postmodum
1539 1801 1738 1862 super

533 1871 880 1935 defunctos
911 1871 1292 1954 ponebant:
1339 1869 1451 1952 qui
1501 1879 1566 1932 et
1599 1890 1736 1932 me-

534 1961 674 2023 ritis
706 1981 934 2024 eorum
959 1969 1338 2022 sanctorum
1365 1959 1430 2020 in
1452 1978 1733 2040 quorum

533 2047 894 2112 honoribus
980 2049 1121 2131 ipsa
1184 2047 1418 2111 altaria
1477 2057 1736 2110 sacrata

533 2147 721 2200 erant
756 2159 771 2202 :
848 2139 1076 2201 statim
1155 2136 1732 2200 resuscitabantur.

541 2225 704 2288 Tres
753 2226 977 2289 ultime
1022 2225 1310 2288 lectiones
1368 2225 1446 2287 de
1495 2225 1730 2305 exposi-

530 2315 700 2376 tione
723 2314 1044 2396 evangelii
1070 2314 1239 2376 sicut
1269 2313 1338 2376 in
1368 2313 1487 2375 die.

532 2407 598 2479 (ἶ
647 2402 731 2464 In
763 2411 984 2466 octava
1027 2401 1448 2466 dedicationis·
1476 2401 1572 2463 ad
1594 2421 1729 2464 ves-

514 2502 714 2573 peras
741 2499 846 2555 aii.
905 2491 1201 2555 Domum
1233 2499 1418 2554 tuam
1449 2499 1513 2552 et
1537 2501 1732 2553 cetere

527 2580 872 2661 antiphone
914 2601 1056 2642 cum
1074 2579 1356 2661 psalmis
1389 2577 1468 2641 de
1482 2579 1729 2660 primis

529 2668 818 2750 vesperis
875 2666 1260 2748 Capitulum.
1311 2667 1467 2730 Vidi
1499 2668 1726 2731 civita-

528 2766 684 2819 tem.
747 2756 1070 2836 Hymnus,
1153 2756 1330 2821 Urbs
1361 2756 1558 2819 beata
1589 2756 1725 2819 hie-

526 2845 832 2908 rusalem.
929 2862 970 2931 y
1038 2845 1226 2907 Beati
1257 2844 1370 2926 qui
1402 2844 1724 2908 habitant.

528 2932 613 2995 In
657 2932 983 3014 evangelio
1033 2940 1138 2995 aii.
1219 2932 1280 2997 O
1328 2952 1529 3015 quam
1585 2952 1727 2995 me-

527 3021 830 3085 tuendus,
878 3030 976 3103 pi.
1029 3020 1433 3103 Magnificat.
1498 3019 1727 3084 Oratio

528 3110 716 3173 Deus
761 3110 873 3191 qui
921 3109 1128 3173 nobis,
1219 3109 1344 3171 Ad
1367 3111 1729 3173 matutinas

527 3198 980 3261 invitatorium
1031 3198 1195 3261 Filie
1215 3219 1398 3280 syon.
1431 3197 1725 3279 Hymni:

525 3286 868 3368 antiphone
896 3297 956 3350 et
969 3286 1223 3368 psalmi
1249 3296 1324 3349 ut
1354 3286 1422 3349 in
1453 3286 1573 3350 die.

538 3377 661 3510 O
685 3396 886 3459 quarn
910 3376 1268 3439 metuenda
1287 3383 1355 3438 et
1374 3397 1483 3439 ve·
1500 3374 1721 3458 [Leaj.

663 3464 1040 3528 nerabiliter
1059 3464 1337 3528 colenda
1370 3474 1470 3526 est
1493 3473 1723 3527 sancte

493 3553 798 3631 ‘ecclesie
839 3554 1026 3617 istius
1060 3554 1374 3615 hodierne
1405 3552 1726 3615 festivita-

522 3643 610 3704 tis
658 3644 1108 3705 consecratio:
1157 3642 1223 3704 in
1272 3661 1403 3723 qua
1450 3641 1723 3705 visitant

524 3731 742 3813 angeli
787 3740 1050 3793 orantes
1097 3739 1163 3793 et
1196 3739 1546 3812 querentes
1577 3738 1726 3793 toto

523 3820 721 3883 corde
775 3818 1162 3882 dominum:
1217 3828 1285 3881 et
1339 3816 1727 3881 mirabiliter

522 3908 935 3989 protegendo
994 3907 1415 3971 custodiunt:
1495 3916 1568 3970 ut
1629 3906 1724 3970 ait

523 3995 865 4078 propheta.
961 3995 1040 4059 In
1105 4004 1460 4078 conspectu
1523 4014 1723 4077 ange-

523 4085 736 4147 lorum
789 4083 1068 4166 psallam
1122 4084 1280 4147 tibi:
1337 4092 1404 4146 et
1453 4082 1723 4147 confite-

521 4172 645 4234 bor
719 4173 968 4235 nomini
1043 4182 1178 4235 tuo,
1297 4170 1724 4253 Responsoria

520 4261 690 4323 siem
718 4260 788 4322 in
819 4261 924 4323 die
950 4260 1384 4324 dedicationi&
1482 4261 1618 4323 Lec.
1652 4260 1721 4343 ij.

531 4351 654 4484 Ο
688 4369 888 4430 quam
922 4350 1334 4413 venerandus
1382 4349 1564 4412 locus
1600 4349 1719 4411 do-

657 4438 838 4499 mino
888 4437 1230 4500 dedicatus
1283 4446 1383 4499 est
1439 4438 1601 4500 iste:
1651 4438 1716 4500 in

2370 434 2517 488 672

1840 560 1976 622 quo
2007 541 2273 623 spiritus
2304 542 2581 604 celestes
2625 539 2842 621 angeli
2874 561 3043 622 quo-

1840 649 1971 711 que
2004 641 2207 713 atque
2238 628 2652 712 archangeli:
2704 627 2921 692 throni
2972 640 3042 692 et

1839 718 2365 782 dominationes:
2399 718 2803 800 principatus
2828 727 2897 782 et
2920 739 3041 799 po-

1838 816 2153 871 testates:
2202 808 2307 870 die
2341 815 2673 889 noctuque
2704 807 3041 869 incessan-

1838 905 1939 958 ter
1968 905 2319 978 penetrant
2366 894 2793 977 spiritualiter
2834 894 3041 957 corda

1838 982 2150 1047 fidelium.
2243 984 2671 1066 Cunctosque
2729 985 2814 1046 ad
2866 983 3042 1047 bene

1836 1074 2170 1152 agendum
2203 1083 2367 1137 nutu
2398 1073 2623 1136 divino
2654 1073 2992 1153 instigant.

1834 1162 1985 1292 ln
2018 1161 2309 1226 ecclesiis
2354 1163 2603 1244 quippe
2638 1168 2705 1223 et
2739 1159 2901 1243 [Lec.
2934 1160 3042 1242 iij.

1942 1249 2071 1312 deo
2102 1250 2338 1313 dicatis
2368 1248 2668 1313 oratoriis
2692 1248 3041 1331 sepissime

1833 1337 2136 1401 videmus
2176 1359 2367 1402 cecos
2414 1338 2805 1401 illuminari:
2851 1337 3037 1401 clau-

1834 1425 1956 1488 dos
2018 1426 2351 1490 reformari
2382 1449 2397 1490 ε
2474 1426 2769 1508 leprosos
2844 1445 3041 1488 mun-

1833 1515 2015 1580 dari:
2092 1525 2160 1578 et
2220 1516 2470 1597 reliqua
2530 1512 3041 1577 innumerabilia

1834 1604 2025 1684 signa
2103 1603 2635 1667 manifestissime
2702 1601 2857 1666 fieri.
2954 1603 3035 1665 In

1836 1692 1981 1754 aliis
2042 1713 2305 1775 quoque
2368 1692 2528 1756 locis
2584 1691 2707 1754 hec
2762 1692 3037 1754 minime

1838 1782 2245 1862 repperimus
2299 1779 2475 1845 fieri:
2546 1781 2667 1843 nisi
2719 1781 2784 1843 in
2832 1781 3038 1843 devo-

1836 1869 2019 1932 tione
2051 1870 2248 1932 eundi
2282 1878 2348 1932 et
2380 1868 2695 1932 redeundi
2728 1869 2812 1932 ad
2845 1889 3036 1932 sanc-

1834 1965 1907 2020 ta
1954 1958 2137 2022 loca:
2185 1967 2301 2020 aut
2350 1957 2415 2021 in
2460 1958 2635 2024 bona
2679 1957 3038 2021 devotione

1834 2047 2283 2128 permanendi.

1970 2155 2266 2198 urramus
2290 2155 2448 2218 ergo
2472 2135 2556 2199 ad
2578 2134 2886 2198 ecclesias
2904 2137 3037 2198 deo

1968 2223 2265 2287 dicatas:
2312 2225 2379 2287 e‘t
2418 2223 2507 2286 ibi
2554 2242 2861 2287 oremus:
2910 2224 3033 2286 ibi-

1832 2330 1963 2392 que
2008 2311 2489 2376 sacrificemus:
2535 2313 2846 2396 quatinus
2878 2333 3032 2394 pec-

1830 2408 2129 2464 catorum
2170 2410 2543 2464 nostrorum
2577 2401 3033 2464 remissionem

1829 2488 1989 2553 inibi
2039 2489 2478 2572 precipiamus
2521 2497 2591 2552 et
2634 2489 3036 2553 consolatio-

1830 2597 2033 2643 nem:
2102 2588 2179 2641 ut
2239 2588 2463 2642 nostra
2540 2578 2901 2641 ministeria
2964 2580 3029 2642 in

1828 2666 2101 2729 sacratis
2148 2665 2307 2730 locis
2348 2667 2591 2748 justius
2636 2676 2704 2729 et
2734 2668 3029 2731 sanctius

1825 2774 2238 2837 peragamus,
2724 2756 2941 2819 Lectio
2971 2778 3033 2821 v.

1981 2844 2341 2908 estinemus
2373 2843 2605 2907 fratres
2635 2863 2891 2907 currere
2912 2846 3037 2908 de-

1977 2941 2131 2995 vote
2170 2933 2254 2995 ad
2302 2932 2653 2996 ecclesias:
2703 2933 3035 2997 colamus-

1828 3040 1958 3102 que
1998 3020 2462 3084 venerabiliter
2515 3020 2782 3085 eorum¹
2836 3042 3030 3086 ence-

1826 3108 1980 3172 nia:
2043 3118 2111 3172 et
2160 3109 2319 3173 totis
2374 3109 2624 3173 nisibus
2679 3109 3033 3175 laudemus

1826 3197 2172 3261 dominum
2208 3198 2273 3260 in
2306 3198 2625 3261 hodierna
2663 3197 3034 3262 dedicatio-

1828 3285 1927 3349 nis
1960 3286 2318 3349 festivitate
2342 3296 2416 3349 ut
2437 3286 2719 3368 gratiam
2752 3286 2859 3349 dei
2885 3288 3031 3351 adi-

1825 3375 1987 3456 pisci
2047 3374 2406 3439 valeamuS.
2530 3375 2708 3439 Nam
2769 3377 3029 3459 antiqui

1826 3472 2049 3545 patres
2099 3463 2305 3526 nostri
2353 3463 2804 3527 dedicationes
2857 3475 3030 3528 tem-

1826 3551 2084 3632 plorum
2137 3552 2202 3613 in
2246 3550 2485 3633 quibus
2532 3552 2829 3616 divinum
2869 3574 3030 3636 age-

1824 3640 1987 3703 bant
2050 3640 2388 3703 officium:
2477 3660 2593 3721 per
2652 3652 2806 3705 octo
2881 3642 3031 3705 dies

1822 3727 2283 3792 venerabiliter
2319 3737 2386 3792 et
2418 3730 2524 3810 pie
2570 3729 2868 3794 viventes
2912 3752 3035 3795 ve-

1824 3816 2241 3881 nerabantur.
2692 3818 2907 3881 Lectio
2938 3822 3029 3904 ‘¹37‘-

1822 3907 2003 4037 Et
2044 3906 2109 3968 in
2154 3906 2249 3969 eis
2293 3915 2446 3970 octo
2486 3905 2719 3970 diebus
2764 3928 3034 3991 semper

1974 3995 2041 4057 in
2086 3993 2354 4075 hymnis
2400 4003 2467 4058 et
2506 3996 2776 4058 canticis
2822 4006 3031 4079 atque

1823 4081 1970 4146 aliis
2021 4082 2261 4146 divinis
2305 4082 2611 4147 laudibus
2658 4084 2723 4146 in
2754 4104 3031 4149 venera-

1825 4172 2007 4235 tione
2068 4171 2561 4236 dedicationum
2618 4173 3029 4255 templorum

1825 4260 2246 4324 insistebant:
2280 4260 2769 4343 solenniterque
2792 4263 2858 4325 in
2880 4283 3031 4325 om-

1825 4348 2017 4412 nibus
2090 4348 2378 4413 cultibus
2453 4350 2573 4413 hos
2648 4359 2802 4414 octo
2880 4352 3031 4415 dies

1823 4437 2179 4518 degentes:
2270 4438 2518 4519 gratias
2600 4458 2681 4503 ac
2757 4439 3027 4504 laudem

1445 4575 1457 4603 ¹
1503 4579 1516 4601 ⁴
1533 4590 1703 4622 eorum
1721 4574 1733 4596 '
1758 4590 1858 4626 om.
1889 4593 1902 4624 z
1940 4574 2089 4623 R.w.
