3375 5100
1623 330 1893 387 SABBA
1909 332 2009 387 To

1101 440 1258 497 833

573 544 824 611 oblitus
883 566 1030 611 sum
1099 548 1449 613 comedere
1525 566 1769 630 panem

573 654 816 701 meum.
905 636 968 699 A
1037 656 1200 700 voce
1259 637 1550 719 gemitus
1595 636 1771 701 mei:

573 722 836 788 adhesit
907 746 984 788 os
1061 745 1282 789 meum
1357 724 1536 789 carni
1603 744 1769 789 mee.

575 811 833 877 Similis
909 812 1120 879 factus
1209 833 1357 877 sum
1443 811 1772 896 pellicano

573 901 950 965 solitudinis
975 902 1038 965 ¹:
1129 902 1342 966 factus
1387 922 1536 965 sum
1599 907 1769 967 sicut

574 989 940 1054 nicticorax
962 990 988 1028 ⁸
1031 989 1098 1053 in
1130 989 1482 1054 domicilio,
1589 988 1772 1073 Vigi-

578 1076 708 1141 lavi
737 1098 754 1142 t
798 1089 870 1144 et
918 1078 1132 1143 sactus
1161 1099 1308 1143 sum
1341 1080 1511 1143 sicut
1543 1099 1772 1161 passer

571 1166 903 1232 solitarius
935 1169 1001 1231 in
1022 1177 1218 1234 tecto,
1321 1168 1488 1231 Tota
1517 1168 1628 1231 die
1649 1188 1773 1231 ex·-

574 1256 998 1337 probabant⁸
1057 1255 1218 1320 mihi
1279 1255 1524 1319 inimici
1597 1256 1771 1323 mei:

571 1352 642 1407 et
701 1346 814 1426 qui
875 1344 1240 1409 laudabant
1284 1364 1392 1407 me
1417 1344 1768 1410 adversum

576 1450 684 1495 me
753 1434 1087 1515 jurabant.
1232 1431 1404 1511 Quia
1478 1432 1769 1497 cinerem

571 1529 896 1604 tanquam
943 1540 1186 1605 panem
1235 1521 1769 1587 manducabam:

569 1617 641 1673 et
671 1619 906 1692 potum
955 1629 1176 1673 meum
1223 1628 1373 1673 cum
1421 1608 1580 1673 fletu
1615 1610 1770 1673 mis-

569 1698 826 1763 cebam.
869 1698 932 1761 A
971 1698 1138 1763 facie
1169 1698 1262 1761 ire
1293 1698 1769 1781 indignationis

571 1796 728 1851 tue:
776 1788 934 1869 quia
985 1787 1252 1851 elevans
1304 1786 1562 1850 allisisti
1637 1806 1765 1852 me.

571 1874 740 1938 Dies
771 1876 902 1940 mei
933 1876 1104 1940 sicut
1127 1874 1362 1939 umbra
1394 1875 1767 1940 declinave-

569 1972 766 2027 runt:
813 1973 882 2028 et
927 1984 1056 2047 ego
1103 1963 1273 2028 sicut
1321 1962 1545 2027 senum
1607 1964 1770 2028 arui.

579 2052 680 2116 Tu
735 2062 959 2117 autem
1022 2052 1292 2117 domine
1353 2052 1418 2115 in
1463 2061 1766 2116 eternum

569 2160 959 2223 permanes:
1004 2150 1076 2205 et
1133 2139 1520 2205 memoriale
1571 2148 1765 2205 tuum

569 2230 638 2293 in
668 2230 1096 2311 generatione
1117 2229 1142 2266 ⁴
1163 2238 1234 2291 et
1251 2228 1767 2311 generationem.

577 2316 678 2383 Tu
711 2318 1086 2401 exurgens⁵
1119 2316 1526 2381 misereberis
1557 2337 1768 2399 syon:

569 2406 728 2489 quia
759 2416 1026 2489 tempus
1057 2405 1410 2469 miserendi
1435 2404 1578 2487 ejus
1610 2405 1769 2488 quia

569 2496 752 2559 venit
776 2504 1058 2579 tempus,
1153 2492 1480 2574 Quoniam
1503 2492 1768 2577 placue-

569 2594 726 2649 runt
770 2586 974 2649 servis
1004 2585 1136 2649 tuis
1178 2582 1434 2666 lapides
1462 2583 1649 2665 ejus:
1696 2592 1767 2648 et

567 2681 739 2738 terre
814 2673 958 2757 ejus
1032 2672 1530 2737 miserebuntur.
1663 2671 1766 2737 Et

564 2761 900 2826 timebunt
956 2771 1191 2844 gentes
1251 2779 1495 2824 nomen
1571 2768 1762 2824 tuum

568 2850 877 2915 domine:
934 2859 1004 2912 et
1062 2868 1297 2912 omnes
1358 2867 1546 2930 reges
1592 2856 1764 2913 terre

565 2937 846 3020 gloriam
899 2947 1102 3002 tuam.
1211 2936 1380 3016 Quia
1431 2936 1765 3002 edificavit

565 3027 875 3090 dominus
933 3045 1144 3110 syon:
1193 3033 1263 3089 et
1304 3025 1638 3089 videbitur
1696 3026 1763 3090 in

564 3115 778 3198 gloria
807 3135 943 3180 sua.
1034 3114 1370 3198 Respexit
1401 3114 1468 3177 in
1517 3115 1764 3178 oratio-

567 3224 720 3267 nem
769 3203 1162 3269 humilium:
1207 3213 1275 3266 et
1329 3222 1462 3266 non
1515 3205 1763 3286 sprevit

564 3313 828 3375 precem
876 3313 1122 3358 eorum.
1217 3291 1612 3356 Scribantur
1638 3291 1762 3356 hec

565 3383 632 3444 in
663 3383 1088 3464 generatione
1137 3379 1383 3444 altera:
1431 3389 1496 3443 et
1551 3399 1763 3463 popu-

564 3469 666 3534 lus
686 3473 799 3552 qui
823 3469 1152 3534 creabitur
1171 3467 1466 3532 laudavit
1489 3467 1515 3506 ⁶
1545 3469 1763 3532 domi-

563 3579 742 3623 num.
838 3559 1004 3638 Quia
1039 3557 1387 3640 prospexit
1415 3555 1503 3619 de
1543 3557 1765 3621 excel-

559 3667 636 3712 so
667 3657 899 3712 sancto
943 3667 1104 3712 suo:
1149 3645 1460 3710 dominus
1503 3643 1590 3708 de
1622 3645 1767 3710 celo

561 3738 627 3799 in
667 3747 911 3800 terram
963 3733 1246 3817 aspexit.
1349 3731 1442 3797 Ut
1494 3733 1755 3800 audiret

558 3827 845 3907 gemitus
889 3823 1458 3907 compeditorum:
1503 3829 1578 3884 ut
1621 3822 1755 3885 sol-

558 3924 741 3978 veret
771 3913 943 3978 filios
989 3912 1556 3992 interemptorum.
1659 3911 1753 3976 Ut

559 4004 964 4065 annuncient
997 4000 1062 4064 in
1082 4019 1251 4084 syon
1272 4017 1516 4062 nomen
1537 3997 1751 4062 domi-

559 4091 665 4154 ni:
713 4099 782 4154 et
830 4089 1100 4154 laudem
1153 4089 1297 4171 ejus
1347 4087 1413 4150 in
1467 4085 1760 4151 hierusa-

557 4177 707 4242 lem.
775 4179 859 4243 In
891 4175 1348 4243 conveniendo
1378 4174 1661 4258 populos
1694 4177 1761 4240 in

791 4343 802 4371 ¹
845 4339 956 4389 ‘et'
980 4338 1119 4388 add:
1156 4337 1289 4388 EG.

783 4409 804 4438 ²
834 4405 1121 4471 nycticorax
1147 4421 1158 4455 :
1195 4403 1258 4454 G.

783 4475 802 4502 ⁸
835 4471 1242 4536 exprobrabant:
1280 4468 1339 4520 Ε.
1350 4469 1412 4520 G.

779 4543 800 4574 ⁴
839 4543 856 4568 ⁴
877 4535 1217 4601 generationc’
1243 4535 1322 4584 bis
1344 4552 1356 4584 ε
1393 4537 1448 4588 S.

2385 438 2542 499 854

1874 568 2081 613 unum
2110 570 2126 613 :
2172 558 2245 613 et
2288 568 2479 633 reges
2516 556 2600 613 ut
2628 546 2923 613 serviant
2956 547 3083 613 do-

1872 638 2071 701 mino.
2162 638 2540 721 Respondit
2570 637 2630 701 ei
2678 638 2746 701 in
2792 638 2905 700 via
2948 637 3079 699 vir-

1870 726 2037 789 tutis
2094 747 2254 792 sue:
2330 726 2737 809 paucitatem
2812 726 3075 789 dierum

1872 836 2169 880 meorum
2204 816 2445 879 nuncia
2475 815 2653 878 mihi.
2744 814 2860 877 Ne
2888 834 3081 878 revo-

1869 924 1979 969 ces
2026 905 2231 968 mein
2276 902 2557 967 dimidio
2600 902 2857 966 dierum
2890 922 3079 965 tneo-

1872 1012 2059 1056 rum:
2105 994 2175 1056 in
2202 992 2633 1074 generatione
2680 1000 2751 1053 et
2794 1010 3079 1073 genera-

1872 1081 2123 1145 tionem
2155 1080 2311 1144 anni
2364 1079 2481 1144 tui.
2571 1078 2781 1143 Initio
2821 1087 2894 1142 tu
2952 1079 3077 1142 do-

1872 1170 2051 1233 mine
2081 1178 2325 1233 terram
2356 1166 2655 1231 fundasti
2686 1188 2701 1231 :
2750 1176 2819 1230 et
2863 1187 3075 1249 opera

1871 1277 2189 1321 manuum
2220 1268 2485 1320 tuarum
2520 1265 2675 1320 sunt
2702 1254 2849 1319 celi.
2925 1256 3072 1339 Ipsi

1870 1346 2181 1429 peribunt
2208 1356 2283 1409 tu
2317 1354 2541 1409 autem
2564 1362 2955 1427 permanes:
3002 1355 3073 1408 et

1869 1454 2103 1499 omnes
2150 1434 2323 1498 sicut
2365 1433 2839 1498 vestimentum
2882 1442 3073 1496 vete·

1866 1536 2145 1587 rascent.
2266 1522 2368 1587 Et
2416 1522 2587 1585 sicut
2650 1522 3071 1603 opertorium

1870 1612 2159 1675 mutabis
2192 1631 2306 1675 eos
2350 1618 2419 1674 et
2466 1609 2945 1674 mutabuntur:
2992 1620 3069 1673 tu

1866 1710 2091 1765 autem
2125 1701 2301 1764 idem
2349 1700 2489 1781 ipse
2534 1718 2607 1761 es
2652 1707 2720 1761 et
2764 1698 2923 1761 anni
2969 1698 3071 1761 tui

1866 1808 2000 1853 non
2062 1787 2389 1853 deficient.
2491 1786 2654 1849 Filii
2722 1805 3069 1850 servorum

1862 1886 2129 1943 tuorum
2202 1875 2645 1941 habitabunt:
2720 1884 2791 1937 et
2834 1894 3069 1937 semen

1864 1986 2095 2031 eorum
2128 1965 2195 2028 in
2228 1964 2523 2030 seculum
2554 1963 2891 2045 dirigetur.

1862 2055 2244 2189 Benedic
2263 2053 2491 2117 anima
2506 2072 2653 2116 mea
2676 2048 3071 2135 [psalmus]

2010 2144 2327 2207 domino:
2371 2150 2440 2204 et
2470 2140 2697 2205 omnia
2728 2159 2856 2222 que
2891 2139 3071 2203 intra

1866 2250 1977 2295 me
2048 2240 2205 2295 sunt
2278 2228 2531 2293 nomini
2604 2240 2840 2291 sancto
2900 2228 3069 2309 ejus,

1862 2318 2160 2403 Benedic
2192 2320 2417 2382 anima
2448 2338 2597 2381 mea
2628 2316 2905 2379 domino
2932 2337 2949 2379 ε
2996 2326 3069 2379 et

1866 2408 2001 2471 noli
2027 2407 2325 2474 oblivisci
2348 2426 2581 2470 omnes
2602 2402 3069 2468 retributiones

1864 2496 2023 2579 ejus,
2119 2496 2245 2576 Qui
2293 2495 2700 2580 propiciatur
2750 2494 3067 2558 omnibus

1864 2585 2323 2669 iniquitatibus
2355 2584 2486 2648 tuis
2515 2584 2667 2665 :qui
2698 2590 2895 2645 sanat
2918 2601 3067 2644 orn-

1864 2693 1983 2738 nes
2014 2674 2434 2737 infirmitates
2464 2681 2631 2736 tuas,
2728 2669 2855 2749 Qui
2890 2671 3063 2733 redi-

1864 2763 1987 2826 mit
2032 2763 2116 2826 de
2150 2763 2413 2826 interitu
2435 2761 2641 2824 vitam
2666 2769 2851 2822 tuam
2882 2779 2899 2823 :
2944 2759 3065 2842 qui

1860 2861 2137 2916 coronat
2211 2860 2279 2914 te
2355 2851 2421 2913 in
2484 2847 2933 2912 misericordia
2992 2858 3067 2910 et

1861 2938 2407 3004 miserationibus„
2504 2937 2631 3016 Qui
2706 2935 2919 3019 replet
2994 2936 3065 2999 in

1860 3028 2053 3091 bonis
2084 3027 2486 3092 desiderium
2504 3035 2737 3090 tuum:
2785 3043 3065 3088 renova·

1861 3115 2043 3181 bitur
2100 3125 2175 3181 ut
2252 3116 2473 3199 aquile
2535 3115 2851 3195 juventus
2924 3122 3063 3177 tua.

1858 3204 2144 3270 Faciens
2176 3203 2656 3268 misericordias
2700 3201 3057 3266 dominus:

1862 3303 1932 3359 et
1980 3293 2301 3375 judicium
2363 3291 2675 3356 omnibus
2750 3290 3063 3371 injuriam

1860 3383 2285 3465 patientibus·
2399 3381 2621 3446 Notas
2690 3377 2845 3442 fecit
2918 3379 3063 3440 vias

1862 3491 2019 3534 suas
2058 3470 2319 3553 moysi:
2388 3468 2539 3534 filiis
2592 3467 2791 3531 israel
2822 3465 3063 3530 volun-

1862 3568 2038 3624 tates
2066 3579 2235 3623 suas,
2326 3557 2690 3622 Miserator
2707 3564 2777 3618 et
2809 3555 3061 3618 miseri-

1864 3667 2009 3712 cors
2082 3647 2437 3712 dominus:
2513 3643 2914 3727 longanimis
2992 3652 3063 3706 et

1855 3736 2142 3801 multum
2218 3735 2601 3798 misericors
2734 3731 2899 3794 Non
2992 3731 3063 3794 in

1854 3833 2252 3907 perpetuum
2282 3823 2307 3862 ⁸
2340 3824 2691 3887 irascetur:
2738 3839 2957 3902 neque
2990 3819 3062 3882 in

1854 3923 2155 3977 eternum
2228 3910 2760 3975 comminabitur.
2892 3907 3065 3972 Non

1862 4003 2228 4066 secundum
2278 4009 2553 4083 peccata
2614 4007 2840 4061 nostra
2900 3995 3065 4060 fecit

1862 4089 2099 4154 nobis:
2144 4109 2361 4173 neque
2408 4088 2775 4152 secundum
2820 4084 3067 4167 iniqui-

1864 4185 2039 4242 tates
2116 4187 2375 4242 nostras
2454 4175 2759 4240 retribuit
2842 4173 3065 4238 nobis,

2085 4339 2107 4368 ⁸
2142 4344 2155 4366 ⁸
2174 4335 2405 4386 domine'
2430 4335 2530 4385 add
2556 4351 2569 4385 ι
2592 4331 2820 4384 E.G.w.

2086 4406 2107 4435 ⁸
2139 4403 2401 4454 laudabit:
2436 4401 2563 4453 G.S.

2086 4473 2208 4534 ⁷p3.
2244 4481 2368 4519 102:
2402 4467 2539 4519 EG.
2610 4464 2728 4531 cij..-
2760 4463 2815 4517 S.

2088 4539 2108 4568 ⁸
2140 4535 2539 4602 imperpetuum:
2574 4533 2635 4582 E.
