3375 5100
34 841 41 1000 Ι

900 450 1055 505 569

370 560 475 689 J
489 578 532 621 n
561 558 671 621 die
701 557 813 621 illo
843 556 1177 621 suscitabo
1217 556 1565 620 adversum

488 646 617 709 heli
663 646 889 709 omnia
936 665 1065 727 que
1113 645 1370 709 locutus
1416 664 1564 708 sum

372 755 572 817 super
601 735 877 798 domum
909 734 1067 815 ejus.
1140 734 1463 815 Incipiam
1499 742 1567 797 et

371 823 739 907 complebo,
789 823 1058 886 Predixi
1089 824 1265 885 enim
1298 823 1358 885 ei
1383 822 1561 903 quod

366 911 775 994 judicaturus
827 931 1041 973 essem
1095 911 1370 973 domum
1420 909 1563 991 ejus

369 1001 438 1063 in
452 1009 784 1064 eternum:
805 998 1518 1081 propteriniquitatem¹
1546 1019 1562 1062 :

368 1108 451 1151 eo
500 1089 678 1171 quod
728 1095 1001 1152 noverat
1051 1088 1321 1169 indigne
1369 1106 1563 1169 agere

370 1176 543 1239 filios
574 1197 730 1239 suos
780 1185 849 1240 et
903 1197 1035 1240 non
1068 1177 1383 1258 corripuit
1430 1196 1563 1239 eos.

373 1264 628 1328 Idcirco
652 1264 868 1347 juravi
920 1265 1148 1328 domui
1202 1262 1332 1327 heli
1382 1263 1563 1347 quod

370 1374 503 1417 non
565 1356 875 1437 expietur
951 1354 1263 1436 iniquitas
1322 1354 1563 1415 domus

369 1443 512 1525 ejus
543 1443 827 1507 victimis
852 1451 919 1507 et
948 1441 1330 1505 muneribus
1354 1461 1563 1523 usque

367 1531 435 1594 in
465 1532 955 1613 sempiternum.
1246 1529 1459 1593 Lectio
1477 1530 1563 1611 vj.

366 1620 788 1749 Dormivit
817 1628 1040 1682 autem
1071 1618 1322 1682 samuel
1356 1637 1563 1699 usque

524 1728 757 1771 mane:
852 1708 1239 1789 aperuitque
1345 1703 1562 1770 hostia

368 1795 607 1859 domus
680 1796 949 1860 domini.
1037 1794 1321 1860 Vocavit
1402 1814 1561 1877 ergo

370 1883 531 1947 Heli
550 1884 909 1947 samuelem
930 1884 955 1922 ²
974 1890 1041 1946 et
1063 1884 1253 1947 dixit.
1288 1882 1561 1947 Samuel

370 1970 461 2033 fili
540 1974 649 2035 mi.
786 1971 919 2055 Qui
983 1972 1391 2055 respondens
1466 1972 1561 2034 ait

371 2060 598 2123 Presto
674 2079 838 2123 sum.
964 2061 1056 2123 Et
1132 2061 1559 2142 interrogavit

365 2168 540 2213 eum.
630 2148 797 2232 Quis
829 2158 933 2212 est
979 2168 1198 2213 sermo
1230 2169 1429 2231 quem
1465 2148 1561 2211 lo-

364 2248 555 2300 cutus
601 2246 703 2301 est
746 2237 832 2300 ad
883 2245 951 2300 te
1003 2237 1327 2301 dominus.
1420 2237 1559 2302 Oro

364 2332 433 2387 te
464 2345 548 2388 ne
600 2325 911 2389 celaveris
942 2346 983 2389 a
1013 2345 1137 2390 me.
1231 2325 1560 2389 Indicavit

365 2415 590 2496 itaque
620 2414 681 2478 ei
742 2413 1012 2479 Samuel
1060 2414 1395 2479 universos
1424 2434 1557 2477 ser-

366 2522 596 2566 mones
625 2524 639 2568 :
686 2511 754 2567 et
782 2522 917 2568 non
963 2502 1311 2568 abscondit
1342 2505 1427 2568 ab
1458 2522 1555 2568 e0.

364 2591 457 2656 Et
488 2592 596 2656 ille
627 2592 983 2674 respondit.
1076 2592 1407 2656 Dominus
1439 2600 1556 2657 est.

362 2679 562 2762 Quod
595 2680 846 2745 bonum
897 2689 999 2744 est
1050 2680 1118 2745 in
1170 2680 1377 2746 oculis
1424 2681 1559 2744 suis

362 2769 582 2833 saciat.

363 2863 428 2937 (s
473 2856 819 2922 Dominica
848 2857 973 2940 iiij.
1279 2857 1493 2922 Lectio
1495 2857 1557 2940 j.

373 2947 488 3080 C
508 2947 673 3011 revit
704 2957 927 3010 autem
977 2945 1249 3012 Samuel
1278 2969 1293 3011 :
1340 2957 1407 3010 et
1437 2947 1557 3009 do-

508 3036 726 3098 minus
756 3044 899 3099 erat
943 3056 1093 3100 cum
1128 3055 1253 3099 eo:
1300 3045 1369 3099 et
1422 3055 1555 3098 non

360 3123 600 3187 cecidit
632 3145 721 3188 ex
744 3123 1053 3189 omnibus
1077 3125 1292 3188 verbis
1325 3125 1467 3206 ejus
1486 3124 1554 3188 in

360 3220 621 3276 terram.
714 3213 807 3276 Et
858 3215 1172 3295 cognovit
1216 3213 1556 3276 universus

361 3300 553 3364 israel
584 3321 625 3364 a
656 3299 789 3364 dan
822 3321 1031 3384 usque
1061 3303 1147 3365 ad
1194 3300 1509 3364 bersabee
1537 3322 1554 3365 ι

360 3389 541 3470 quod
626 3389 841 3452 fidelis
914 3388 1167 3453 samuel
1228 3389 1555 3472 propheta

361 3486 536 3540 esset
566 3476 835 3542 domini.
929 3478 1022 3542 Et
1052 3478 1311 3542 addidit
1340 3477 1555 3541 domi-

360 3585 485 3630 nus
516 3575 591 3629 ut
619 3575 970 3648 appareret
984 3567 1048 3629 in
1073 3565 1221 3649 sylo
1239 3567 1553 3648 quoniam

357 3655 686 3717 revelatus
716 3655 927 3718 suerat
938 3655 1247 3718 dominus
1260 3655 1554 3720 Samueli

358 3743 427 3805 in
478 3743 628 3825 sylo
680 3743 879 3824 juxta
937 3743 1212 3808 verbum
1258 3743 1555 3808 domini:

358 3840 427 3896 et
488 3832 707 3895 evenit
760 3852 977 3896 sermo
1051 3832 1364 3896 samuelis
1412 3833 1555 3894 uni-

358 3940 549 3984 verso
580 3921 811 3984 israeli.
1239 3920 1455 3984 Lectio
1486 3921 1554 4003 ᾔ.

510 4018 537 4072 t
566 4009 814 4072 factum
846 4018 990 4074 est:
1040 4010 1119 4073 In
1166 4009 1399 4073 diebus
1430 4009 1557 4073 illis

505 4107 955 4161 convenerunt
1046 4097 1388 4181 philistiim
1488 4099 1554 4161 in

355 4205 668 4268 pugnam.
764 4187 1087 4268 Egressus
1140 4197 1241 4250 est
1292 4207 1556 4269 nanque

356 4274 547 4338 israel
608 4275 873 4339 obviam
921 4275 1264 4359 philistiim
1312 4277 1380 4339 in
1412 4296 1557 4358 pre-

357 4361 518 4428 lium
549 4383 563 4428 :
609 4371 676 4428 et
696 4374 909 4428 castra
930 4374 1215 4429 metatus
1239 4374 1341 4429 est
1357 4364 1559 4447 juxta

721 4528 734 4557 ¹
776 4525 942 4592 ‘ejus’
966 4528 1104 4578 add:
1130 4529 1195 4578 N.

1382 4531 1403 4560 ²
1436 4527 1678 4578 Samuel:
1714 4527 1872 4577 W.N.

328 412 334 417 .
444 352 867 411 DOMINICA
914 353 1057 407 JVA-
1110 354 1229 409 ET
1282 354 1379 409 ΖΜ·
1430 354 1649 409 POST
1695 353 2076 410 OCTAVAS
2111 356 2787 413 PENTHECOSTES.

2181 453 2332 506 570

1663 555 1952 639 lapidem
1985 558 2309 642 adjutorii.
2403 560 2602 623 Porro
2634 560 2859 643 philis·

1664 645 1807 708 tiim
1839 657 2158 711 venerunt
2175 648 2242 710 in
2263 646 2444 712 asec:
2476 657 2543 711 et
2565 650 2859 713 instrux-

1662 743 1858 797 erunt
1876 736 2087 799 aciem
2107 745 2336 799 contra
2355 736 2558 801 israel.
2597 738 2735 802 Lec.
2757 739 2856 820 iij.

1660 823 1759 953 l
1781 824 1921 886 nito
1980 833 2205 887 autem
2261 826 2616 889 certamine
2669 835 2856 908 terga

1777 912 1972 974 vertit
1994 912 2186 975 israel
2207 912 2544 993 philistiis⁸
2566 934 2580 977 :
2620 923 2687 977 et
2706 935 2856 978 cesa

1662 1007 1817 1061 sunt
1850 1000 1915 1061 in
1940 999 2052 1063 illo
2074 1003 2430 1064 certamine
2461 1004 2706 1084 passim
2738 1023 2856 1085 per

1660 1106 1855 1169 agros
1887 1089 2072 1171 quasi
2118 1097 2432 1171 quattuor
2476 1090 2657 1154 milia
2687 1093 2856 1155 viro-

1660 1195 1824 1239 rum.
1917 1176 2009 1239 Et
2060 1198 2357 1241 reversus
2415 1188 2516 1241 est
2568 1180 2854 1261 populus

1661 1264 1748 1326 ad
1779 1273 2008 1329 castra„
2075 1266 2540 1349 Dixeruntque
2573 1268 2857 1349 majores

1661 1360 1820 1414 natu
1853 1352 1937 1416 de
1982 1354 2188 1417 israel.
2280 1354 2504 1437 Quare
2533 1358 2858 1438 percussit

1662 1460 1784 1503 nos
1814 1441 2122 1506 dominus
2151 1442 2348 1507 hodie
2378 1463 2598 1508 coram
2629 1443 2856 1527 philis-

1661 1529 1824 1594 tiim.
2481 1532 2698 1595 Lectio
2728 1554 2851 1615 my.

1658 1619 1814 1747 A
1829 1618 2134 1682 fferamus
2165 1619 2252 1682 ad
2294 1640 2414 1684 nos
2460 1621 2545 1685 de
2576 1621 2722 1702 sylo
2751 1642 2854 1685 ar-

1825 1706 2018 1769 cham
2093 1706 2331 1771 sederis
2404 1708 2696 1773 domini:
2784 1720 2855 1774 et

1658 1795 1884 1857 veniat
1914 1796 1982 1859 in
2042 1796 2336 1860 medium
2379 1798 2586 1861 nostri
2619 1806 2694 1860 ut
2723 1798 2854 1861 sal-

1658 1891 1772 1946 vet
1831 1902 1953 1946 nos
2013 1883 2098 1947 de
2160 1904 2359 1947 manu
2437 1886 2849 1950 inimicorum

1660 1978 2052 2035 nostrorum.
2144 1973 2331 2037 Misit
2363 1994 2524 2056 ergo
2565 1974 2854 2057 populus

1656 2060 1726 2122 in
1758 2060 1942 2141 sylo:
1989 2069 2057 2124 et
2086 2059 2377 2124 tulerunt
2401 2062 2554 2125 inde
2583 2062 2850 2126 archam

1658 2147 1899 2211 federis
1919 2148 2170 2213 domini
2183 2151 2592 2215 exercituum
2617 2152 2854 2214 seden-

1658 2237 1744 2299 tis
1799 2256 1997 2318 super
2054 2235 2387 2301 cherubin.
2509 2240 2854 2321 Erantque

1658 2326 1796 2389 duo
1828 2324 1943 2407 filii
1967 2324 2124 2389 Heli
2149 2325 2286 2390 ofni
2312 2335 2380 2390 et
2397 2326 2676 2409 phinees
2695 2348 2849 2391 cum

1653 2412 1852 2477 archa
1881 2414 2118 2478 sederis
2147 2415 2416 2480 domini.
2480 2416 2604 2481 Tu.
2677 2416 2760 2481 L.
2791 2437 2853 2481 v.

1668 2504 2001 2636 Cuuque
2057 2504 2347 2569 venisset
2405 2503 2604 2569 archa
2669 2505 2852 2570 fede·
2927 2502 2931 2505 ’

1774 2593 1860 2654 ris
1934 2591 2190 2655 domini
2251 2593 2318 2656 in
2382 2603 2639 2658 castra:
2731 2614 2854 2658 vo·

1656 2679 1965 2744 ciseratus
2039 2690 2140 2745 est
2200 2683 2416 2745 omnis
2475 2681 2666 2746 israel
2716 2681 2853 2746 cla-

1654 2788 1840 2832 more
1879 2771 2114 2851 grandi
2159 2779 2228 2833 et
2277 2771 2616 2852 personuit
2660 2780 2847 2836 terra.

1658 2857 1754 2920 Et
1814 2859 2162 2923 audierunt
2213 2857 2557 2941 philistiim
2615 2879 2850 2923 vocem

1656 2945 1962 3010 clamoris
1991 2947 2450 3031 dixeruntque.
2543 2947 2850 3031 Quenam

1656 3043 1759 3098 est
1804 3033 1928 3099 hec
1979 3055 2118 3098 vox
2169 3035 2478 3099 clamoris
2511 3037 2736 3118 magni
2782 3037 2852 3099 in

1655 3123 1886 3188 castris
1916 3121 2329 3188 hebreorum.
2408 3125 2500 3187 Et
2521 3144 2852 3207 cognove-

1653 3221 1806 3274 runt
1836 3213 2015 3294 quod
2065 3212 2263 3275 archa
2315 3211 2551 3277 federis
2595 3214 2852 3277 domini

1651 3301 1939 3364 venisset
1969 3300 2038 3362 in
2054 3309 2287 3364 castra.
2522 3301 2738 3364 Lectio
2766 3302 2853 3383 ψ’.

1820 3389 2150 3452 imuerunt
2167 3387 2507 3471 philistiim
2523 3389 2820 3454 dicentes
2836 3410 2852 3452 :

1820 3477 2024 3540 Venit
2053 3476 2218 3540 deus
2249 3478 2319 3540 in
2349 3487 2565 3541 castra
2591 3499 2606 3542 ι
2654 3487 2722 3540 et
2754 3478 2852 3540 in-

1650 3575 2060 3648 gemuerunt.
2106 3566 2209 3628 Ve
2233 3564 2464 3629 nobis:
2507 3586 2640 3629 non
2674 3567 2852 3629 enim

1653 3653 1780 3718 suit
1801 3663 1992 3718 tanta
2021 3651 2350 3717 exultatio
2393 3654 2530 3717 heri
2565 3663 2634 3718 et
2662 3655 2854 3717 nudi-

1654 3743 2002 3806 ustertius:
2048 3742 2150 3805 Ve
2204 3741 2411 3806 nobiS.
2501 3742 2671 3825 Quis
2729 3763 2854 3806 nos

1652 3831 1944 3895 servabit
1974 3831 2060 3894 de
2107 3850 2308 3893 manu
2341 3830 2616 3894 deorum
2649 3830 2852 3894 subli-

1654 3921 1862 3984 mium
1894 3920 2186 3983 istorum.
2266 3918 2360 3982 Hi
2412 3927 2568 3983 sunt
2614 3919 2706 3983 dii
2739 3920 2852 4002 qui

1654 4016 2114 4091 percusserunt
2145 4016 2466 4091 egyptum
2498 4008 2678 4073 omni
2711 4008 2855 4092 pla-

1653 4118 1742 4180 ga
1773 4098 1838 4160 in
1870 4097 2150 4160 deserte.

1662 4191 1726 4264 (Ι
1758 4185 2108 4249 Dominica
2131 4185 2376 4267 quinta.
2452 4185 2590 4250 Lec.
2600 4185 2854 4267 prima.

1803 4273 2224 4339 onsortamini
2303 4283 2370 4338 et
2445 4284 2660 4338 estote
2733 4275 2854 4337 viri

1803 4363 2191 4448 philistiim:
2341 4383 2424 4426 ne
2555 4363 2856 4428 serviatis

2149 4527 2170 4557 ⁸
2203 4525 2445 4592 philisteis
2471 4542 2483 4575 ε
2517 4525 2584 4576 Ν.
