3375 5100
1473 323 1630 380 DIE
1675 323 1999 380 DOMINI
1997 322 2097 378 CA

1065 435 1214 490 ¹746

545 547 650 604 est
697 541 994 604 omnium
1058 541 1466 624 sperantium
1528 542 1595 605 in
1655 563 1743 604 se.

551 629 881 709 Quoniam
931 630 1078 712 quis
1127 631 1480 695 dominus²
1530 640 1750 713 preter

547 719 889 782 dominum
922 740 937 782 ε
985 727 1101 782 aut
1131 719 1279 802 quis
1324 720 1489 783 deus
1529 729 1750 802 preter

541 807 748 871 deum
799 816 1114 871 nostrum.
1205 809 1396 871 Deus
1441 808 1554 890 qui
1601 827 1749 889 pre-

547 895 765 959 cinxit
809 916 916 958 me
946 896 1226 960 virtute:
1274 905 1340 959 et
1373 896 1597 979 posuit
1625 897 1748 959 im-

551 982 953 1048 maculatam
1013 985 1188 1047 viam
1259 1005 1494 1048 meam.
1621 983 1749 1063 Qui

548 1071 823 1154 perfecit
898 1072 1102 1155 pedes
1177 1092 1361 1136 meos
1427 1082 1749 1154 tanquam

547 1181 926 1224 cervorum:
971 1170 1040 1224 et
1068 1180 1266 1243 super
1303 1160 1571 1225 excelsa
1613 1169 1751 1226 sta-

550 1257 746 1312 tuens
820 1269 946 1312 me.
1050 1248 1177 1327 Qui
1240 1249 1437 1312 docet
1513 1269 1751 1313 manus

553 1357 736 1402 meas
779 1337 867 1400 ad
904 1336 1223 1420 prelium:
1270 1347 1337 1400 et
1368 1337 1643 1419 posuisti
1675 1347 1751 1402 ut

551 1423 865 1488 archum*
886 1445 1108 1488 ereum
1131 1423 1398 1488 brachia
1423 1445 1588 1490 mea.
1649 1426 1750 1490 Et

551 1513 779 1577 didisti
841 1513 1002 1576 mihi
1048 1515 1526 1596 protectionem
1577 1513 1752 1577 salu-

552 1601 640 1665 tis
685 1611 842 1665 tue:
887 1611 956 1666 et
986 1602 1268 1666 dextera
1303 1611 1418 1666 tua
1463 1603 1751 1686 suscepit

555 1709 680 1754 me.
770 1689 872 1754 Et
910 1690 1258 1773 disciplina
1303 1701 1418 1754 tua
1461 1693 1753 1754 correxit

554 1799 663 1841 me
716 1778 782 1840 in
833 1777 1077 1843 finem:
1122 1789 1189 1843 et
1238 1779 1582 1862 disciplina
1636 1790 1753 1844 tua

548 1867 702 1950 ipsa
733 1887 841 1930 me
870 1868 1154 1932 docebit.
1221 1868 1540 1932 Dilatasti
1571 1889 1752 1950 gres-

555 1977 668 2018 sus
700 1977 883 2019 meos
907 1957 1140 2020 subtus
1167 1976 1312 2020 me:
1347 1966 1414 2020 et
1433 1977 1564 2020 non
1596 1965 1751 2020 sunt

555 2043 888 2108 infirmata
932 2045 1212 2127 vestigia
1262 2065 1426 2110 mea.
1515 2047 1751 2109 Perse-

555 2153 722 2214 quar
762 2133 1062 2198 inimicos
1111 2154 1296 2197 meos
1341 2143 1408 2197 et
1453 2154 1752 2217 compre-

554 2221 846 2285 hendam
890 2222 1074 2286 illos:
1121 2231 1188 2286 et
1233 2241 1365 2285 non
1411 2232 1755 2287 convertar

550 2309 767 2374 donec
799 2309 1128 2374 deficiant.
1222 2308 1644 2392 Confringam
1679 2312 1755 2376 il-

557 2397 657 2460 los
714 2419 834 2462 nec
885 2408 1197 2482 poterunt
1249 2408 1466 2463 stare:
1513 2401 1753 2464 cadent

553 2486 791 2550 subtus
821 2489 1024 2571 pedes
1049 2509 1250 2553 meos,
1314 2487 1414 2553 Et
1447 2489 1753 2571 precinx-

553 2576 661 2639 isti
715 2597 823 2639 me
880 2578 1120 2641 virtute
1181 2578 1265 2641 ad
1329 2577 1622 2641 bellum:
1684 2587 1753 2642 et

551 2663 997 2747 supplantasti
1049 2666 1460 2747 insurgentes
1515 2666 1580 2729 in
1645 2687 1753 2730 me

553 2753 789 2816 subtus
844 2774 967 2817 me.
1057 2754 1152 2817 Et
1206 2754 1506 2818 inimicos
1567 2774 1753 2818 meos

554 2841 791 2905 dedisti
827 2842 986 2904 mihi
1017 2842 1325 2905 dorsum:
1359 2853 1428 2905 et
1449 2843 1753 2907 odientes

553 2950 664 2992 me
715 2929 1179 3013 disperdidisti.
1280 2931 1338 2996 C
1341 2930 1753 2996 laniaverunt

554 3038 677 3081 nec
722 3028 865 3080 erat
910 3020 1021 3101 qui
1072 3019 1288 3082 salvos
1336 3020 1616 3085 faceret:
1663 3021 1748 3084 ad

553 3106 900 3169 dominum
935 3128 1053 3171 nec
1084 3108 1427 3171 exaudivit
1457 3130 1590 3173 eos,
1651 3109 1753 3174 Et

552 3194 1000 3259 comminuam
1062 3217 1176 3259 eos
1237 3198 1353 3259 in⁸
1413 3198 1750 3279 pulverem

552 3292 712 3347 ante
787 3282 1016 3347 faciem
1081 3286 1311 3349 venti:
1389 3295 1462 3349 ut
1539 3286 1750 3349 lutum

551 3372 919 3454 platearum
973 3373 1211 3437 delebo
1263 3394 1393 3437 eos.
1485 3373 1753 3457 Eripies

553 3480 661 3523 me
693 3462 777 3524 de
810 3462 1436 3526 contradictionibus
1481 3463 1751 3545 populi:

553 3558 621 3613 et
645 3550 666 3587 ⁴
701 3551 1062 3613 constitues
1109 3572 1216 3613 me
1263 3552 1329 3613 in
1364 3561 1561 3634 caput
1592 3571 1751 3633 gen-

551 3638 736 3702 tium.
827 3639 1131 3721 Populus
1173 3660 1370 3721 quem
1416 3660 1548 3702 non
1596 3660 1751 3722 cog-

552 3728 705 3791 novi
781 3728 1045 3791 servivit
1110 3728 1312 3793 mihi:
1391 3728 1454 3790 in
1517 3728 1749 3791 auditu

551 3816 726 3878 auris
755 3815 1052 3879 obedivit
1083 3816 1259 3881 mihi.
1350 3817 1513 3881 Filii
1552 3816 1750 3880 alieni

553 3905 809 3967 mentiti
871 3913 1025 3968 sunt
1087 3905 1300 3969 mihi:
1377 3904 1490 3968 filii
1552 3905 1749 3968 alieni

545 3992 894 4057 inveterati
955 4002 1148 4057 sunt:
1218 4003 1286 4057 et
1339 3993 1751 4057 claudicave-

649 4140 664 4170 ¹
700 4156 793 4204 pro
823 4146 836 4169 ‘
853 4141 1085 4191 dominus
1103 4142 1116 4164 ⁹
1140 4142 1262 4192 deus
1287 4162 1300 4193 ι
1336 4142 1462 4193 G.S.

647 4208 670 4237 ¹
699 4222 867 4255 arcum
895 4224 906 4257 ε
942 4208 1226 4259 EG.W.S.

647 4273 668 4301 ⁸
703 4289 795 4337 pro
823 4273 1042 4323 ‘in'ut:
1080 4275 1211 4325 E.G.

649 4342 666 4370 ⁴
707 4340 816 4389 ‘et'
841 4356 968 4388 om.:
1006 4340 1198 4391 E.G.S.

646 4412 666 4436 ⁸
699 4406 834 4455 suis:
871 4406 1002 4455 E.G.

649 4476 668 4501 ⁶
708 4474 834 4521 ‘l’er
852 4472 1118 4521 adventum
1140 4474 1152 4493 ‘
1179 4473 1284 4521 add
1295 4491 1310 4521 :
1338 4474 1403 4523 E.
1418 4472 1474 4521 G.

647 4542 666 4571 '
705 4528 784 4604 ‘y'
813 4538 1106 4602 Egredietur
1139 4540 1276 4603 virga
1307 4539 1372 4588 de
1405 4540 1571 4589 radice
1601 4539 1745 4603 jesse.

1842 4276 2036 4340 quadra

2354 431 2511 486 746

1846 549 1999 604 runt
2045 561 2087 604 a
2137 539 2391 603 semitis
2436 539 2613 603 tuis.5
2694 537 2881 603 Vivit
2926 538 3049 602 do-

1848 629 2066 692 minus
2096 637 2163 692 et
2195 628 2581 692 benedictus
2610 626 2777 691 deus
2818 648 3047 692 meus:

1846 726 1915 781 et
1974 716 2308 780 exaltetur
2365 718 2529 781 deus
2588 716 2819 779 salutis
2881 736 3047 778 mee.

1845 805 2037 869 Deus
2080 806 2194 888 qui
2239 806 2359 868 das
2403 804 2727 869 vindictas
2774 802 2933 867 mihi
2980 813 3049 868 et

1848 894 2079 957 subdis
2138 893 2422 976 populos
2484 893 2609 957 sub
2662 913 2814 956 me:
2884 891 3049 955 libe-

1849 991 2029 1046 rator
2103 1003 2289 1046 meus
2361 982 2447 1045 de
2526 980 2807 1044 inimicis
2880 981 3049 1044 meis

1849 1071 2196 1135 iracundis,
2285 1070 2381 1133 Et
2424 1068 2511 1134 ab
2556 1069 3050 1152 insurgentibus

1850 1159 1918 1223 in
1950 1179 2058 1222 me
2101 1158 2432 1222 exaltabis
2476 1178 2623 1222 me:
2670 1179 2711 1220 a
2741 1161 2880 1221 viro
2925 1158 3051 1220 ini-

1849 1267 1986 1330 quo
2014 1246 2250 1330 eripies
2281 1268 2405 1311 me.
2492 1246 2863 1329 Propterea
2890 1265 3048 1309 con-

1850 1333 2090 1400 fitebor
2112 1336 2233 1399 tibi
2258 1337 2323 1398 in
2350 1335 2725 1399 nationibus
2746 1335 3043 1398 domine:

1850 1433 1919 1488 et
1965 1424 2215 1488 nomini
2268 1433 2387 1487 tuo
2432 1423 2764 1506 psalmum
2810 1423 3045 1486 dicam.

1848 1512 2301 1596 Magnificans
2350 1511 2597 1576 salutes
2644 1513 2816 1594 regis
2860 1511 3047 1593 ejus:

1850 1611 1921 1664 et
1950 1601 2197 1665 faciens
2243 1601 2757 1664 misericordiam
2804 1600 3047 1663 christo

1852 1709 1974 1753 suo
2004 1690 2201 1754 david
2232 1710 2247 1754 ε
2294 1699 2361 1752 et
2394 1690 2626 1752 semini
2664 1689 2807 1770 ejus
2836 1709 3047 1770 usque

1851 1779 1917 1841 in
1950 1777 2263 1842 seculum.
2356 1777 2583 1842 Gloria
2614 1776 2829 1859 patri.⁶
2910 1778 3045 1840 Ar‘e'.

1856 1866 2124 1932 Orietur
2171 1867 2237 1929 in
2299 1866 2532 1929 diebus
2592 1866 2736 1947 ejus
2782 1865 3047 1948 justicia

1851 1964 1922 2019 et
1968 1955 2379 2018 abundantia
2421 1953 2647 2036 pacis:
2694 1963 2764 2018 et
2812 1955 3045 2017 adora-

1851 2044 2020 2108 bunt
2070 2064 2223 2107 eum
2282 2063 2517 2110 omnes
2578 2063 2763 2124 reges
2814 2062 3045 2105 omnes

1851 2141 2086 2214 gentes
2116 2133 2399 2195 servient
2432 2130 2535 2196 εἰ]
2608 2131 2741 2194 Aa.
2814 2131 3043 2194 Domi·

1854 2241 1977 2284 nus
2030 2219 2517 2284 firmamentum
2570 2239 2790 2284 meum
2834 2230 2903 2284 et
2948 2242 3045 2284 re-

1854 2309 2106 2392 fugium
2170 2309 2439 2372 meum.⁸
2540 2309 2675 2372 Αῆ.
2758 2307 2865 2372 Tu
2926 2330 3045 2392 po-

1852 2399 2081 2482 pulum
2172 2396 2489 2461 humilem
2593 2397 2859 2461 salvasti
2958 2399 3045 2461 ab

1850 2487 2043 2552 hoste
2088 2486 2468 2570 redemptor
2509 2495 2711 2571 atque
2763 2489 3047 2569 superba

1851 2586 1971 2641 tuo
2011 2575 2185 2640 colla
2228 2576 2473 2658 premis
2498 2575 2737 2657 jaculo,
2830 2574 3045 2640 Versi-

1852 2665 2034 2729 culus
2098 2664 2328 2729 Media
2400 2674 2597 2728 nocte
2676 2666 3045 2747 surgebam.

1852 2754 1966 2819 Ad
2060 2742 2543 2818 confitendum‘
2604 2753 2856 2817 nomini
2928 2763 3046 2818 tuo

1852 2843 2135 2907 domine.

1864 2932 2066 3064 Celi
2124 2938 2431 2995 enarrant
2478 2931 2619 3013 glo·
2666 2929 3045 3013 [Psalmus.⁹

1987 3020 2148 3083 riam
2196 3018 2300 3083 dei
2361 3028 2430 3083 et
2481 3040 2680 3101 opera
2732 3040 3043 3083 manuum

1851 3109 1993 3190 ejus
2090 3109 2449 3172 annunciat
2538 3108 3043 3173 firmamentum.

1851 3198 2017 3261 Dies
2092 3198 2221 3260 diei
2284 3205 2540 3260 eructat
2589 3197 2907 3261 verbum:
2978 3205 3043 3257 et

1853 3306 1993 3350 nox
2084 3285 2263 3349 nocti
2352 3285 2602 3349 indicat
2684 3284 3042 3349 scientiam.

1854 3374 2013 3437 Non
2075 3382 2230 3437 sunt
2305 3372 2565 3456 loquele
2639 3392 2856 3457 neque
2916 3394 3045 3435 ser-

1854 3483 2128 3526 mones:
2182 3482 2462 3546 quorum
2510 3482 2643 3525 non
2698 3462 3048 3525 audiantur

1850 3572 2046 3615 voces
2076 3571 2321 3614 eorum.
2387 3549 2473 3613 In
2505 3571 2772 3614 omnem
2807 3559 3045 3613 terram

1851 3640 2060 3703 exivit
2106 3659 2307 3703 sonus
2351 3660 2625 3702 eorum:
2670 3649 2739 3702 et
2770 3638 2836 3701 in
2884 3638 3047 3702 fines

1850 3728 2028 3792 orbis
2058 3737 2228 3792 terre
2257 3728 2460 3791 verba
2488 3748 2731 3791 eorum.
2792 3728 2877 3790 In
2910 3726 3047 3790 sole

1852 3818 2074 3900 posuit
2121 3816 2620 3880 tabernaculum
2674 3836 2911 3879 suum:
2978 3824 3047 3879 et

1852 3907 1993 3988 ipse
2024 3914 2342 3988 tanquam
2374 3924 2657 3987 sponsus
2688 3905 3050 3987 procedens

1852 3995 1937 4061 de
1990 3993 2288 4058 thalamo
2340 4014 2477 4058 suo,
2564 3993 2925 4057 Exultavit
2975 4001 3049 4056 ut

1846 4142 1933 4192 Re.
1965 4142 2032 4191 Et
2056 4140 2147 4191 flos
2184 4141 2249 4191 de
2286 4140 2453 4191 radice
2488 4140 2595 4206 ejus
2634 4141 2902 4191 ascendet:
2935 4142 3053 4190 Post

1844 4216 2062 4257 octavam
2088 4208 2168 4271 [ab
2186 4216 2385 4258 octava:
2414 4208 2499 4270 G.]
2522 4208 2791 4271 epyphanie
2814 4224 2965 4273 usque
2984 4208 3058 4256 ad

2088 4276 2271 4324 simam
2288 4274 2301 4299 ’
2319 4275 2425 4323 add
2434 4290 2453 4323 .·
2478 4274 2544 4322 E.
2560 4274 2619 4323 G.

1944 4346 1965 4373 ⁸
2003 4348 2017 4369 ‘
2096 4342 2267 4390 Media
2287 4348 2435 4390 nocte
2456 4340 2716 4405 surgebam
2731 4340 2797 4389 ad
2812 4339 2941 4405 [Ad2
2961 4340 3053 4403 G.]

1846 4407 2186 4457 confitendum
2210 4406 2399 4457 nomini
2422 4413 2509 4456 tuo
2531 4406 2747 4455 domine.
2811 4406 2913 4454 Per
2930 4414 3051 4455 esta·

1852 4481 1947 4522 tem
1983 4481 2032 4522 et
2064 4474 2489 4539 quadragesimam
2514 4474 2637 4537 [Per
2655 4473 2727 4521 xl.
2754 4479 2801 4521 et
2820 4479 3013 4521 estatem
3034 4490 3051 4522 .·

1857 4540 1975 4605 G.]’
2008 4540 2137 4591 aa:
2173 4541 2313 4595 1:16¹.
2558 4542 2578 4570 ν
2601 4546 2679 4603 px.
2716 4538 2805 4588 18:
2841 4539 2979 4589 E.G.
