3375 5100
714 285 1035 342 DOMINI
1033 287 1131 341 CA
1185 287 1347 342 IIDA·

1028 396 1175 450 367

650 510 679 565 t
718 502 881 566 abiit
942 500 1220 565 helcana
1280 503 1346 565 in
1394 500 1697 566 ramatha

651 593 715 654 in
775 591 1051 654 domum
1097 611 1305 654 suam.
1382 592 1551 654 Puer
1580 610 1698 654 au-

500 689 638 743 tem
672 678 923 742 samuel
947 688 1091 742 erat
1123 680 1420 743 minister
1437 679 1503 743 in
1538 698 1692 742 con-

498 776 729 850 spectu
761 766 1013 830 domini
1060 777 1213 831 ante
1258 767 1493 832 faciem
1538 767 1697 849 hely

496 856 873 919 sacerdotis,
925 856 1125 919 Porro
1144 855 1259 918 filii
1278 857 1434 939 hely
1444 855 1557 919 filii
1583 856 1696 919 be-

500 944 613 1007 lial
648 944 1015 1007 nescientes
1045 945 1387 1008 dominum
1418 967 1433 1008 :
1479 964 1696 1027 neque

500 1033 790 1095 officium
844 1032 1260 1096 sacerdotum
1334 1032 1422 1096 ad
1481 1052 1696 1115 popu-

500 1120 657 1184 lum.
1329 1121 1547 1185 Lectio
1571 1121 1693 1204 iiij.

497 1208 709 1342 Sed
743 1208 1119 1291 quicunque
1138 1209 1545 1273 immolasset
1564 1210 1696 1273 vic-

632 1299 865 1361 timam
893 1317 907 1360 :
953 1297 1262 1361 veniebat
1293 1318 1456 1380 puer
1484 1317 1695 1361 sacer-

499 1385 677 1448 dotis
706 1385 866 1448 dum
900 1397 1339 1468 coquerentur
1368 1406 1597 1450 carnes
1626 1395 1696 1449 et

498 1473 790 1538 habebat
821 1473 1213 1537 fuscinulam
1245 1475 1600 1539 tridentem
1624 1475 1690 1537 in

502 1583 703 1625 manu
736 1583 855 1625 sua
885 1571 955 1624 et
986 1563 1295 1626 mittebat
1318 1584 1466 1627 eam
1500 1565 1565 1626 in
1604 1563 1696 1626 le·-

498 1650 721 1714 betem
753 1650 858 1713 vel
890 1651 957 1712 in
990 1651 1345 1716 caldariam
1364 1652 1469 1716 vel
1501 1653 1566 1715 in
1600 1651 1696 1715 ol-

499 1739 632 1802 lam
684 1739 824 1802 sive
877 1739 943 1801 in
1005 1740 1322 1804 cacabum
1384 1749 1451 1804 et
1498 1759 1698 1804 omne

499 1827 678 1909 quod
728 1827 991 1892 levabat
1050 1827 1373 1892 fuscinula
1421 1828 1700 1893 tollebat

501 1914 813 1980 sacerdos
844 1915 987 1980 sibi.
1392 1918 1607 1980 Lectio
1638 1939 1696 1981 v.

498 2005 694 2138 Sic
754 2004 1086 2069 faciebant
1130 2004 1435 2070 universo
1482 2005 1699 2070 israeli

627 2094 1036 2157 venientium
1082 2095 1148 2157 in
1212 2094 1376 2176 sylo.
1470 2096 1697 2158 Etiam

499 2191 859 2263 antequam
879 2183 1219 2247 adolerent
1236 2183 1501 2266 adipem
1520 2183 1701 2247 veni-

501 2270 657 2334 ebat
698 2290 861 2352 puer
904 2271 1263 2335 sacerdotis
1308 2280 1375 2334 et
1435 2272 1702 2336 dicebat

501 2359 893 2424 immolanti.
1014 2361 1124 2423 Da
1200 2360 1360 2423 mihi
1436 2381 1700 2424 carnem

502 2457 577 2511 ut
622 2467 905 2529 coquam
979 2449 1321 2512 sacerdoti.
1397 2450 1552 2513 Non
1588 2468 1700 2512 en-

503 2537 593 2600 im
642 2537 963 2619 accipiam
1024 2558 1066 2600 a
1117 2546 1185 2602 te
1245 2558 1507 2602 carnem
1556 2558 1703 2602 coc-

502 2634 643 2688 tam
669 2626 785 2688 sed
819 2624 1109 2690 crudam.
1160 2625 1576 2710 Dicebatque
1608 2626 1702 2689 illi

503 2712 874 2777 immolans,
985 2713 1387 2778 Incendatur
1416 2715 1701 2798 primum

499 2801 699 2882 juxta
762 2820 1014 2864 morem
1089 2800 1289 2866 hodie
1360 2805 1568 2886 adeps
1635 2812 1704 2867 et

507 2888 665 2952 tolle
726 2889 845 2953 tibi
924 2898 1513 2975 quantumcunque
1589 2891 1705 2955 de-

508 2977 755 3040 siderat
786 2978 1007 3042 anima
1050 2988 1181 3043 tua.
1274 2978 1407 3062 Qui
1440 3002 1708 3063 respon-

510 3067 676 3129 dens
736 3066 954 3130 aiebat
1010 3067 1121 3132 illi.
1242 3068 1706 3153 Nequaquam.

510 3154 711 3219 Nunc
754 3155 931 3218 enim
976 3156 1211 3220 dabis:
1258 3157 1552 3240 alioquin
1584 3158 1712 3221 tol-

512 3242 647 3307 lam
680 3243 762 3306 vi.
1378 3246 1598 3310 Lectio
1626 3246 1713 3328 vj.

512 3332 764 3463 Erat
784 3331 959 3395 enim
986 3343 1333 3435 peccatum
1361 3354 1714 3419 puerorum

663 3422 915 3502 grande
934 3422 1132 3485 nimis
1154 3444 1375 3487 coram
1400 3422 1716 3487 domino:

512 3509 670 3591 quia
700 3509 1139 3574 detrahebant
1180 3510 1483 3576 homines
1526 3534 1567 3577 a
1613 3534 1720 3577 sa-

515 3596 760 3662 crificio
819 3599 1093 3663 domini.
1190 3600 1462 3665 Samuel
1494 3610 1719 3665 autem

516 3687 939 3751 ministrabat
968 3698 1125 3752 ante
1156 3688 1390 3753 faciem
1427 3690 1678 3754 domini
1705 3712 1719 3754 :

516 3796 682 3859 puer
735 3778 1065 3841 accinctus
1096 3778 1314 3860 ephod
1346 3779 1533 3843 lineo,
1631 3779 1722 3843 Et

519 3864 815 3928 tunicam
848 3886 1119 3947 parvam
1153 3866 1439 3931 faciebat
1488 3868 1546 3931 ei
1581 3889 1721 3931 ma-

521 3962 625 4016 ter
654 3974 776 4015 sua
827 3974 1028 4036 quam
1082 3955 1403 4020 afferebat
1455 3956 1724 4021 statutis

522 4041 757 4104 diebus
789 4044 1153 4107 ascendens
1186 4064 1335 4108 cum
1382 4045 1525 4108 viro
1555 4065 1721 4109 suo:

523 4140 597 4192 ut
629 4130 1001 4195 immolaret
1045 4129 1331 4196 hostiam
1380 4134 1722 4197 solennem

525 4227 595 4281 et
644 4228 874 4282 votum
936 4240 1146 4284 suum.
1239 4222 1331 4285 Et
1378 4222 1726 4287 benedixit

526 4306 683 4390 hely
714 4306 989 4373 helcane
1020 4318 1088 4373 et
1118 4311 1310 4374 uxori
1342 4311 1501 4393 ejuS.

1014 4485 1027 4515 ¹
1064 4484 1248 4534 lectulo
1270 4503 1281 4534 ε
1320 4484 1384 4534 N.
1394 4484 1475 4535 W.

2079 289 2496 346 DOMINICA
2547 290 2705 344 Illa·

2308 398 2461 454 568

1800 507 1865 581 (s
1909 503 2254 568 Dominica
2285 503 2383 587 iij.
2398 513 2549 586 post
2563 511 2820 568 octavas
2839 513 2992 584 pen-

1797 591 2102 657 thecostes.
2701 592 2917 655 Lectio
2925 592 2989 674 j.

1794 683 2178 813 Factum
2211 689 2517 763 est'ergo
2561 680 2629 744 in
2674 680 2785 743 die
2829 701 2994 762 qua-

1954 770 2112 833 dam
2131 769 2286 852 hely
2297 769 2562 852 jacebat
2581 769 2648 831 in
2672 768 2848 833 loco¹
2871 788 2993 832 suo

1797 866 1864 922 et
1917 858 2086 922 oculi
2135 859 2276 940 ejus
2335 858 2824 940 caligaverant:
2871 877 2990 919 nec

1793 954 2055 1028 poterat
2065 947 2289 1010 videre
2307 945 2638 1010 lucernam
2656 946 2790 1016 ,ἀεί’
2807 955 2994 1009 ante-

1796 1055 1998 1116 quam
2071 1037 2582 1118 extingueretur.
2719 1032 2990 1100 Samuel

1795 1133 2017 1187 autem
2052 1123 2420 1187 dormiebat
2451 1124 2518 1186 in
2564 1122 2820 1204 templo
2870 1121 2992 1184 do-

1797 1213 2002 1276 mini:
2049 1212 2160 1276 ubi
2221 1221 2363 1276 erat
2409 1209 2607 1275 archa
2665 1212 2791 1276 dei.
2901 1209 2994 1272 Et

1794 1301 2057 1365 vocavit
2105 1300 2415 1364 dominus
2473 1298 2745 1364 samuel.
2857 1297 2993 1380 Qui

1799 1390 2206 1472 respondens
2235 1390 2346 1454 ait.
2440 1389 2616 1453 Ecce
2663 1407 2806 1469 eg0.
2901 1386 2993 1449 Et

1796 1480 2080 1542 cucurrit
2111 1479 2197 1541 ad
2247 1476 2403 1560 hely
2435 1485 2504 1540 et
2533 1476 2725 1541 dixit.
2816 1474 2994 1538 Ecce

1799 1587 1940 1649 ego,
2061 1567 2334 1631 Vocasti
2387 1565 2566 1628 enim
2615 1583 2739 1629 me.
2859 1561 2994 1646 Qui

1795 1655 1986 1720 dixit.
2057 1655 2212 1718 Non
2242 1654 2470 1718 vocavi
2493 1663 2578 1719 te.
2642 1654 2997 1717 Revertere

1797 1753 1866 1808 et
1924 1744 2178 1807 dormi:
2224 1751 2292 1806 et
2345 1743 2508 1807 abiit
2551 1749 2621 1806 et
2664 1739 2996 1804 dormivit.

1798 1833 2093 1964 Εἰ]
1986 1833 2094 1915 adj
2102 1831 2229 1896 ecit
2243 1831 2552 1894 dominus
2566 1849 2798 1893 vocare
2813 1827 2914 1911 [L.
2927 1828 2994 1908 ij.

1950 1941 2202 1984 rursum
2236 1918 2502 1984 samuel.
2551 1917 2998 2000 consurgens-

1801 2029 1933 2093 que
1992 2007 2242 2072 samuel
2297 2008 2459 2072 abiit
2519 2007 2603 2070 ad
2665 2005 2864 2087 hely:
2927 2012 2996 2066 et

1801 2099 1991 2162 dixit.
2114 2098 2291 2161 Ecce
2345 2115 2472 2179 ego
2531 2095 2688 2178 quia
2746 2091 2998 2157 vocasti

1803 2206 1926 2251 me.
2017 2185 2150 2269 Qui
2201 2183 2539 2267 respondit
2571 2184 2726 2248 Non
2771 2181 3000 2245 vocavi

1801 2283 1870 2340 te
1900 2274 1994 2338 fili
2045 2275 2154 2338 mi.
2247 2274 2604 2337 Revertere
2653 2281 2721 2336 et
2767 2269 3000 2334 dormi.

1805 2365 2008 2427 Porro
2065 2361 2319 2426 samuel
2395 2361 2676 2425 necdum
2752 2358 3004 2422 sciebat

1802 2452 2151 2516 dominum
2185 2471 2401 2533 neque
2432 2449 2758 2514 revelatus
2789 2447 3006 2510 fuerat

1801 2542 1862 2605 ei
1894 2561 2110 2604 sermo
2140 2539 2410 2605 domini.
2673 2535 2885 2601 Lectio
2908 2533 3004 2617 iij.

1803 2632 1982 2762 Et
2027 2628 2271 2711 adjecit
2301 2627 2612 2692 dominus
2642 2635 2710 2690 et
2737 2626 3004 2689 vocavit

1953 2716 2171 2782 adhuc
2229 2717 2484 2781 samuel
2543 2715 2754 2779 tertio,
2869 2711 3004 2795 Qui

1804 2826 2202 2889 consurgens
2223 2805 2384 2869 abiit
2403 2806 2488 2869 ad
2508 2804 2666 2886 hely
2687 2825 2702 2867 ε
2728 2809 2795 2866 et
2813 2800 3004 2864 dixit.

1809 2897 1986 2960 Ecce
2038 2916 2164 2977 ego
2211 2895 2368 2978 quia
2396 2893 2646 2957 vocasti
2677 2912 2800 2955 me.
2895 2890 3008 2953 In-

1807 2984 2070 3049 tellexit
2101 3002 2258 3065 ergo
2303 2983 2462 3064 hely
2512 2981 2668 3065 quia
2697 2978 3006 3044 dominus

1810 3082 2078 3137 vocaret
2110 3091 2427 3154 puerum:
2475 3078 2544 3135 et
2591 3070 2685 3133 ait
2715 3068 2801 3132 ad
2834 3086 3008 3129 sam-

1815 3162 2048 3226 uelem.
2139 3160 2327 3223 Vade
2369 3170 2436 3223 et
2482 3158 2714 3223 dormi.
2819 3156 2908 3219 Et
2953 3152 3008 3216 si

1814 3251 2127 3332 deinceps
2203 3249 2538 3312 vocaverit
2625 3256 2732 3310 te:
2811 3244 3011 3308 Dices

1821 3340 2126 3421 Loquere
2150 3337 2418 3401 domine
2450 3335 2607 3420 quia
2657 3332 2846 3398 audit
2876 3351 3008 3395 ser-

1818 3448 1940 3491 vus
1969 3436 2140 3491 tuus,
2644 3421 2858 3486 Lectio
2888 3419 3011 3500 iiij.

1820 3515 2105 3649 Abiit
2137 3534 2295 3597 ergo
2324 3512 2576 3577 samuel
2608 3520 2676 3576 et
2705 3508 3015 3574 dormivit

1985 3624 2052 3667 m
2077 3604 2222 3667 loco
2253 3623 2392 3666 suo,
2471 3602 2564 3665 Et
2591 3600 2772 3663 venit
2803 3596 3017 3661 domi-

1823 3714 1945 3756 nus
1997 3702 2066 3756 et
2126 3692 2352 3756 stetit:
2397 3700 2468 3754 et
2525 3688 2786 3753 vocavit
2845 3686 3014 3749 sicut

1819 3790 2170 3846 vocaverat
2213 3779 2542 3843 secundo:
2593 3774 2865 3842 Samuel
2912 3793 3015 3836 sa-

1823 3869 2017 3934 muel.
2097 3870 2186 3933 Et
2237 3870 2330 3933 ait
2377 3866 2670 3931 samuel:
2715 3866 3018 3945 Loquere

1821 3958 2091 4021 domine
2143 3958 2300 4040 quia
2345 3955 2532 4020 audit
2579 3974 2804 4017 servus
2849 3961 3020 4015 tuus,

1827 4046 1918 4111 Et
1950 4046 2122 4110 dixit
2153 4046 2462 4109 dominus
2515 4043 2600 4107 ad
2637 4040 3020 4106 samuelem.

1827 4134 2002 4199 Ecce
2033 4155 2159 4238 ego
2189 4134 2359 4198 facio
2388 4133 2662 4197 verbum
2710 4132 2774 4193 in
2830 4127 3022 4192 israel

1826 4224 2005 4306 quod
2039 4225 2414 4307 quicunque
2459 4220 2778 4285 audierit:
2822 4216 3024 4281 tinni-

1825 4323 1941 4378 ent
1971 4312 2167 4377 ambe
2198 4332 2390 4376 aures
2412 4310 2572 4394 ejuS.
2723 4306 2933 4371 Lectio
2963 4326 3022 4373 v.

2180 4490 2200 4518 ²
2231 4486 2330 4537 diei
2351 4504 2362 4537 :
2397 4486 2479 4537 W.
2489 4488 2553 4535 N.
