<?xml version="1.0" encoding="UTF-8"?>
<!DOCTYPE html PUBLIC "-//W3C//DTD XHTML 1.0 Transitional//EN"
    "http://www.w3.org/TR/xhtml1/DTD/xhtml1-transitional.dtd">
<html xmlns="http://www.w3.org/1999/xhtml" xml:lang="en" lang="en">
 <head>
  <title>
</title>
<meta http-equiv="Content-Type" content="text/html;charset=utf-8" />
  <meta name='ocr-system' content='tesseract 3.04.00' />
  <meta name='ocr-capabilities' content='ocr_page ocr_carea ocr_par ocr_line ocrx_word'/>
</head>
<body>
  <div class='ocr_page' id='page_1' title='image "./publicationssur05unkngoog_0233.png"; bbox 0 0 3375 5100; ppageno 0'>
   <div class='ocr_carea' id='block_1_1' title="bbox 1433 314 2132 372">
    <p class='ocr_par' dir='ltr' id='par_1_1' title="bbox 1433 314 2132 372">
     <span class='ocr_line' id='line_1_1' title="bbox 1433 314 2132 372; baseline 0.003 -2"><span class='ocrx_word' id='word_1_1' title='bbox 1433 316 1684 372; x_wconf 80' lang='lat' dir='ltr'><em>FERJA</em></span> <span class='ocrx_word' id='word_1_2' title='bbox 1741 314 2132 372; x_wconf 80' lang='lat' dir='ltr'><em>SECUNDA</em></span> 
     </span>
    </p>
   </div>
   <div class='ocr_carea' id='block_1_2' title="bbox 1077 425 1195 479">
    <p class='ocr_par' dir='ltr' id='par_1_2' title="bbox 1077 425 1195 479">
     <span class='ocr_line' id='line_1_2' title="bbox 1077 425 1195 479; baseline -0.008 0"><span class='ocrx_word' id='word_1_3' title='bbox 1077 425 1195 479; x_wconf 79' lang='lat'><em>411</em></span> 
     </span>
    </p>
   </div>
   <div class='ocr_carea' id='block_1_3' title="bbox 521 530 1756 4415">
    <p class='ocr_par' dir='ltr' id='par_1_3' title="bbox 521 530 1756 4237">
     <span class='ocr_line' id='line_1_3' title="bbox 535 530 1737 614; baseline -0.002 -18"><span class='ocrx_word' id='word_1_4' title='bbox 535 531 647 596; x_wconf 83' lang='lat' dir='ltr'><em>vel</em></span> <span class='ocrx_word' id='word_1_5' title='bbox 685 530 953 614; x_wconf 82' lang='lat' dir='ltr'><em>aliquod</em></span> <span class='ocrx_word' id='word_1_6' title='bbox 991 531 1186 594; x_wconf 90' lang='lat' dir='ltr'><em>aliud</em></span> <span class='ocrx_word' id='word_1_7' title='bbox 1223 531 1500 595; x_wconf 83' lang='lat' dir='ltr'><em>evenerit</em></span> <span class='ocrx_word' id='word_1_8' title='bbox 1517 554 1541 594; x_wconf 93' lang='lat'><em>.·</em></span> <span class='ocrx_word' id='word_1_9' title='bbox 1596 530 1737 594; x_wconf 85' lang='lat' dir='ltr'><em>sive</em></span> 
     </span>
     <span class='ocr_line' id='line_1_4' title="bbox 534 619 1733 703; baseline 0 -21"><span class='ocrx_word' id='word_1_10' title='bbox 534 620 766 700; x_wconf 81' lang='lat' dir='ltr'><em>duplex</em></span> <span class='ocrx_word' id='word_1_11' title='bbox 799 620 937 683; x_wconf 86' lang='lat' dir='ltr'><em>sive</em></span> <span class='ocrx_word' id='word_1_12' title='bbox 970 619 1243 703; x_wconf 82' lang='lat' dir='ltr'><em>simplex</em></span> <span class='ocrx_word' id='word_1_13' title='bbox 1279 621 1472 702; x_wconf 85' lang='lat' dir='ltr'><em>quasi</em></span> <span class='ocrx_word' id='word_1_14' title='bbox 1513 639 1733 682; x_wconf 87' lang='lat' dir='ltr'><em>novem</em></span> 
     </span>
     <span class='ocr_line' id='line_1_5' title="bbox 535 707 1735 790; baseline -0.002 -18"><span class='ocrx_word' id='word_1_15' title='bbox 535 709 870 772; x_wconf 87' lang='lat' dir='ltr'><em>lectionum</em></span> <span class='ocrx_word' id='word_1_16' title='bbox 917 708 1089 772; x_wconf 81' lang='lat' dir='ltr'><em>nihil</em></span> <span class='ocrx_word' id='word_1_17' title='bbox 1112 707 1240 790; x_wconf 84' lang='lat' dir='ltr'><em>fiet</em></span> <span class='ocrx_word' id='word_1_18' title='bbox 1285 709 1380 772; x_wconf 85' lang='lat' dir='ltr'><em>ibi</em></span> <span class='ocrx_word' id='word_1_19' title='bbox 1410 709 1489 772; x_wconf 82' lang='lat' dir='ltr'><em>de</em></span> <span class='ocrx_word' id='word_1_20' title='bbox 1512 709 1735 790; x_wconf 87' lang='lat' dir='ltr'><em>festo:</em></span> 
     </span>
     <span class='ocr_line' id='line_1_6' title="bbox 534 796 1743 878; baseline 0 -19"><span class='ocrx_word' id='word_1_21' title='bbox 534 797 652 860; x_wconf 91' lang='lat' dir='ltr'><em>sed</em></span> <span class='ocrx_word' id='word_1_22' title='bbox 685 796 1033 878; x_wconf 74' lang='lat' dir='ltr'><em>differatur</em></span> <span class='ocrx_word' id='word_1_23' title='bbox 1075 797 1144 860; x_wconf 89' lang='lat' dir='ltr'><em>in</em></span> <span class='ocrx_word' id='word_1_24' title='bbox 1188 798 1592 861; x_wconf 88' lang='lat' dir='ltr'><em>crastinum:</em></span> <span class='ocrx_word' id='word_1_25' title='bbox 1639 797 1743 859; x_wconf 88' lang='lat' dir='ltr'><em>vel</em></span> 
     </span>
     <span class='ocr_line' id='line_1_7' title="bbox 522 885 1739 967; baseline 0 -20"><span class='ocrx_word' id='word_1_26' title='bbox 522 886 896 967; x_wconf 80' lang='lat' dir='ltr'><em>proximam</em></span> <span class='ocrx_word' id='word_1_27' title='bbox 938 885 1194 967; x_wconf 87' lang='lat' dir='ltr'><em>feriam</em></span> <span class='ocrx_word' id='word_1_28' title='bbox 1243 895 1619 950; x_wconf 89' lang='lat' dir='ltr'><em>vacantem:</em></span> <span class='ocrx_word' id='word_1_29' title='bbox 1677 893 1739 947; x_wconf 90' lang='lat' dir='ltr'><em>et</em></span> 
     </span>
     <span class='ocr_line' id='line_1_8' title="bbox 540 973 1739 1055; baseline -0.003 -17"><span class='ocrx_word' id='word_1_30' title='bbox 540 974 610 1038; x_wconf 88' lang='lat' dir='ltr'><em>in</em></span> <span class='ocrx_word' id='word_1_31' title='bbox 672 973 810 1055; x_wconf 71' lang='lat' dir='ltr'><em>ipsa</em></span> <span class='ocrx_word' id='word_1_32' title='bbox 878 973 1200 1037; x_wconf 88' lang='lat' dir='ltr'><em>dominica</em></span> <span class='ocrx_word' id='word_1_33' title='bbox 1271 973 1367 1036; x_wconf 88' lang='lat' dir='ltr'><em>ad</em></span> <span class='ocrx_word' id='word_1_34' title='bbox 1430 973 1739 1036; x_wconf 87' lang='lat' dir='ltr'><em>secundas</em></span> 
     </span>
     <span class='ocr_line' id='line_1_9' title="bbox 537 1061 1739 1143; baseline -0.002 -17"><span class='ocrx_word' id='word_1_35' title='bbox 537 1073 830 1143; x_wconf 82' lang='lat' dir='ltr'><em>vesperas</em></span> <span class='ocrx_word' id='word_1_36' title='bbox 900 1061 1204 1125; x_wconf 89' lang='lat' dir='ltr'><em>dicantur</em></span> <span class='ocrx_word' id='word_1_37' title='bbox 1263 1062 1606 1142; x_wconf 82' lang='lat' dir='ltr'><em>antiphone</em></span> <span class='ocrx_word' id='word_1_38' title='bbox 1660 1061 1739 1124; x_wconf 89' lang='lat' dir='ltr'><em>de</em></span> 
     </span>
     <span class='ocr_line' id='line_1_10' title="bbox 521 1149 1735 1233; baseline 0 -20"><span class='ocrx_word' id='word_1_39' title='bbox 521 1151 702 1232; x_wconf 85' lang='lat' dir='ltr'><em>festo</em></span> <span class='ocrx_word' id='word_1_40' title='bbox 773 1149 1017 1232; x_wconf 86' lang='lat' dir='ltr'><em>duplici</em></span> <span class='ocrx_word' id='word_1_41' title='bbox 1083 1171 1228 1212; x_wconf 89' lang='lat' dir='ltr'><em>cum</em></span> <span class='ocrx_word' id='word_1_42' title='bbox 1286 1150 1569 1233; x_wconf 87' lang='lat' dir='ltr'><em>psalmis</em></span> <span class='ocrx_word' id='word_1_43' title='bbox 1624 1149 1735 1212; x_wconf 88' lang='lat' dir='ltr'><em>do-</em></span> 
     </span>
     <span class='ocr_line' id='line_1_11' title="bbox 541 1237 1737 1302; baseline 0 -2"><span class='ocrx_word' id='word_1_44' title='bbox 541 1237 966 1302; x_wconf 85' lang='lat' dir='ltr'><em>minicalibus.</em></span> <span class='ocrx_word' id='word_1_45' title='bbox 1069 1239 1158 1302; x_wconf 82' lang='lat' dir='ltr'><em>Si</em></span> <span class='ocrx_word' id='word_1_46' title='bbox 1213 1259 1360 1302; x_wconf 89' lang='lat' dir='ltr'><em>vero</em></span> <span class='ocrx_word' id='word_1_47' title='bbox 1435 1238 1505 1302; x_wconf 92' lang='lat' dir='ltr'><em>in</em></span> <span class='ocrx_word' id='word_1_48' title='bbox 1578 1238 1737 1301; x_wconf 78' lang='lat' dir='ltr'><em>aliis·</em></span> 
     </span>
     <span class='ocr_line' id='line_1_12' title="bbox 537 1325 1736 1409; baseline -0.001 -20"><span class='ocrx_word' id='word_1_49' title='bbox 537 1325 877 1389; x_wconf 75' lang='lat' dir='ltr'><em>dominicis·</em></span> <span class='ocrx_word' id='word_1_50' title='bbox 927 1346 1122 1409; x_wconf 81' lang='lat' dir='ltr'><em>usque</em></span> <span class='ocrx_word' id='word_1_51' title='bbox 1173 1326 1271 1390; x_wconf 90' lang='lat' dir='ltr'><em>ad</em></span> <span class='ocrx_word' id='word_1_52' title='bbox 1317 1327 1736 1390; x_wconf 85' lang='lat' dir='ltr'><em>ascensionem</em></span> 
     </span>
     <span class='ocr_line' id='line_1_13' title="bbox 537 1413 1733 1497; baseline 0.001 -20"><span class='ocrx_word' id='word_1_53' title='bbox 537 1413 814 1478; x_wconf 85' lang='lat' dir='ltr'><em>evenerit</em></span> <span class='ocrx_word' id='word_1_54' title='bbox 842 1415 1095 1496; x_wconf 87' lang='lat' dir='ltr'><em>festum</em></span> <span class='ocrx_word' id='word_1_55' title='bbox 1147 1414 1384 1497; x_wconf 87' lang='lat' dir='ltr'><em>duplex</em></span> <span class='ocrx_word' id='word_1_56' title='bbox 1428 1415 1533 1478; x_wconf 86' lang='lat' dir='ltr'><em>vel</em></span> <span class='ocrx_word' id='word_1_57' title='bbox 1577 1415 1733 1478; x_wconf 88' lang='lat' dir='ltr'><em>sim-</em></span> 
     </span>
     <span class='ocr_line' id='line_1_14' title="bbox 523 1502 1739 1586; baseline 0.001 -21"><span class='ocrx_word' id='word_1_58' title='bbox 523 1502 680 1585; x_wconf 83' lang='lat' dir='ltr'><em>plex</em></span> <span class='ocrx_word' id='word_1_59' title='bbox 718 1522 860 1565; x_wconf 91' lang='lat' dir='ltr'><em>cum</em></span> <span class='ocrx_word' id='word_1_60' title='bbox 907 1502 1220 1585; x_wconf 87' lang='lat' dir='ltr'><em>regimine</em></span> <span class='ocrx_word' id='word_1_61' title='bbox 1261 1503 1438 1566; x_wconf 80' lang='lat' dir='ltr'><em>chori</em></span> <span class='ocrx_word' id='word_1_62' title='bbox 1483 1502 1578 1567; x_wconf 84' lang='lat' dir='ltr'><em>ibi</em></span> <span class='ocrx_word' id='word_1_63' title='bbox 1599 1503 1739 1586; x_wconf 86' lang='lat' dir='ltr'><em>fiat</em></span> 
     </span>
     <span class='ocr_line' id='line_1_15' title="bbox 539 1590 1736 1673; baseline 0 -19"><span class='ocrx_word' id='word_1_64' title='bbox 539 1590 619 1654; x_wconf 88' lang='lat' dir='ltr'><em>de</em></span> <span class='ocrx_word' id='word_1_65' title='bbox 658 1590 834 1672; x_wconf 87' lang='lat' dir='ltr'><em>sesto</em></span> <span class='ocrx_word' id='word_1_66' title='bbox 889 1600 954 1654; x_wconf 90' lang='lat' dir='ltr'><em>et</em></span> <span class='ocrx_word' id='word_1_67' title='bbox 1009 1591 1362 1673; x_wconf 75' lang='lat' dir='ltr'><em>differatur</em></span> <span class='ocrx_word' id='word_1_68' title='bbox 1415 1591 1736 1655; x_wconf 86' lang='lat' dir='ltr'><em>dominica</em></span> 
     </span>
     <span class='ocr_line' id='line_1_16' title="bbox 541 1679 1737 1762; baseline 0.002 -21"><span class='ocrx_word' id='word_1_69' title='bbox 541 1699 739 1762; x_wconf 87' lang='lat' dir='ltr'><em>usque</em></span> <span class='ocrx_word' id='word_1_70' title='bbox 794 1679 866 1742; x_wconf 86' lang='lat' dir='ltr'><em>in</em></span> <span class='ocrx_word' id='word_1_71' title='bbox 898 1680 1272 1762; x_wconf 82' lang='lat' dir='ltr'><em>proximam</em></span> <span class='ocrx_word' id='word_1_72' title='bbox 1316 1680 1574 1762; x_wconf 84' lang='lat' dir='ltr'><em>feriam</em></span> <span class='ocrx_word' id='word_1_73' title='bbox 1622 1700 1737 1743; x_wconf 88' lang='lat' dir='ltr'><em>va-</em></span> 
     </span>
     <span class='ocr_line' id='line_1_17' title="bbox 539 1768 1740 1850; baseline 0.002 -21"><span class='ocrx_word' id='word_1_74' title='bbox 539 1777 784 1831; x_wconf 86' lang='lat' dir='ltr'><em>cantem</em></span> <span class='ocrx_word' id='word_1_75' title='bbox 807 1790 832 1832; x_wconf 91' lang='lat'><em>:</em></span> <span class='ocrx_word' id='word_1_76' title='bbox 872 1777 934 1831; x_wconf 90' lang='lat' dir='ltr'><em>et</em></span> <span class='ocrx_word' id='word_1_77' title='bbox 962 1777 1112 1831; x_wconf 92' lang='lat' dir='ltr'><em>tunc</em></span> <span class='ocrx_word' id='word_1_78' title='bbox 1139 1768 1270 1850; x_wconf 91' lang='lat' dir='ltr'><em>ipso</em></span> <span class='ocrx_word' id='word_1_79' title='bbox 1297 1769 1403 1832; x_wconf 83' lang='lat' dir='ltr'><em>die</em></span> <span class='ocrx_word' id='word_1_80' title='bbox 1427 1768 1740 1832; x_wconf 85' lang='lat' dir='ltr'><em>dominico</em></span> 
     </span>
     <span class='ocr_line' id='line_1_18' title="bbox 543 1855 1741 1938; baseline 0.002 -20"><span class='ocrx_word' id='word_1_81' title='bbox 543 1855 727 1919; x_wconf 83' lang='lat' dir='ltr'><em>nutla</em></span> <span class='ocrx_word' id='word_1_82' title='bbox 746 1855 874 1938; x_wconf 84' lang='lat' dir='ltr'><em>fiet</em></span> <span class='ocrx_word' id='word_1_83' title='bbox 901 1857 1208 1922; x_wconf 81' lang='lat' dir='ltr'><em>memoria</em></span> <span class='ocrx_word' id='word_1_84' title='bbox 1251 1857 1330 1920; x_wconf 90' lang='lat' dir='ltr'><em>de</em></span> <span class='ocrx_word' id='word_1_85' title='bbox 1369 1856 1691 1920; x_wconf 87' lang='lat' dir='ltr'><em>dominica</em></span> <span class='ocrx_word' id='word_1_86' title='bbox 1716 1879 1741 1920; x_wconf 92' lang='lat'><em>.·</em></span> 
     </span>
     <span class='ocr_line' id='line_1_19' title="bbox 539 1945 1739 2009; baseline 0 -1"><span class='ocrx_word' id='word_1_87' title='bbox 539 1945 656 2008; x_wconf 86' lang='lat' dir='ltr'><em>sed</em></span> <span class='ocrx_word' id='word_1_88' title='bbox 680 1953 935 2008; x_wconf 87' lang='lat' dir='ltr'><em>tantum</em></span> <span class='ocrx_word' id='word_1_89' title='bbox 967 1947 1267 2008; x_wconf 86' lang='lat' dir='ltr'><em>memorie</em></span> <span class='ocrx_word' id='word_1_90' title='bbox 1309 1945 1388 2009; x_wconf 87' lang='lat' dir='ltr'><em>de</em></span> <span class='ocrx_word' id='word_1_91' title='bbox 1429 1965 1739 2009; x_wconf 89' lang='lat' dir='ltr'><em>resurrec-</em></span> 
     </span>
     <span class='ocr_line' id='line_1_20' title="bbox 541 2032 1743 2098; baseline 0.001 -3"><span class='ocrx_word' id='word_1_92' title='bbox 541 2033 708 2096; x_wconf 89' lang='lat' dir='ltr'><em>tione</em></span> <span class='ocrx_word' id='word_1_93' title='bbox 733 2056 757 2096; x_wconf 94' lang='lat'><em>.·</em></span> <span class='ocrx_word' id='word_1_94' title='bbox 799 2032 879 2096; x_wconf 89' lang='lat' dir='ltr'><em>de</em></span> <span class='ocrx_word' id='word_1_95' title='bbox 902 2033 1164 2098; x_wconf 87' lang='lat' dir='ltr'><em>domina</em></span> <span class='ocrx_word' id='word_1_96' title='bbox 1189 2057 1214 2096; x_wconf 92' lang='lat'><em>.·</em></span> <span class='ocrx_word' id='word_1_97' title='bbox 1255 2043 1319 2097; x_wconf 89' lang='lat' dir='ltr'><em>et</em></span> <span class='ocrx_word' id='word_1_98' title='bbox 1343 2033 1424 2098; x_wconf 87' lang='lat' dir='ltr'><em>de</em></span> <span class='ocrx_word' id='word_1_99' title='bbox 1447 2033 1743 2098; x_wconf 87' lang='lat' dir='ltr'><em>omnibus</em></span> 
     </span>
     <span class='ocr_line' id='line_1_21' title="bbox 539 2121 1744 2204; baseline 0 -20"><span class='ocrx_word' id='word_1_100' title='bbox 539 2121 794 2186; x_wconf 87' lang='lat' dir='ltr'><em>sanctis.</em></span> <span class='ocrx_word' id='word_1_101' title='bbox 900 2123 1002 2186; x_wconf 89' lang='lat' dir='ltr'><em>Et</em></span> <span class='ocrx_word' id='word_1_102' title='bbox 1054 2131 1348 2204; x_wconf 88' lang='lat' dir='ltr'><em>preterea</em></span> <span class='ocrx_word' id='word_1_103' title='bbox 1421 2122 1569 2185; x_wconf 88' lang='lat' dir='ltr'><em>licet</em></span> <span class='ocrx_word' id='word_1_104' title='bbox 1636 2121 1744 2184; x_wconf 88' lang='lat' dir='ltr'><em>die</em></span> 
     </span>
     <span class='ocr_line' id='line_1_22' title="bbox 543 2209 1741 2294; baseline -0.002 -20"><span class='ocrx_word' id='word_1_105' title='bbox 543 2210 864 2274; x_wconf 89' lang='lat' dir='ltr'><em>dominica</em></span> <span class='ocrx_word' id='word_1_106' title='bbox 927 2210 1170 2277; x_wconf 87' lang='lat' dir='ltr'><em>dictum</em></span> <span class='ocrx_word' id='word_1_107' title='bbox 1243 2211 1336 2274; x_wconf 89' lang='lat' dir='ltr'><em>sit</em></span> <span class='ocrx_word' id='word_1_108' title='bbox 1405 2210 1485 2275; x_wconf 84' lang='lat' dir='ltr'><em>de</em></span> <span class='ocrx_word' id='word_1_109' title='bbox 1544 2209 1741 2294; x_wconf 89' lang='lat' dir='ltr'><em>officio</em></span> 
     </span>
     <span class='ocr_line' id='line_1_23' title="bbox 541 2298 1741 2382; baseline 0.001 -21"><span class='ocrx_word' id='word_1_110' title='bbox 541 2298 920 2362; x_wconf 89' lang='lat' dir='ltr'><em>dominicali</em></span> <span class='ocrx_word' id='word_1_111' title='bbox 960 2308 1026 2362; x_wconf 89' lang='lat' dir='ltr'><em>et</em></span> <span class='ocrx_word' id='word_1_112' title='bbox 1059 2299 1249 2382; x_wconf 87' lang='lat' dir='ltr'><em>feria</em></span> <span class='ocrx_word' id='word_1_113' title='bbox 1299 2299 1361 2382; x_wconf 73' lang='lat' dir='ltr'><em>ij</em></span> <span class='ocrx_word' id='word_1_114' title='bbox 1404 2298 1741 2362; x_wconf 87' lang='lat' dir='ltr'><em>dicendum</em></span> 
     </span>
     <span class='ocr_line' id='line_1_24' title="bbox 539 2386 1741 2470; baseline 0 -20"><span class='ocrx_word' id='word_1_115' title='bbox 539 2387 636 2450; x_wconf 90' lang='lat' dir='ltr'><em>sit</em></span> <span class='ocrx_word' id='word_1_116' title='bbox 691 2387 770 2450; x_wconf 89' lang='lat' dir='ltr'><em>de</em></span> <span class='ocrx_word' id='word_1_117' title='bbox 798 2387 976 2468; x_wconf 87' lang='lat' dir='ltr'><em>festo</em></span> <span class='ocrx_word' id='word_1_118' title='bbox 1025 2388 1218 2470; x_wconf 84' lang='lat' dir='ltr'><em>quasi</em></span> <span class='ocrx_word' id='word_1_119' title='bbox 1274 2386 1360 2452; x_wconf 87' lang='lat' dir='ltr'><em>ix.</em></span> <span class='ocrx_word' id='word_1_120' title='bbox 1407 2387 1741 2451; x_wconf 89' lang='lat' dir='ltr'><em>lectionum</em></span> 
     </span>
     <span class='ocr_line' id='line_1_25' title="bbox 548 2475 1745 2559; baseline 0 -21"><span class='ocrx_word' id='word_1_121' title='bbox 548 2475 619 2538; x_wconf 92' lang='lat' dir='ltr'><em>in</em></span> <span class='ocrx_word' id='word_1_122' title='bbox 696 2476 971 2558; x_wconf 85' lang='lat' dir='ltr'><em>vesperis</em></span> <span class='ocrx_word' id='word_1_123' title='bbox 1047 2475 1152 2538; x_wconf 87' lang='lat' dir='ltr'><em>die</em></span> <span class='ocrx_word' id='word_1_124' title='bbox 1223 2475 1543 2539; x_wconf 88' lang='lat' dir='ltr'><em>dominica</em></span> <span class='ocrx_word' id='word_1_125' title='bbox 1623 2495 1745 2559; x_wconf 81' lang='lat' dir='ltr'><em>que</em></span> 
     </span>
     <span class='ocr_line' id='line_1_26' title="bbox 540 2565 1717 2647; baseline 0.001 -20"><span class='ocrx_word' id='word_1_126' title='bbox 540 2574 738 2627; x_wconf 83' lang='lat' dir='ltr'><em>erunt</em></span> <span class='ocrx_word' id='word_1_127' title='bbox 803 2565 881 2627; x_wconf 87' lang='lat' dir='ltr'><em>de</em></span> <span class='ocrx_word' id='word_1_128' title='bbox 924 2565 1150 2647; x_wconf 88' lang='lat' dir='ltr'><em>festo:</em></span> <span class='ocrx_word' id='word_1_129' title='bbox 1218 2566 1402 2629; x_wconf 91' lang='lat' dir='ltr'><em>nulla</em></span> <span class='ocrx_word' id='word_1_130' title='bbox 1443 2566 1717 2647; x_wconf 85' lang='lat' dir='ltr'><em>fietme</em></span> 
     </span>
     <span class='ocr_line' id='line_1_27' title="bbox 543 2652 1743 2717; baseline 0.001 -2"><span class='ocrx_word' id='word_1_131' title='bbox 543 2653 758 2715; x_wconf 89' lang='lat' dir='ltr'><em>moria</em></span> <span class='ocrx_word' id='word_1_132' title='bbox 799 2652 881 2716; x_wconf 85' lang='lat' dir='ltr'><em>de</em></span> <span class='ocrx_word' id='word_1_133' title='bbox 922 2652 1290 2717; x_wconf 83' lang='lat' dir='ltr'><em>dominica:</em></span> <span class='ocrx_word' id='word_1_134' title='bbox 1331 2654 1448 2716; x_wconf 90' lang='lat' dir='ltr'><em>sed</em></span> <span class='ocrx_word' id='word_1_135' title='bbox 1486 2662 1743 2717; x_wconf 86' lang='lat' dir='ltr'><em>tantum</em></span> 
     </span>
     <span class='ocr_line' id='line_1_28' title="bbox 539 2740 1741 2823; baseline 0.002 -20"><span class='ocrx_word' id='word_1_136' title='bbox 539 2740 624 2803; x_wconf 89' lang='lat' dir='ltr'><em>de</em></span> <span class='ocrx_word' id='word_1_137' title='bbox 654 2740 1102 2803; x_wconf 89' lang='lat' dir='ltr'><em>resurrectione</em></span> <span class='ocrx_word' id='word_1_138' title='bbox 1137 2750 1200 2804; x_wconf 89' lang='lat' dir='ltr'><em>et</em></span> <span class='ocrx_word' id='word_1_139' title='bbox 1225 2741 1382 2805; x_wconf 89' lang='lat' dir='ltr'><em>aliis</em></span> <span class='ocrx_word' id='word_1_140' title='bbox 1425 2751 1500 2804; x_wconf 88' lang='lat' dir='ltr'><em>ut</em></span> <span class='ocrx_word' id='word_1_141' title='bbox 1525 2752 1741 2823; x_wconf 87' lang='lat' dir='ltr'><em>supra.</em></span> 
     </span>
     <span class='ocr_line' id='line_1_29' title="bbox 551 2828 1743 2913; baseline 0.002 -22"><span class='ocrx_word' id='word_1_142' title='bbox 551 2834 614 2906; x_wconf 76' lang='lat' dir='ltr'><em>(s</em></span> <span class='ocrx_word' id='word_1_143' title='bbox 665 2828 720 2891; x_wconf 77' lang='lat' dir='ltr'><strong><em>S</em></strong></span> <span class='ocrx_word' id='word_1_144' title='bbox 723 2828 753 2889; x_wconf 87' lang='lat' dir='ltr'><em>i</em></span> <span class='ocrx_word' id='word_1_145' title='bbox 797 2850 943 2891; x_wconf 88' lang='lat' dir='ltr'><em>vero</em></span> <span class='ocrx_word' id='word_1_146' title='bbox 989 2830 1060 2892; x_wconf 90' lang='lat' dir='ltr'><em>in</em></span> <span class='ocrx_word' id='word_1_147' title='bbox 1089 2838 1310 2893; x_wconf 85' lang='lat' dir='ltr'><em>octava</em></span> <span class='ocrx_word' id='word_1_148' title='bbox 1338 2830 1576 2911; x_wconf 76' lang='lat' dir='ltr'><em>pasche</em></span> <span class='ocrx_word' id='word_1_149' title='bbox 1600 2832 1743 2913; x_wconf 87' lang='lat' dir='ltr'><em>fes-</em></span> 
     </span>
     <span class='ocr_line' id='line_1_30' title="bbox 549 2915 1745 2998; baseline 0.002 -18"><span class='ocrx_word' id='word_1_150' title='bbox 549 2926 688 2980; x_wconf 84' lang='lat' dir='ltr'><em>tum</em></span> <span class='ocrx_word' id='word_1_151' title='bbox 722 2915 814 2998; x_wconf 78' lang='lat' dir='ltr'><em>iij.</em></span> <span class='ocrx_word' id='word_1_152' title='bbox 848 2916 1182 2980; x_wconf 88' lang='lat' dir='ltr'><em>lectionum</em></span> <span class='ocrx_word' id='word_1_153' title='bbox 1212 2918 1530 2983; x_wconf 82' lang='lat' dir='ltr'><em>evenerit:</em></span> <span class='ocrx_word' id='word_1_154' title='bbox 1573 2918 1653 2983; x_wconf 85' lang='lat' dir='ltr'><em>de</em></span> <span class='ocrx_word' id='word_1_155' title='bbox 1677 2940 1745 2982; x_wconf 89' lang='lat' dir='ltr'><em>eo</em></span> 
     </span>
     <span class='ocr_line' id='line_1_31' title="bbox 527 3002 1749 3089; baseline 0.002 -22"><span class='ocrx_word' id='word_1_156' title='bbox 527 3002 700 3087; x_wconf 83' lang='lat' dir='ltr'><em>fiat¹</em></span> <span class='ocrx_word' id='word_1_157' title='bbox 736 3005 1057 3070; x_wconf 86' lang='lat' dir='ltr'><em>memoria.</em></span> <span class='ocrx_word' id='word_1_158' title='bbox 1153 3005 1483 3070; x_wconf 84' lang='lat' dir='ltr'><em>Similiter</em></span> <span class='ocrx_word' id='word_1_159' title='bbox 1505 3006 1643 3089; x_wconf 85' lang='lat' dir='ltr'><em>fiat</em></span> <span class='ocrx_word' id='word_1_160' title='bbox 1682 3006 1749 3070; x_wconf 90' lang='lat' dir='ltr'><em>si</em></span> 
     </span>
     <span class='ocr_line' id='line_1_32' title="bbox 549 3093 1747 3177; baseline 0.003 -22"><span class='ocrx_word' id='word_1_161' title='bbox 549 3093 620 3155; x_wconf 89' lang='lat' dir='ltr'><em>in</em></span> <span class='ocrx_word' id='word_1_162' title='bbox 694 3094 913 3157; x_wconf 87' lang='lat' dir='ltr'><em>ceteris</em></span> <span class='ocrx_word' id='word_1_163' title='bbox 983 3094 1324 3159; x_wconf 86' lang='lat' dir='ltr'><em>dominicis</em></span> <span class='ocrx_word' id='word_1_164' title='bbox 1391 3116 1500 3161; x_wconf 67' lang='lat' dir='ltr'><em>sm</em></span> <span class='ocrx_word' id='word_1_165' title='bbox 1543 3095 1747 3177; x_wconf 79' lang='lat' dir='ltr'><em>sestis</em></span> 
     </span>
     <span class='ocr_line' id='line_1_33' title="bbox 542 3181 1746 3247; baseline 0.002 -3"><span class='ocrx_word' id='word_1_166' title='bbox 542 3190 913 3245; x_wconf 89' lang='lat' dir='ltr'><em>sanctorum</em></span> <span class='ocrx_word' id='word_1_167' title='bbox 989 3181 1069 3245; x_wconf 92' lang='lat' dir='ltr'><em>ix.</em></span> <span class='ocrx_word' id='word_1_168' title='bbox 1145 3182 1475 3246; x_wconf 86' lang='lat' dir='ltr'><em>lectionum</em></span> <span class='ocrx_word' id='word_1_169' title='bbox 1548 3186 1746 3247; x_wconf 88' lang='lat' dir='ltr'><em>etiam</em></span> 
     </span>
     <span class='ocr_line' id='line_1_34' title="bbox 542 3268 1746 3353; baseline 0.002 -20"><span class='ocrx_word' id='word_1_170' title='bbox 542 3268 894 3351; x_wconf 84' lang='lat' dir='ltr'><em>duplicium</em></span> <span class='ocrx_word' id='word_1_171' title='bbox 945 3291 1140 3353; x_wconf 84' lang='lat' dir='ltr'><em>usque</em></span> <span class='ocrx_word' id='word_1_172' title='bbox 1191 3272 1287 3334; x_wconf 91' lang='lat' dir='ltr'><em>ad</em></span> <span class='ocrx_word' id='word_1_173' title='bbox 1324 3273 1746 3336; x_wconf 86' lang='lat' dir='ltr'><em>ascensionem</em></span> 
     </span>
     <span class='ocr_line' id='line_1_35' title="bbox 541 3358 1751 3442; baseline 0.002 -21"><span class='ocrx_word' id='word_1_174' title='bbox 541 3358 827 3421; x_wconf 84' lang='lat' dir='ltr'><em>evenerit</em></span> <span class='ocrx_word' id='word_1_175' title='bbox 847 3382 870 3423; x_wconf 95' lang='lat'><em>:</em></span> <span class='ocrx_word' id='word_1_176' title='bbox 929 3360 1238 3423; x_wconf 91' lang='lat' dir='ltr'><em>memoria</em></span> <span class='ocrx_word' id='word_1_177' title='bbox 1295 3360 1612 3442; x_wconf 86' lang='lat' dir='ltr'><em>siquidem</em></span> <span class='ocrx_word' id='word_1_178' title='bbox 1670 3361 1751 3424; x_wconf 91' lang='lat' dir='ltr'><em>de</em></span> 
     </span>
     <span class='ocr_line' id='line_1_36' title="bbox 542 3448 1748 3529; baseline 0.003 -19"><span class='ocrx_word' id='word_1_179' title='bbox 542 3456 763 3510; x_wconf 90' lang='lat' dir='ltr'><em>sancto</em></span> <span class='ocrx_word' id='word_1_180' title='bbox 795 3448 1079 3529; x_wconf 89' lang='lat' dir='ltr'><em>precedet</em></span> <span class='ocrx_word' id='word_1_181' title='bbox 1107 3450 1484 3512; x_wconf 86' lang='lat' dir='ltr'><em>memoriam</em></span> <span class='ocrx_word' id='word_1_182' title='bbox 1527 3448 1607 3512; x_wconf 92' lang='lat' dir='ltr'><em>de</em></span> <span class='ocrx_word' id='word_1_183' title='bbox 1649 3470 1748 3513; x_wconf 91' lang='lat' dir='ltr'><em>re·</em></span> 
     </span>
     <span class='ocr_line' id='line_1_37' title="bbox 543 3536 1751 3615; baseline 0.001 -16"><span class='ocrx_word' id='word_1_184' title='bbox 543 3536 950 3601; x_wconf 81' lang='lat' dir='ltr'><em>surrectione.</em></span> <span class='ocrx_word' id='word_1_185' title='bbox 1044 3540 1108 3615; x_wconf 70' lang='grc'><em>1[</em></span> <span class='ocrx_word' id='word_1_186' title='bbox 1158 3537 1246 3601; x_wconf 82' lang='lat' dir='ltr'><em>Si</em></span> <span class='ocrx_word' id='word_1_187' title='bbox 1285 3548 1498 3601; x_wconf 87' lang='lat' dir='ltr'><em>autem</em></span> <span class='ocrx_word' id='word_1_188' title='bbox 1545 3539 1616 3600; x_wconf 88' lang='lat' dir='ltr'><em>in</em></span> <span class='ocrx_word' id='word_1_189' title='bbox 1645 3538 1751 3600; x_wconf 87' lang='lat' dir='ltr'><em>die</em></span> 
     </span>
     <span class='ocr_line' id='line_1_38' title="bbox 529 3624 1749 3708; baseline 0.002 -22"><span class='ocrx_word' id='word_1_190' title='bbox 529 3624 778 3707; x_wconf 84' lang='lat' dir='ltr'><em>feriali</em></span> <span class='ocrx_word' id='word_1_191' title='bbox 805 3646 999 3707; x_wconf 87' lang='lat' dir='ltr'><em>usque</em></span> <span class='ocrx_word' id='word_1_192' title='bbox 1025 3625 1122 3688; x_wconf 88' lang='lat' dir='ltr'><em>ad</em></span> <span class='ocrx_word' id='word_1_193' title='bbox 1145 3628 1498 3708; x_wconf 81' lang='lat' dir='ltr'><em>rogationes</em></span> <span class='ocrx_word' id='word_1_194' title='bbox 1525 3626 1749 3708; x_wconf 77' lang='lat' dir='ltr'><em>ltuJ&#39;us-</em></span> 
     </span>
     <span class='ocr_line' id='line_1_39' title="bbox 553 3712 1749 3795; baseline 0.002 -20"><span class='ocrx_word' id='word_1_195' title='bbox 553 3712 730 3776; x_wconf 90' lang='lat' dir='ltr'><em>modi</em></span> <span class='ocrx_word' id='word_1_196' title='bbox 793 3714 1046 3795; x_wconf 87' lang='lat' dir='ltr'><em>festum</em></span> <span class='ocrx_word' id='word_1_197' title='bbox 1132 3715 1336 3777; x_wconf 89' lang='lat' dir='ltr'><em>trium</em></span> <span class='ocrx_word' id='word_1_198' title='bbox 1413 3714 1749 3778; x_wconf 86' lang='lat' dir='ltr'><em>lectionum</em></span> 
     </span>
     <span class='ocr_line' id='line_1_40' title="bbox 550 3802 1756 3885; baseline 0.002 -22"><span class='ocrx_word' id='word_1_199' title='bbox 550 3802 830 3864; x_wconf 85' lang='lat' dir='ltr'><em>evenerit</em></span> <span class='ocrx_word' id='word_1_200' title='bbox 844 3824 869 3864; x_wconf 94' lang='grc'><em>.·</em></span> <span class='ocrx_word' id='word_1_201' title='bbox 927 3803 1006 3866; x_wconf 90' lang='lat' dir='ltr'><em>de</em></span> <span class='ocrx_word' id='word_1_202' title='bbox 1049 3822 1118 3865; x_wconf 86' lang='lat' dir='ltr'><em>eo</em></span> <span class='ocrx_word' id='word_1_203' title='bbox 1162 3802 1422 3866; x_wconf 89' lang='lat' dir='ltr'><em>dicatur</em></span> <span class='ocrx_word' id='word_1_204' title='bbox 1465 3803 1600 3866; x_wconf 91' lang='lat' dir='ltr'><em>nisi</em></span> <span class='ocrx_word' id='word_1_205' title='bbox 1628 3815 1756 3885; x_wconf 89' lang='lat' dir='ltr'><em>per</em></span> 
     </span>
     <span class='ocr_line' id='line_1_41' title="bbox 546 3891 1753 3956; baseline 0.002 -3"><span class='ocrx_word' id='word_1_206' title='bbox 546 3891 1201 3955; x_wconf 87' lang='lat' dir='ltr'><em>commemorationem</em></span> <span class='ocrx_word' id='word_1_207' title='bbox 1276 3892 1450 3956; x_wconf 87' lang='lat' dir='ltr'><em>beate</em></span> <span class='ocrx_word' id='word_1_208' title='bbox 1525 3892 1616 3953; x_wconf 89' lang='lat' dir='ltr'><em>M</em></span> <span class='ocrx_word' id='word_1_209' title='bbox 1611 3892 1753 3956; x_wconf 83' lang='lat' dir='ltr'><em>arie</em></span> 
     </span>
     <span class='ocr_line' id='line_1_42' title="bbox 551 3978 1754 4060; baseline 0.002 -19"><span class='ocrx_word' id='word_1_210' title='bbox 551 3978 836 4059; x_wconf 78' lang='lat' dir='ltr'><em>virginis</em></span> <span class='ocrx_word' id='word_1_211' title='bbox 854 4003 878 4043; x_wconf 90' lang='lat'><em>.·</em></span> <span class='ocrx_word' id='word_1_212' title='bbox 931 3979 1038 4042; x_wconf 89' lang='lat' dir='ltr'><em>vel</em></span> <span class='ocrx_word' id='word_1_213' title='bbox 1089 3980 1244 4060; x_wconf 83' lang='lat' dir='ltr'><em>quia</em></span> <span class='ocrx_word' id='word_1_214' title='bbox 1303 3980 1380 4043; x_wconf 90' lang='lat' dir='ltr'><em>de</em></span> <span class='ocrx_word' id='word_1_215' title='bbox 1430 3980 1754 4044; x_wconf 89' lang='lat' dir='ltr'><em>dominica</em></span> 
     </span>
     <span class='ocr_line' id='line_1_43' title="bbox 535 4066 1716 4150; baseline 0.003 -21"><span class='ocrx_word' id='word_1_216' title='bbox 535 4066 878 4148; x_wconf 86' lang='lat' dir='ltr'><em>ferialiter</em></span> <span class='ocrx_word' id='word_1_217' title='bbox 904 4066 1037 4130; x_wconf 90' lang='lat' dir='ltr'><em>dici</em></span> <span class='ocrx_word' id='word_1_218' title='bbox 1061 4067 1280 4131; x_wconf 84' lang='lat' dir='ltr'><em>debeat</em></span> <span class='ocrx_word' id='word_1_219' title='bbox 1309 4068 1716 4150; x_wconf 84' lang='lat' dir='ltr'><em>impediatur.</em></span> 
     </span>
     <span class='ocr_line' id='line_1_44' title="bbox 556 4154 960 4237; baseline 0.005 -20"><span class='ocrx_word' id='word_1_220' title='bbox 556 4159 619 4231; x_wconf 75' lang='lat' dir='ltr'><em>(s</em></span> <span class='ocrx_word' id='word_1_221' title='bbox 665 4154 862 4217; x_wconf 78' lang='lat' dir='ltr'><em>Feria</em></span> <span class='ocrx_word' id='word_1_222' title='bbox 895 4155 960 4237; x_wconf 79' lang='lat' dir='ltr'><em>ij.</em></span> 
     </span>
    </p>

    <p class='ocr_par' dir='ltr' id='par_1_4' title="bbox 549 4242 1755 4415">
     <span class='ocr_line' id='line_1_45' title="bbox 549 4242 1755 4310; baseline 0 -2"><span class='ocrx_word' id='word_1_223' title='bbox 549 4242 676 4308; x_wconf 82' lang='lat' dir='ltr'><em>Ad</em></span> <span class='ocrx_word' id='word_1_224' title='bbox 698 4252 896 4306; x_wconf 86' lang='lat' dir='ltr'><em>matu.</em></span> <span class='ocrx_word' id='word_1_225' title='bbox 930 4243 1159 4308; x_wconf 86' lang='lat' dir='ltr'><em>invita.</em></span> <span class='ocrx_word' id='word_1_226' title='bbox 1207 4244 1508 4310; x_wconf 86' lang='lat' dir='ltr'><em>Surrexit</em></span> <span class='ocrx_word' id='word_1_227' title='bbox 1546 4246 1755 4308; x_wconf 89' lang='lat' dir='ltr'><em>domi-</em></span> 
     </span>
     <span class='ocr_line' id='line_1_46' title="bbox 557 4331 1753 4415; baseline 0.003 -21"><span class='ocrx_word' id='word_1_228' title='bbox 557 4352 680 4395; x_wconf 90' lang='lat' dir='ltr'><em>nus</em></span> <span class='ocrx_word' id='word_1_229' title='bbox 710 4352 877 4395; x_wconf 91' lang='lat' dir='ltr'><em>vere.</em></span> <span class='ocrx_word' id='word_1_230' title='bbox 968 4331 1277 4397; x_wconf 82' lang='lat' dir='ltr'><em>Alleluia.</em></span> <span class='ocrx_word' id='word_1_231' title='bbox 1345 4342 1446 4415; x_wconf 78' lang='lat' dir='ltr'><em>ps&#39;.</em></span> <span class='ocrx_word' id='word_1_232' title='bbox 1493 4334 1753 4399; x_wconf 89' lang='lat' dir='ltr'><em>Venite.</em></span> 
     </span>
    </p>
   </div>
   <div class='ocr_carea' id='block_1_4' title="bbox 833 4466 993 4531">
    <p class='ocr_par' dir='ltr' id='par_1_5' title="bbox 833 4466 993 4531">
     <span class='ocr_line' id='line_1_47' title="bbox 833 4466 993 4531; baseline 0 -16"><span class='ocrx_word' id='word_1_233' title='bbox 833 4466 993 4531; x_wconf 46' lang='grc' dir='ltr'><em>ψει.-</em></span> 
     </span>
    </p>
   </div>
   <div class='ocr_carea' id='block_1_5' title="bbox 963 4532 1719 4587">
    <p class='ocr_par' dir='ltr' id='par_1_6' title="bbox 963 4532 1719 4587">
     <span class='ocr_line' id='line_1_48' title="bbox 963 4532 1719 4587; baseline 0.004 -6.217"><span class='ocrx_word' id='word_1_234' title='bbox 963 4532 1330 4583; x_wconf 78' lang='lat' dir='ltr'><em>*dilectionem</em></span> <span class='ocrx_word' id='word_1_235' title='bbox 1355 4546 1600 4584; x_wconf 79' lang='lat' dir='ltr'><em>vestram:</em></span> <span class='ocrx_word' id='word_1_236' title='bbox 1637 4536 1719 4587; x_wconf 88' lang='lat' dir='ltr'><em>W.</em></span> 
     </span>
    </p>
   </div>
   <div class='ocr_carea' id='block_1_6' title="bbox 1503 4469 2041 4533">
    <p class='ocr_par' dir='ltr' id='par_1_7' title="bbox 1503 4469 2041 4533">
     <span class='ocr_line' id='line_1_49' title="bbox 1503 4469 2041 4533; baseline 0.004 -16.221"><span class='ocrx_word' id='word_1_237' title='bbox 1503 4470 1646 4533; x_wconf 81' lang='lat' dir='ltr'><em>²pro</em></span> <span class='ocrx_word' id='word_1_238' title='bbox 1675 4470 1796 4519; x_wconf 85' lang='lat' dir='ltr'><em>‘&#39;ab</em></span> <span class='ocrx_word' id='word_1_239' title='bbox 1822 4470 1922 4519; x_wconf 83' lang='lat' dir='ltr'><em>ad:</em></span> <span class='ocrx_word' id='word_1_240' title='bbox 1958 4469 2041 4519; x_wconf 88' lang='lat' dir='ltr'><em>W.</em></span> 
     </span>
    </p>
   </div>
   <div class='ocr_carea' id='block_1_7' title="bbox 1842 423 3034 594">
    <p class='ocr_par' dir='ltr' id='par_1_8' title="bbox 1842 423 3034 594">
     <span class='ocr_line' id='line_1_50' title="bbox 2361 423 2502 478; baseline 0.007 -1"><span class='ocrx_word' id='word_1_241' title='bbox 2361 423 2502 478; x_wconf 76' lang='lat'><em>412</em></span> 
     </span>
     <span class='ocr_line' id='line_1_51' title="bbox 1842 527 3034 594; baseline -0.003 0"><span class='ocrx_word' id='word_1_242' title='bbox 1842 531 1919 594; x_wconf 84' lang='lat' dir='ltr'><em>ln</em></span> <span class='ocrx_word' id='word_1_243' title='bbox 1980 539 2283 594; x_wconf 85' lang='lat' dir='ltr'><em>nocturno</em></span> <span class='ocrx_word' id='word_1_244' title='bbox 2331 539 2437 593; x_wconf 72' lang='lat' dir='ltr'><em>an.</em></span> <span class='ocrx_word' id='word_1_245' title='bbox 2528 528 2823 593; x_wconf 81' lang='lat' dir='ltr'><em>Alleluia</em></span> <span class='ocrx_word' id='word_1_246' title='bbox 2882 527 3034 592; x_wconf 84' lang='lat' dir='ltr'><em>all’a</em></span> 
     </span>
    </p>
   </div>
   <div class='ocr_carea' id='block_1_8' title="bbox 1816 618 3031 702">
    <p class='ocr_par' dir='ltr' id='par_1_9' title="bbox 1816 618 3031 702">
     <span class='ocr_line' id='line_1_52' title="bbox 1816 618 3031 702; baseline -0.002 -19"><span class='ocrx_word' id='word_1_247' title='bbox 1816 618 2001 684; x_wconf 85' lang='lat' dir='ltr'><em>&#39;all&#39;a.</em></span> <span class='ocrx_word' id='word_1_248' title='bbox 2075 629 2177 702; x_wconf 66' lang='lat' dir='ltr'><em>ps.</em></span> <span class='ocrx_word' id='word_1_249' title='bbox 2241 620 2411 685; x_wconf 90' lang='lat' dir='ltr'><em>Cum</em></span> <span class='ocrx_word' id='word_1_250' title='bbox 2462 619 2853 681; x_wconf 87' lang='lat' dir='ltr'><em>invocarem.</em></span> <span class='ocrx_word' id='word_1_251' title='bbox 2928 626 3031 698; x_wconf 67' lang='lat' dir='ltr'><em>ps.</em></span> 
     </span>
    </p>
   </div>
   <div class='ocr_carea' id='block_1_9' title="bbox 1834 706 3059 4416">
    <p class='ocr_par' dir='ltr' id='par_1_10' title="bbox 1834 706 3059 4416">
     <span class='ocr_line' id='line_1_53' title="bbox 1835 706 3031 789; baseline -0.003 -18"><span class='ocrx_word' id='word_1_252' title='bbox 1835 707 2058 772; x_wconf 86' lang='lat' dir='ltr'><em>Verba</em></span> <span class='ocrx_word' id='word_1_253' title='bbox 2104 728 2266 773; x_wconf 90' lang='lat' dir='ltr'><em>mea.</em></span> <span class='ocrx_word' id='word_1_254' title='bbox 2343 717 2441 789; x_wconf 69' lang='lat' dir='ltr'><em>ps.</em></span> <span class='ocrx_word' id='word_1_255' title='bbox 2494 706 2781 770; x_wconf 87' lang='lat' dir='ltr'><em>Domine</em></span> <span class='ocrx_word' id='word_1_256' title='bbox 2830 727 2916 768; x_wconf 89' lang='lat' dir='ltr'><em>ne</em></span> <span class='ocrx_word' id='word_1_257' title='bbox 2964 708 3031 769; x_wconf 89' lang='lat' dir='ltr'><em>in</em></span> 
     </span>
     <span class='ocr_line' id='line_1_54' title="bbox 1837 795 3032 882; baseline -0.002 -23"><span class='ocrx_word' id='word_1_258' title='bbox 1837 796 2050 860; x_wconf 84' lang='lat' dir='ltr'><em>furore</em></span> <span class='ocrx_word' id='word_1_259' title='bbox 2144 801 2167 875; x_wconf 87' lang='lat'><strong>(</strong></span> <span class='ocrx_word' id='word_1_260' title='bbox 2170 797 2259 880; x_wconf 85' lang='lat' dir='ltr'><em>j.)</em></span> <span class='ocrx_word' id='word_1_261' title='bbox 2322 812 2369 882; x_wconf 68' lang='lat' dir='ltr'>y</span> <span class='ocrx_word' id='word_1_262' title='bbox 2446 796 2836 859; x_wconf 88' lang='lat' dir='ltr'><em>Resurrexit</em></span> <span class='ocrx_word' id='word_1_263' title='bbox 2912 795 3032 858; x_wconf 91' lang='lat' dir='ltr'><em>do·-</em></span> 
     </span>
     <span class='ocr_line' id='line_1_55' title="bbox 1836 883 3033 948; baseline -0.002 0"><span class='ocrx_word' id='word_1_264' title='bbox 1836 885 2069 948; x_wconf 79' lang='lat' dir='ltr'><em>minuS.</em></span> <span class='ocrx_word' id='word_1_265' title='bbox 2367 883 2731 948; x_wconf 80' lang='lat' dir='ltr'><em>Secundum</em></span> <span class='ocrx_word' id='word_1_266' title='bbox 2762 883 3033 946; x_wconf 86' lang='lat' dir='ltr'><em>Lucam.</em></span> 
     </span>
     <span class='ocr_line' id='line_1_56' title="bbox 1834 971 3033 1106; baseline -0.002 -69"><span class='ocrx_word' id='word_1_267' title='bbox 1834 975 1985 1106; x_wconf 79' lang='lat' dir='ltr'><em>ln</em></span> <span class='ocrx_word' id='word_1_268' title='bbox 2062 973 2175 1036; x_wconf 93' lang='lat' dir='ltr'><em>illo</em></span> <span class='ocrx_word' id='word_1_269' title='bbox 2241 983 2589 1056; x_wconf 88' lang='lat' dir='ltr'><em>tempore:</em></span> <span class='ocrx_word' id='word_1_270' title='bbox 2685 971 3033 1035; x_wconf 85' lang='lat' dir='ltr'><em>Exeuntes</em></span> 
     </span>
     <span class='ocr_line' id='line_1_57' title="bbox 1942 1059 3032 1143; baseline -0.002 -19"><span class='ocrx_word' id='word_1_271' title='bbox 1942 1063 2075 1124; x_wconf 92' lang='lat' dir='ltr'><em>duo</em></span> <span class='ocrx_word' id='word_1_272' title='bbox 2106 1082 2194 1125; x_wconf 84' lang='lat' dir='ltr'><em>ex</em></span> <span class='ocrx_word' id='word_1_273' title='bbox 2226 1061 2563 1143; x_wconf 88' lang='lat' dir='ltr'><em>discipulis</em></span> <span class='ocrx_word' id='word_1_274' title='bbox 2593 1061 2751 1142; x_wconf 88' lang='lat' dir='ltr'><em>Jesu</em></span> <span class='ocrx_word' id='word_1_275' title='bbox 2780 1080 2795 1122; x_wconf 90' lang='lat'><em>:</em></span> <span class='ocrx_word' id='word_1_276' title='bbox 2844 1059 3032 1122; x_wconf 87' lang='lat' dir='ltr'><em>ibant</em></span> 
     </span>
     <span class='ocr_line' id='line_1_58' title="bbox 1836 1147 3033 1232; baseline -0.003 -20"><span class='ocrx_word' id='word_1_277' title='bbox 1836 1149 1981 1232; x_wconf 88' lang='lat' dir='ltr'><em>ipsa</em></span> <span class='ocrx_word' id='word_1_278' title='bbox 2025 1151 2135 1213; x_wconf 91' lang='lat' dir='ltr'><em>die</em></span> <span class='ocrx_word' id='word_1_279' title='bbox 2172 1150 2241 1212; x_wconf 87' lang='lat' dir='ltr'><em>in</em></span> <span class='ocrx_word' id='word_1_280' title='bbox 2272 1150 2613 1213; x_wconf 88' lang='lat' dir='ltr'><em>castellum</em></span> <span class='ocrx_word' id='word_1_281' title='bbox 2657 1147 2839 1231; x_wconf 88' lang='lat' dir='ltr'><em>quod</em></span> <span class='ocrx_word' id='word_1_282' title='bbox 2889 1157 3033 1210; x_wconf 89' lang='lat' dir='ltr'><em>erat</em></span> 
     </span>
     <span class='ocr_line' id='line_1_59' title="bbox 1836 1235 3035 1320; baseline -0.003 -19"><span class='ocrx_word' id='word_1_283' title='bbox 1836 1238 1903 1301; x_wconf 88' lang='lat' dir='ltr'><em>in</em></span> <span class='ocrx_word' id='word_1_284' title='bbox 1962 1239 2188 1320; x_wconf 88' lang='lat' dir='ltr'><em>spacio</em></span> <span class='ocrx_word' id='word_1_285' title='bbox 2253 1240 2619 1302; x_wconf 88' lang='lat' dir='ltr'><em>stadiorum</em></span> <span class='ocrx_word' id='word_1_286' title='bbox 2680 1235 3035 1318; x_wconf 82' lang='lat' dir='ltr'><em>sexaginta</em></span> 
     </span>
     <span class='ocr_line' id='line_1_60' title="bbox 1836 1325 3031 1390; baseline -0.003 0"><span class='ocrx_word' id='word_1_287' title='bbox 1836 1327 1965 1390; x_wconf 74' lang='lat' dir='ltr'><em>ab’</em></span> <span class='ocrx_word' id='word_1_288' title='bbox 2000 1325 2391 1390; x_wconf 87' lang='lat' dir='ltr'><em>hierusalem</em></span> <span class='ocrx_word' id='word_1_289' title='bbox 2442 1325 2709 1388; x_wconf 88' lang='lat' dir='ltr'><em>nomine</em></span> <span class='ocrx_word' id='word_1_290' title='bbox 2756 1344 3031 1387; x_wconf 87' lang='lat' dir='ltr'><em>emaus:</em></span> 
     </span>
     <span class='ocr_line' id='line_1_61' title="bbox 1834 1413 3033 1498; baseline -0.002 -20"><span class='ocrx_word' id='word_1_291' title='bbox 1834 1425 1903 1478; x_wconf 87' lang='lat' dir='ltr'><em>et</em></span> <span class='ocrx_word' id='word_1_292' title='bbox 1951 1415 2075 1498; x_wconf 90' lang='lat' dir='ltr'><em>ipsi</em></span> <span class='ocrx_word' id='word_1_293' title='bbox 2126 1414 2567 1497; x_wconf 86' lang='lat' dir='ltr'><em>loquebantur</em></span> <span class='ocrx_word' id='word_1_294' title='bbox 2614 1414 2701 1477; x_wconf 90' lang='lat' dir='ltr'><em>ad</em></span> <span class='ocrx_word' id='word_1_295' title='bbox 2748 1413 3033 1476; x_wconf 88' lang='lat' dir='ltr'><em>invicem</em></span> 
     </span>
     <span class='ocr_line' id='line_1_62' title="bbox 1835 1502 3032 1586; baseline -0.003 -19"><span class='ocrx_word' id='word_1_296' title='bbox 1835 1503 1921 1567; x_wconf 92' lang='lat' dir='ltr'><em>de</em></span> <span class='ocrx_word' id='word_1_297' title='bbox 1968 1505 2071 1566; x_wconf 90' lang='lat' dir='ltr'><em>his</em></span> <span class='ocrx_word' id='word_1_298' title='bbox 2110 1503 2417 1568; x_wconf 89' lang='lat' dir='ltr'><em>omnibus</em></span> <span class='ocrx_word' id='word_1_299' title='bbox 2456 1521 2589 1586; x_wconf 91' lang='lat' dir='ltr'><em>que</em></span> <span class='ocrx_word' id='word_1_300' title='bbox 2640 1502 3032 1566; x_wconf 85' lang='lat' dir='ltr'><em>acciderant.</em></span> 
     </span>
     <span class='ocr_line' id='line_1_63' title="bbox 1838 1591 2226 1675; baseline -0.003 -19"><span class='ocrx_word' id='word_1_301' title='bbox 1838 1591 1928 1656; x_wconf 91' lang='lat' dir='ltr'><em>Et</em></span> <span class='ocrx_word' id='word_1_302' title='bbox 1960 1592 2226 1675; x_wconf 88' lang='lat' dir='ltr'><em>reliqua.</em></span> 
     </span>
     <span class='ocr_line' id='line_1_64' title="bbox 1840 1675 3034 1761; baseline -0.005 -16"><span class='ocrx_word' id='word_1_303' title='bbox 1840 1679 2099 1745; x_wconf 88' lang='lat' dir='ltr'><em>Omelia</em></span> <span class='ocrx_word' id='word_1_304' title='bbox 2128 1679 2298 1744; x_wconf 85' lang='lat' dir='ltr'><em>beati</em></span> <span class='ocrx_word' id='word_1_305' title='bbox 2313 1677 2609 1761; x_wconf 80' lang='lat' dir='ltr'><em>gregorii</em></span> <span class='ocrx_word' id='word_1_306' title='bbox 2618 1687 2803 1760; x_wconf 86' lang='lat' dir='ltr'><em>pape.</em></span> <span class='ocrx_word' id='word_1_307' title='bbox 2862 1675 3034 1740; x_wconf 87' lang='lat' dir='ltr'><em>Lect.</em></span> 
     </span>
     <span class='ocr_line' id='line_1_65' title="bbox 1834 1765 3034 1902; baseline -0.003 -70"><span class='ocrx_word' id='word_1_308' title='bbox 1834 1769 1983 1902; x_wconf 77' lang='lat' dir='ltr'><em>ln</em></span> <span class='ocrx_word' id='word_1_309' title='bbox 2010 1769 2395 1850; x_wconf 90' lang='lat' dir='ltr'><em>quotidiana</em></span> <span class='ocrx_word' id='word_1_310' title='bbox 2426 1767 2617 1831; x_wconf 90' lang='lat' dir='ltr'><em>nobis</em></span> <span class='ocrx_word' id='word_1_311' title='bbox 2646 1787 2751 1830; x_wconf 90' lang='lat' dir='ltr'><em>so-</em></span> <span class='ocrx_word' id='word_1_312' title='bbox 2772 1765 3034 1848; x_wconf 87' lang='lat' dir='ltr'><em>[prima.</em></span> 
     </span>
     <span class='ocr_line' id='line_1_66' title="bbox 1943 1855 3039 1936; baseline -0.003 -17"><span class='ocrx_word' id='word_1_313' title='bbox 1943 1856 2257 1921; x_wconf 87' lang='lat' dir='ltr'><em>lennitate</em></span> <span class='ocrx_word' id='word_1_314' title='bbox 2287 1855 2775 1920; x_wconf 85' lang='lat' dir='ltr'><em>laborantibus:</em></span> <span class='ocrx_word' id='word_1_315' title='bbox 2822 1873 3039 1936; x_wconf 87' lang='lat' dir='ltr'><em>pauca</em></span> 
     </span>
     <span class='ocr_line' id='line_1_67' title="bbox 1837 1941 3037 2028; baseline -0.001 -21"><span class='ocrx_word' id='word_1_316' title='bbox 1837 1944 2171 2028; x_wconf 91' lang='lat' dir='ltr'><em>loquenda</em></span> <span class='ocrx_word' id='word_1_317' title='bbox 2218 1953 2409 2008; x_wconf 87' lang='lat' dir='ltr'><em>sunt:</em></span> <span class='ocrx_word' id='word_1_318' title='bbox 2472 1953 2543 2008; x_wconf 87' lang='lat' dir='ltr'><em>et</em></span> <span class='ocrx_word' id='word_1_319' title='bbox 2583 1944 2861 2007; x_wconf 84' lang='lat' dir='ltr'><em>sortasse</em></span> <span class='ocrx_word' id='word_1_320' title='bbox 2911 1941 3037 2006; x_wconf 89' lang='lat' dir='ltr'><em>hec</em></span> 
     </span>
     <span class='ocr_line' id='line_1_68' title="bbox 1837 2033 3037 2116; baseline -0.005 -18"><span class='ocrx_word' id='word_1_321' title='bbox 1837 2035 2061 2098; x_wconf 89' lang='lat' dir='ltr'><em>utilius</em></span> <span class='ocrx_word' id='word_1_322' title='bbox 2108 2033 2507 2116; x_wconf 86' lang='lat' dir='ltr'><em>proderunt:</em></span> <span class='ocrx_word' id='word_1_323' title='bbox 2551 2033 2707 2115; x_wconf 90' lang='lat' dir='ltr'><em>quia</em></span> <span class='ocrx_word' id='word_1_324' title='bbox 2760 2051 2919 2113; x_wconf 87' lang='lat' dir='ltr'><em>sepe</em></span> <span class='ocrx_word' id='word_1_325' title='bbox 2968 2038 3037 2093; x_wconf 89' lang='lat' dir='ltr'><em>et</em></span> 
     </span>
     <span class='ocr_line' id='line_1_69' title="bbox 1839 2118 3035 2204; baseline -0.003 -18"><span class='ocrx_word' id='word_1_326' title='bbox 1839 2123 2155 2186; x_wconf 87' lang='lat' dir='ltr'><em>alimenta</em></span> <span class='ocrx_word' id='word_1_327' title='bbox 2213 2141 2343 2204; x_wconf 92' lang='lat' dir='ltr'><em>que</em></span> <span class='ocrx_word' id='word_1_328' title='bbox 2396 2121 2613 2184; x_wconf 91' lang='lat' dir='ltr'><em>minus</em></span> <span class='ocrx_word' id='word_1_329' title='bbox 2660 2118 3035 2183; x_wconf 84' lang='lat' dir='ltr'><em>sufficiunt:</em></span> 
     </span>
     <span class='ocr_line' id='line_1_70' title="bbox 1838 2206 3037 2275; baseline -0.004 -1"><span class='ocrx_word' id='word_1_330' title='bbox 1838 2211 2095 2275; x_wconf 89' lang='lat' dir='ltr'><em>avidius</em></span> <span class='ocrx_word' id='word_1_331' title='bbox 2190 2219 2553 2274; x_wconf 87' lang='lat' dir='ltr'><em>sumuntur.</em></span> <span class='ocrx_word' id='word_1_332' title='bbox 2698 2206 3037 2271; x_wconf 87' lang='lat' dir='ltr'><em>Lectionis</em></span> 
     </span>
     <span class='ocr_line' id='line_1_71' title="bbox 1840 2297 3037 2380; baseline -0.004 -18"><span class='ocrx_word' id='word_1_333' title='bbox 1840 2319 1997 2380; x_wconf 86' lang='lat' dir='ltr'><em>ergo</em></span> <span class='ocrx_word' id='word_1_334' title='bbox 2044 2299 2420 2380; x_wconf 88' lang='lat' dir='ltr'><em>evangelice</em></span> <span class='ocrx_word' id='word_1_335' title='bbox 2460 2297 2843 2362; x_wconf 89' lang='lat' dir='ltr'><em>summatim</em></span> <span class='ocrx_word' id='word_1_336' title='bbox 2889 2315 3037 2358; x_wconf 89' lang='lat' dir='ltr'><em>sen-</em></span> 
     </span>
     <span class='ocr_line' id='line_1_72' title="bbox 1840 2381 3039 2468; baseline -0.004 -17"><span class='ocrx_word' id='word_1_337' title='bbox 1840 2407 1988 2452; x_wconf 88' lang='lat' dir='ltr'><em>sum</em></span> <span class='ocrx_word' id='word_1_338' title='bbox 2054 2388 2257 2451; x_wconf 89' lang='lat' dir='ltr'><em>statui</em></span> <span class='ocrx_word' id='word_1_339' title='bbox 2288 2387 2314 2424; x_wconf 81' lang='lat'><strong>³</strong></span> <span class='ocrx_word' id='word_1_340' title='bbox 2374 2407 2507 2450; x_wconf 90' lang='lat' dir='ltr'><em>non</em></span> <span class='ocrx_word' id='word_1_341' title='bbox 2586 2405 2705 2468; x_wconf 91' lang='lat' dir='ltr'><em>per</em></span> <span class='ocrx_word' id='word_1_342' title='bbox 2773 2381 3039 2466; x_wconf 87' lang='lat' dir='ltr'><em>singula</em></span> 
     </span>
     <span class='ocr_line' id='line_1_73' title="bbox 1840 2472 3037 2540; baseline -0.005 0"><span class='ocrx_word' id='word_1_343' title='bbox 1840 2476 2043 2540; x_wconf 86' lang='lat' dir='ltr'><em>verba</em></span> <span class='ocrx_word' id='word_1_344' title='bbox 2092 2475 2491 2540; x_wconf 85' lang='lat' dir='ltr'><em>discurrere:</em></span> <span class='ocrx_word' id='word_1_345' title='bbox 2555 2494 2637 2538; x_wconf 93' lang='lat' dir='ltr'><em>ne</em></span> <span class='ocrx_word' id='word_1_346' title='bbox 2686 2472 3037 2536; x_wconf 87' lang='lat' dir='ltr'><em>lectionem</em></span> 
     </span>
     <span class='ocr_line' id='line_1_74' title="bbox 1840 2561 3041 2645; baseline -0.004 -17"><span class='ocrx_word' id='word_1_347' title='bbox 1840 2573 2135 2629; x_wconf 88' lang='lat' dir='ltr'><em>nostram</em></span> <span class='ocrx_word' id='word_1_348' title='bbox 2160 2566 2183 2602; x_wconf 83' lang='lat'><strong>⁴</strong></span> <span class='ocrx_word' id='word_1_349' title='bbox 2215 2565 2437 2629; x_wconf 87' lang='lat' dir='ltr'><em>valeat</em></span> <span class='ocrx_word' id='word_1_350' title='bbox 2470 2583 2687 2627; x_wconf 88' lang='lat' dir='ltr'><em>sermo</em></span> <span class='ocrx_word' id='word_1_351' title='bbox 2716 2561 3041 2645; x_wconf 88' lang='lat' dir='ltr'><em>prolixior</em></span> 
     </span>
     <span class='ocr_line' id='line_1_75' title="bbox 1842 2651 3039 2737; baseline -0.004 -19"><span class='ocrx_word' id='word_1_352' title='bbox 1842 2654 2277 2737; x_wconf 85' lang='lat' dir='ltr'><em>expositionis</em></span> <span class='ocrx_word' id='word_1_353' title='bbox 2306 2672 2594 2717; x_wconf 88' lang='lat' dir='ltr'><em>onerare.</em></span> <span class='ocrx_word' id='word_1_354' title='bbox 2659 2651 2762 2715; x_wconf 90' lang='lat' dir='ltr'><em>Tu</em></span> <span class='ocrx_word' id='word_1_355' title='bbox 2796 2660 3039 2714; x_wconf 89' lang='lat' dir='ltr'><em>autem.</em></span> 
     </span>
     <span class='ocr_line' id='line_1_76' title="bbox 1840 2738 3043 2823; baseline -0.004 -18"><span class='ocrx_word' id='word_1_356' title='bbox 1840 2744 1955 2806; x_wconf 85' lang='lat' dir='ltr'><em>Re.</em></span> <span class='ocrx_word' id='word_1_357' title='bbox 2007 2742 2221 2806; x_wconf 87' lang='lat' dir='ltr'><em>Maria</em></span> <span class='ocrx_word' id='word_1_358' title='bbox 2265 2740 2703 2823; x_wconf 77' lang='lat' dir='ltr'><em>magdalena⁶</em></span> <span class='ocrx_word' id='word_1_359' title='bbox 2734 2748 2802 2802; x_wconf 92' lang='lat' dir='ltr'><em>et</em></span> <span class='ocrx_word' id='word_1_360' title='bbox 2832 2738 3043 2801; x_wconf 88' lang='lat' dir='ltr'><em>altera</em></span> 
     </span>
     <span class='ocr_line' id='line_1_77' title="bbox 1842 2828 3041 2895; baseline -0.004 -2"><span class='ocrx_word' id='word_1_361' title='bbox 1842 2830 2052 2895; x_wconf 89' lang='lat' dir='ltr'><em>maria</em></span> <span class='ocrx_word' id='word_1_362' title='bbox 2099 2830 2285 2894; x_wconf 89' lang='lat' dir='ltr'><em>ibant</em></span> <span class='ocrx_word' id='word_1_363' title='bbox 2331 2828 2623 2894; x_wconf 85' lang='lat' dir='ltr'><em>diluculo</em></span> <span class='ocrx_word' id='word_1_364' title='bbox 2672 2828 2756 2891; x_wconf 87' lang='lat' dir='ltr'><em>ad</em></span> <span class='ocrx_word' id='word_1_365' title='bbox 2804 2846 3041 2889; x_wconf 88' lang='lat' dir='ltr'><em>monu-</em></span> 
     </span>
     <span class='ocr_line' id='line_1_78' title="bbox 1842 2914 3042 3001; baseline -0.003 -20"><span class='ocrx_word' id='word_1_366' title='bbox 1842 2929 2183 2983; x_wconf 85' lang='lat' dir='ltr'><em>mentum:</em></span> <span class='ocrx_word' id='word_1_367' title='bbox 2234 2920 2463 3001; x_wconf 87' lang='lat' dir='ltr'><em>Jesum</em></span> <span class='ocrx_word' id='word_1_368' title='bbox 2518 2936 2717 3001; x_wconf 89' lang='lat' dir='ltr'><em>quem</em></span> <span class='ocrx_word' id='word_1_369' title='bbox 2766 2914 3042 2997; x_wconf 88' lang='lat' dir='ltr'><em>queritis</em></span> 
     </span>
     <span class='ocr_line' id='line_1_79' title="bbox 1844 3003 3043 3071; baseline -0.005 0"><span class='ocrx_word' id='word_1_370' title='bbox 1844 3028 1977 3071; x_wconf 91' lang='lat' dir='ltr'><em>non</em></span> <span class='ocrx_word' id='word_1_371' title='bbox 2010 3018 2108 3071; x_wconf 67' lang='lat' dir='ltr'><em>est</em></span> <span class='ocrx_word' id='word_1_372' title='bbox 2141 3007 2246 3071; x_wconf 89' lang='lat' dir='ltr'><em>hic</em></span> <span class='ocrx_word' id='word_1_373' title='bbox 2277 3006 2561 3070; x_wconf 87' lang='lat' dir='ltr'><em>surrexit</em></span> <span class='ocrx_word' id='word_1_374' title='bbox 2586 3006 2755 3069; x_wconf 90' lang='lat' dir='ltr'><em>sicut</em></span> <span class='ocrx_word' id='word_1_375' title='bbox 2787 3003 3043 3067; x_wconf 85' lang='lat' dir='ltr'><em>locutus</em></span> 
     </span>
     <span class='ocr_line' id='line_1_80' title="bbox 1842 3092 3045 3173; baseline -0.005 -14"><span class='ocrx_word' id='word_1_376' title='bbox 1842 3107 1959 3161; x_wconf 91' lang='lat' dir='ltr'><em>est.</em></span> <span class='ocrx_word' id='word_1_377' title='bbox 2051 3096 2368 3160; x_wconf 87' lang='lat' dir='ltr'><em>Precedet</em></span> <span class='ocrx_word' id='word_1_378' title='bbox 2410 3115 2529 3158; x_wconf 90' lang='lat' dir='ltr'><em>vos</em></span> <span class='ocrx_word' id='word_1_379' title='bbox 2576 3096 2643 3157; x_wconf 89' lang='lat' dir='ltr'><em>in</em></span> <span class='ocrx_word' id='word_1_380' title='bbox 2689 3092 3045 3173; x_wconf 81' lang='lat' dir='ltr'><em>galileam:</em></span> 
     </span>
     <span class='ocr_line' id='line_1_81' title="bbox 1844 3178 3043 3249; baseline -0.006 -1"><span class='ocrx_word' id='word_1_381' title='bbox 1844 3185 1933 3249; x_wconf 89' lang='lat' dir='ltr'><em>ibi</em></span> <span class='ocrx_word' id='word_1_382' title='bbox 1995 3204 2148 3248; x_wconf 89' lang='lat' dir='ltr'><em>eum</em></span> <span class='ocrx_word' id='word_1_383' title='bbox 2195 3184 2505 3248; x_wconf 88' lang='lat' dir='ltr'><em>videbitis</em></span> <span class='ocrx_word' id='word_1_384' title='bbox 2564 3181 2827 3245; x_wconf 88' lang='lat' dir='ltr'><em>alleluia</em></span> <span class='ocrx_word' id='word_1_385' title='bbox 2886 3178 3043 3242; x_wconf 85' lang='lat' dir='ltr'><em>alle-</em></span> 
     </span>
     <span class='ocr_line' id='line_1_82' title="bbox 1847 3267 3047 3360; baseline -0.004 -24"><span class='ocrx_word' id='word_1_386' title='bbox 1847 3271 1992 3336; x_wconf 87' lang='lat' dir='ltr'><em>luia.</em></span> <span class='ocrx_word' id='word_1_387' title='bbox 2091 3289 2133 3360; x_wconf 69' lang='lat' dir='ltr'>y</span> <span class='ocrx_word' id='word_1_388' title='bbox 2188 3272 2342 3338; x_wconf 89' lang='lat' dir='ltr'><em>Cito</em></span> <span class='ocrx_word' id='word_1_389' title='bbox 2384 3279 2615 3335; x_wconf 88' lang='lat' dir='ltr'><em>euntes</em></span> <span class='ocrx_word' id='word_1_390' title='bbox 2657 3270 2857 3333; x_wconf 90' lang='lat' dir='ltr'><em>dicite</em></span> <span class='ocrx_word' id='word_1_391' title='bbox 2909 3267 3047 3331; x_wconf 89' lang='lat' dir='ltr'><em>dis-</em></span> 
     </span>
     <span class='ocr_line' id='line_1_83' title="bbox 1847 3356 3047 3443; baseline -0.007 -16"><span class='ocrx_word' id='word_1_392' title='bbox 1847 3359 2081 3443; x_wconf 88' lang='lat' dir='ltr'><em>cipulis</em></span> <span class='ocrx_word' id='word_1_393' title='bbox 2168 3360 2310 3442; x_wconf 90' lang='lat' dir='ltr'><em>ejus</em></span> <span class='ocrx_word' id='word_1_394' title='bbox 2392 3370 2459 3424; x_wconf 85' lang='lat' dir='ltr'><em>et</em></span> <span class='ocrx_word' id='word_1_395' title='bbox 2542 3369 2731 3443; x_wconf 88' lang='lat' dir='ltr'><em>petro</em></span> <span class='ocrx_word' id='word_1_396' title='bbox 2776 3378 2791 3421; x_wconf 92' lang='lat'><em>:</em></span> <span class='ocrx_word' id='word_1_397' title='bbox 2888 3356 3047 3437; x_wconf 88' lang='lat' dir='ltr'><em>quia</em></span> 
     </span>
     <span class='ocr_line' id='line_1_84' title="bbox 1848 3446 3046 3513; baseline -0.006 0"><span class='ocrx_word' id='word_1_398' title='bbox 1848 3449 2133 3513; x_wconf 84' lang='lat' dir='ltr'><em>surrexit</em></span> <span class='ocrx_word' id='word_1_399' title='bbox 2164 3449 2487 3513; x_wconf 91' lang='lat' dir='ltr'><em>dominus.</em></span> <span class='ocrx_word' id='word_1_400' title='bbox 2581 3446 2894 3511; x_wconf 88' lang='lat' dir='ltr'><em>Precedet</em></span> <span class='ocrx_word' id='word_1_401' title='bbox 2926 3464 3046 3507; x_wconf 88' lang='lat' dir='ltr'><em>vos</em></span> 
     </span>
     <span class='ocr_line' id='line_1_85' title="bbox 1849 3532 3045 3619; baseline -0.003 -18"><span class='ocrx_word' id='word_1_402' title='bbox 1849 3540 1913 3601; x_wconf 91' lang='lat' dir='ltr'><em>in</em></span> <span class='ocrx_word' id='word_1_403' title='bbox 1948 3537 2277 3619; x_wconf 84' lang='lat' dir='ltr'><em>galileam.</em></span> <span class='ocrx_word' id='word_1_404' title='bbox 2727 3533 2943 3597; x_wconf 86' lang='lat' dir='ltr'><em>Lectio</em></span> <span class='ocrx_word' id='word_1_405' title='bbox 2974 3532 3045 3615; x_wconf 73' lang='lat' dir='ltr'><em>if.</em></span> 
     </span>
     <span class='ocr_line' id='line_1_86' title="bbox 1847 3620 3049 3758; baseline -0.007 -67"><span class='ocrx_word' id='word_1_406' title='bbox 1847 3628 2110 3758; x_wconf 81' lang='lat' dir='ltr'><em>Ecce</em></span> <span class='ocrx_word' id='word_1_407' title='bbox 2172 3626 2447 3690; x_wconf 86' lang='lat' dir='ltr'><em>audistis</em></span> <span class='ocrx_word' id='word_1_408' title='bbox 2506 3623 2736 3687; x_wconf 84' lang='lat' dir='ltr'><em>fratres</em></span> <span class='ocrx_word' id='word_1_409' title='bbox 2804 3620 3049 3685; x_wconf 89' lang='lat' dir='ltr'><em>charis·</em></span> 
     </span>
     <span class='ocr_line' id='line_1_87' title="bbox 1998 3707 3049 3797; baseline -0.008 -19"><span class='ocrx_word' id='word_1_410' title='bbox 1998 3716 2145 3778; x_wconf 88' lang='lat' dir='ltr'><em>simi</em></span> <span class='ocrx_word' id='word_1_411' title='bbox 2174 3736 2189 3779; x_wconf 90' lang='lat'><em>:</em></span> <span class='ocrx_word' id='word_1_412' title='bbox 2235 3715 2394 3797; x_wconf 89' lang='lat' dir='ltr'><em>quia</em></span> <span class='ocrx_word' id='word_1_413' title='bbox 2422 3714 2680 3776; x_wconf 90' lang='lat' dir='ltr'><em>duobus</em></span> <span class='ocrx_word' id='word_1_414' title='bbox 2710 3707 3049 3793; x_wconf 89' lang='lat' dir='ltr'><em>discipulis</em></span> 
     </span>
     <span class='ocr_line' id='line_1_88' title="bbox 1850 3798 3049 3879; baseline -0.007 -12"><span class='ocrx_word' id='word_1_415' title='bbox 1850 3803 2341 3867; x_wconf 89' lang='lat' dir='ltr'><em>ambulantibus</em></span> <span class='ocrx_word' id='word_1_416' title='bbox 2404 3804 2469 3865; x_wconf 91' lang='lat' dir='ltr'><em>in</em></span> <span class='ocrx_word' id='word_1_417' title='bbox 2519 3802 2664 3865; x_wconf 87' lang='lat' dir='ltr'><em>via:</em></span> <span class='ocrx_word' id='word_1_418' title='bbox 2710 3819 2843 3863; x_wconf 90' lang='lat' dir='ltr'><em>non</em></span> <span class='ocrx_word' id='word_1_419' title='bbox 2904 3798 3049 3879; x_wconf 90' lang='lat' dir='ltr'><em>qui·</em></span> 
     </span>
     <span class='ocr_line' id='line_1_89' title="bbox 1851 3887 3051 3956; baseline -0.008 0"><span class='ocrx_word' id='word_1_420' title='bbox 1851 3893 2004 3956; x_wconf 91' lang='lat' dir='ltr'><em>dem</em></span> <span class='ocrx_word' id='word_1_421' title='bbox 2038 3892 2495 3956; x_wconf 88' lang='lat' dir='ltr'><em>credentibus:</em></span> <span class='ocrx_word' id='word_1_422' title='bbox 2542 3889 2659 3952; x_wconf 92' lang='lat' dir='ltr'><em>sed</em></span> <span class='ocrx_word' id='word_1_423' title='bbox 2704 3898 2929 3951; x_wconf 84' lang='lat' dir='ltr'><em>tamen</em></span> <span class='ocrx_word' id='word_1_424' title='bbox 2962 3887 3051 3949; x_wconf 91' lang='lat' dir='ltr'><em>de</em></span> 
     </span>
     <span class='ocr_line' id='line_1_90' title="bbox 1850 3978 3051 4063; baseline -0.007 -18"><span class='ocrx_word' id='word_1_425' title='bbox 1850 4002 1922 4045; x_wconf 91' lang='lat' dir='ltr'><em>se</em></span> <span class='ocrx_word' id='word_1_426' title='bbox 1983 3981 2402 4063; x_wconf 89' lang='lat' dir='ltr'><em>loquentibus</em></span> <span class='ocrx_word' id='word_1_427' title='bbox 2474 3978 2783 4042; x_wconf 90' lang='lat' dir='ltr'><em>dominus</em></span> <span class='ocrx_word' id='word_1_428' title='bbox 2843 3994 3051 4057; x_wconf 88' lang='lat' dir='ltr'><em>appa-</em></span> 
     </span>
     <span class='ocr_line' id='line_1_91' title="bbox 1852 4066 3053 4148; baseline -0.007 -15"><span class='ocrx_word' id='word_1_429' title='bbox 1852 4070 2031 4133; x_wconf 89' lang='lat' dir='ltr'><em>ruit:</em></span> <span class='ocrx_word' id='word_1_430' title='bbox 2105 4068 2222 4132; x_wconf 91' lang='lat' dir='ltr'><em>sed</em></span> <span class='ocrx_word' id='word_1_431' title='bbox 2284 4068 2425 4148; x_wconf 90' lang='lat' dir='ltr'><em>ejus</em></span> <span class='ocrx_word' id='word_1_432' title='bbox 2498 4066 2787 4148; x_wconf 89' lang='lat' dir='ltr'><em>speciem</em></span> <span class='ocrx_word' id='word_1_433' title='bbox 2847 4082 3053 4145; x_wconf 90' lang='lat' dir='ltr'><em>quam</em></span> 
     </span>
     <span class='ocr_line' id='line_1_92' title="bbox 1854 4152 3055 4239; baseline -0.005 -18"><span class='ocrx_word' id='word_1_434' title='bbox 1854 4166 2396 4239; x_wconf 88' lang='lat' dir='ltr'><em>recognoscerent</em></span> <span class='ocrx_word' id='word_1_435' title='bbox 2504 4175 2637 4218; x_wconf 91' lang='lat' dir='ltr'><em>non</em></span> <span class='ocrx_word' id='word_1_436' title='bbox 2743 4152 3055 4216; x_wconf 89' lang='lat' dir='ltr'><em>ostendit.</em></span> 
     </span>
     <span class='ocr_line' id='line_1_93' title="bbox 1862 4240 3059 4328; baseline -0.007 -17"><span class='ocrx_word' id='word_1_437' title='bbox 1862 4247 2014 4311; x_wconf 87' lang='lat' dir='ltr'><em>Hoc</em></span> <span class='ocrx_word' id='word_1_438' title='bbox 2084 4267 2242 4328; x_wconf 86' lang='lat' dir='ltr'><em>ergo</em></span> <span class='ocrx_word' id='word_1_439' title='bbox 2318 4245 2454 4327; x_wconf 86' lang='lat' dir='ltr'><em>egit</em></span> <span class='ocrx_word' id='word_1_440' title='bbox 2522 4243 2677 4307; x_wconf 87' lang='lat' dir='ltr'><em>soris</em></span> <span class='ocrx_word' id='word_1_441' title='bbox 2745 4240 3059 4305; x_wconf 89' lang='lat' dir='ltr'><em>dominus</em></span> 
     </span>
     <span class='ocr_line' id='line_1_94' title="bbox 1859 4329 3055 4416; baseline -0.005 -17"><span class='ocrx_word' id='word_1_442' title='bbox 1859 4336 1925 4399; x_wconf 89' lang='lat' dir='ltr'><em>in</em></span> <span class='ocrx_word' id='word_1_443' title='bbox 1974 4335 2179 4398; x_wconf 92' lang='lat' dir='ltr'><em>oculis</em></span> <span class='ocrx_word' id='word_1_444' title='bbox 2236 4332 2569 4416; x_wconf 86' lang='lat' dir='ltr'><em>corporis:</em></span> <span class='ocrx_word' id='word_1_445' title='bbox 2633 4329 2815 4415; x_wconf 92' lang='lat' dir='ltr'><em>quod</em></span> <span class='ocrx_word' id='word_1_446' title='bbox 2876 4330 3055 4411; x_wconf 89' lang='lat' dir='ltr'><em>apud</em></span> 
     </span>
    </p>
   </div>
   <div class='ocr_carea' id='block_1_10' title="bbox 2156 4466 2783 4599">
    <p class='ocr_par' dir='ltr' id='par_1_11' title="bbox 2209 4466 2783 4599">
     <span class='ocr_line' id='line_1_95' title="bbox 2410 4466 2783 4517; baseline -0.005 0"><span class='ocrx_word' id='word_1_447' title='bbox 2410 4470 2429 4499; x_wconf 79' lang='lat'><strong>³</strong></span> <span class='ocrx_word' id='word_1_448' title='bbox 2462 4468 2627 4517; x_wconf 80' lang='lat' dir='ltr'><em>statim</em></span> <span class='ocrx_word' id='word_1_449' title='bbox 2654 4486 2666 4516; x_wconf 75' lang='grc' dir='ltr'><strong><em>ε</em></strong></span> <span class='ocrx_word' id='word_1_450' title='bbox 2702 4466 2783 4515; x_wconf 93' lang='lat' dir='ltr'><em>W.</em></span> 
     </span>
     <span class='ocr_line' id='line_1_96' title="bbox 2156 4534 2652 4599; baseline -0.007 -13.641"><span class='ocrx_word' id='word_1_451' title='bbox 2156 4535 2533 4599; x_wconf 49' lang='lat' dir='ltr'><em>‘magdalena</em></span> <span class='ocrx_word' id='word_1_452' title='bbox 2572 4534 2652 4582; x_wconf 88' lang='lat' dir='ltr'>W.</span> 
     </span>
    </p>
   </div>
  </div>
 </body>
</html>
