<?xml version="1.0" encoding="UTF-8"?>
<!DOCTYPE html PUBLIC "-//W3C//DTD XHTML 1.0 Transitional//EN"
    "http://www.w3.org/TR/xhtml1/DTD/xhtml1-transitional.dtd">
<html xmlns="http://www.w3.org/1999/xhtml" xml:lang="en" lang="en">
 <head>
  <title>
</title>
<meta http-equiv="Content-Type" content="text/html;charset=utf-8" />
  <meta name='ocr-system' content='tesseract 3.04.00' />
  <meta name='ocr-capabilities' content='ocr_page ocr_carea ocr_par ocr_line ocrx_word'/>
</head>
<body>
  <div class='ocr_page' id='page_1' title='image "./publicationssur05unkngoog_0357.png"; bbox 0 0 3375 5100; ppageno 0'>
   <div class='ocr_carea' id='block_1_1' title="bbox 1589 359 1997 414">
    <p class='ocr_par' dir='ltr' id='par_1_1' title="bbox 1589 359 1997 414">
     <span class='ocr_line' id='line_1_1' title="bbox 1589 359 1997 414; baseline 0 0"><span class='ocrx_word' id='word_1_1' title='bbox 1589 361 1688 414; x_wconf 88' lang='lat' dir='ltr'><strong>IN</strong></span> <span class='ocrx_word' id='word_1_2' title='bbox 1732 359 1997 414; x_wconf 78' lang='lat' dir='ltr'><em>FESTO</em></span> 
     </span>
    </p>
   </div>
   <div class='ocr_carea' id='block_1_2' title="bbox 1075 469 1230 522">
    <p class='ocr_par' dir='ltr' id='par_1_2' title="bbox 1075 469 1230 522">
     <span class='ocr_line' id='line_1_2' title="bbox 1075 469 1230 522; baseline 0 0"><span class='ocrx_word' id='word_1_3' title='bbox 1075 469 1230 522; x_wconf 77' lang='lat'><strong>659</strong></span> 
     </span>
    </p>
   </div>
   <div class='ocr_carea' id='block_1_3' title="bbox 2338 468 2495 522">
    <p class='ocr_par' dir='ltr' id='par_1_3' title="bbox 2338 468 2495 522">
     <span class='ocr_line' id='line_1_3' title="bbox 2338 468 2495 522; baseline -0.006 0"><span class='ocrx_word' id='word_1_4' title='bbox 2338 468 2495 522; x_wconf 83' lang='lat'><strong>660</strong></span> 
     </span>
    </p>
   </div>
   <div class='ocr_carea' id='block_1_4' title="bbox 523 573 3027 658">
    <p class='ocr_par' dir='ltr' id='par_1_4' title="bbox 523 573 3027 658">
     <span class='ocr_line' id='line_1_4' title="bbox 523 573 3027 658; baseline 0 -20"><span class='ocrx_word' id='word_1_5' title='bbox 523 574 756 656; x_wconf 90' lang='lat' dir='ltr'><strong>templi</strong></span> <span class='ocrx_word' id='word_1_6' title='bbox 805 573 1208 638; x_wconf 85' lang='lat' dir='ltr'><strong>decantabat</strong></span> <span class='ocrx_word' id='word_1_7' title='bbox 1254 575 1538 658; x_wconf 90' lang='lat' dir='ltr'><strong>populus</strong></span> <span class='ocrx_word' id='word_1_8' title='bbox 1587 574 1727 638; x_wconf 90' lang='lat' dir='ltr'><strong>lau·</strong></span> <span class='ocrx_word' id='word_1_9' title='bbox 1811 583 1913 656; x_wconf 63' lang='lat' dir='ltr'><strong>pf.</strong></span> <span class='ocrx_word' id='word_1_10' title='bbox 1988 573 2470 638; x_wconf 85' lang='lat' dir='ltr'><strong>Fundamenta.</strong></span> <span class='ocrx_word' id='word_1_11' title='bbox 2536 593 2585 658; x_wconf 74' lang='grc' dir='ltr'><strong><em>γ</em></strong></span> <span class='ocrx_word' id='word_1_12' title='bbox 2646 575 2828 638; x_wconf 87' lang='lat' dir='ltr'><strong>Bene</strong></span> <span class='ocrx_word' id='word_1_13' title='bbox 2876 573 3027 638; x_wconf 86' lang='lat' dir='ltr'><strong>fun-</strong></span> 
     </span>
    </p>
   </div>
   <div class='ocr_carea' id='block_1_5' title="bbox 510 663 1726 4464">
    <p class='ocr_par' dir='ltr' id='par_1_5' title="bbox 516 663 1726 1148">
     <span class='ocr_line' id='line_1_5' title="bbox 523 663 1726 730; baseline 0.002 -5"><span class='ocrx_word' id='word_1_14' title='bbox 523 664 696 726; x_wconf 88' lang='lat' dir='ltr'><strong>dem.</strong></span> <span class='ocrx_word' id='word_1_15' title='bbox 791 663 880 727; x_wconf 91' lang='lat' dir='ltr'><strong>Et</strong></span> <span class='ocrx_word' id='word_1_16' title='bbox 932 664 999 725; x_wconf 89' lang='lat' dir='ltr'><strong>in</strong></span> <span class='ocrx_word' id='word_1_17' title='bbox 1058 684 1172 726; x_wconf 90' lang='lat' dir='ltr'><strong>ore</strong></span> <span class='ocrx_word' id='word_1_18' title='bbox 1233 685 1457 727; x_wconf 90' lang='lat' dir='ltr'><strong>eorum</strong></span> <span class='ocrx_word' id='word_1_19' title='bbox 1512 663 1726 730; x_wconf 91' lang='lat' dir='ltr'><strong>dulcis</strong></span> 
     </span>
     <span class='ocr_line' id='line_1_6' title="bbox 521 760 1046 815; baseline 0.004 -2"><span class='ocrx_word' id='word_1_20' title='bbox 521 760 787 814; x_wconf 88' lang='lat' dir='ltr'><strong>resonat</strong></span> <span class='ocrx_word' id='word_1_21' title='bbox 831 760 1046 815; x_wconf 71' lang='lat' dir='ltr'><strong>tonus</strong></span> 
     </span>
     <span class='ocr_line' id='line_1_7' title="bbox 519 838 1725 905; baseline 0.002 -3"><span class='ocrx_word' id='word_1_22' title='bbox 519 838 1043 904; x_wconf 82' lang='lat' dir='ltr'><strong>confessionibus</strong></span> <span class='ocrx_word' id='word_1_23' title='bbox 1088 839 1572 905; x_wconf 87' lang='lat' dir='ltr'><strong>benedicebant</strong></span> <span class='ocrx_word' id='word_1_24' title='bbox 1606 841 1725 904; x_wconf 89' lang='lat' dir='ltr'><strong>do-</strong></span> 
     </span>
     <span class='ocr_line' id='line_1_8' title="bbox 523 928 1721 1011; baseline 0.002 -21"><span class='ocrx_word' id='word_1_25' title='bbox 523 928 793 992; x_wconf 89' lang='lat' dir='ltr'><strong>minum.</strong></span> <span class='ocrx_word' id='word_1_26' title='bbox 875 929 984 992; x_wconf 90' lang='lat' dir='ltr'><strong>Et.</strong></span> <span class='ocrx_word' id='word_1_27' title='bbox 1407 930 1620 993; x_wconf 79' lang='lat' dir='ltr'><strong>Lectio</strong></span> <span class='ocrx_word' id='word_1_28' title='bbox 1652 929 1721 1011; x_wconf 78' lang='lat' dir='ltr'><strong>ij.</strong></span> 
     </span>
     <span class='ocr_line' id='line_1_9' title="bbox 516 1017 1721 1148; baseline -0.001 -67"><span class='ocrx_word' id='word_1_29' title='bbox 516 1018 699 1148; x_wconf 83' lang='lat' dir='ltr'><em>N</em></span> <span class='ocrx_word' id='word_1_30' title='bbox 700 1037 787 1081; x_wconf 91' lang='lat' dir='ltr'><strong>on</strong></span> <span class='ocrx_word' id='word_1_31' title='bbox 843 1017 1020 1079; x_wconf 88' lang='lat' dir='ltr'><strong>enim</strong></span> <span class='ocrx_word' id='word_1_32' title='bbox 1083 1018 1400 1082; x_wconf 85' lang='lat' dir='ltr'><strong>mentitur</strong></span> <span class='ocrx_word' id='word_1_33' title='bbox 1447 1017 1558 1082; x_wconf 88' lang='lat' dir='ltr'><strong>ille</strong></span> <span class='ocrx_word' id='word_1_34' title='bbox 1606 1019 1721 1099; x_wconf 91' lang='lat' dir='ltr'><strong>qui</strong></span> 
     </span>
    </p>

    <p class='ocr_par' dir='ltr' id='par_1_6' title="bbox 511 1105 1721 2600">
     <span class='ocr_line' id='line_1_10' title="bbox 700 1105 1721 1187; baseline 0.002 -20"><span class='ocrx_word' id='word_1_35' title='bbox 700 1105 912 1168; x_wconf 86' lang='lat' dir='ltr'><strong>dixit:</strong></span> <span class='ocrx_word' id='word_1_36' title='bbox 961 1105 1318 1187; x_wconf 91' lang='lat' dir='ltr'><strong>Templum</strong></span> <span class='ocrx_word' id='word_1_37' title='bbox 1369 1106 1546 1169; x_wconf 89' lang='lat' dir='ltr'><strong>enim</strong></span> <span class='ocrx_word' id='word_1_38' title='bbox 1595 1107 1721 1169; x_wconf 84' lang='lat' dir='ltr'><strong>do-</strong></span> 
     </span>
     <span class='ocr_line' id='line_1_11' title="bbox 521 1194 1719 1276; baseline 0.002 -20"><span class='ocrx_word' id='word_1_39' title='bbox 521 1194 680 1256; x_wconf 90' lang='lat' dir='ltr'><strong>mini</strong></span> <span class='ocrx_word' id='word_1_40' title='bbox 743 1202 1050 1256; x_wconf 88' lang='lat' dir='ltr'><strong>sanctum</strong></span> <span class='ocrx_word' id='word_1_41' title='bbox 1111 1203 1250 1258; x_wconf 89' lang='lat' dir='ltr'><strong>est:</strong></span> <span class='ocrx_word' id='word_1_42' title='bbox 1319 1194 1500 1276; x_wconf 91' lang='lat' dir='ltr'><strong>quod</strong></span> <span class='ocrx_word' id='word_1_43' title='bbox 1561 1195 1719 1258; x_wconf 90' lang='lat' dir='ltr'><strong>estis</strong></span> 
     </span>
     <span class='ocr_line' id='line_1_12' title="bbox 517 1282 1720 1364; baseline 0.002 -20"><span class='ocrx_word' id='word_1_44' title='bbox 517 1301 656 1345; x_wconf 78' lang='lat' dir='ltr'><strong>vos,</strong></span> <span class='ocrx_word' id='word_1_45' title='bbox 750 1282 842 1344; x_wconf 90' lang='lat' dir='ltr'><strong>Et</strong></span> <span class='ocrx_word' id='word_1_46' title='bbox 875 1283 1132 1345; x_wconf 88' lang='lat' dir='ltr'><strong>iterum.</strong></span> <span class='ocrx_word' id='word_1_47' title='bbox 1224 1282 1512 1345; x_wconf 89' lang='lat' dir='ltr'><strong>Nescitis</strong></span> <span class='ocrx_word' id='word_1_48' title='bbox 1551 1303 1720 1364; x_wconf 88' lang='lat' dir='ltr'><strong>quo-</strong></span> 
     </span>
     <span class='ocr_line' id='line_1_13' title="bbox 517 1370 1715 1453; baseline 0.002 -21"><span class='ocrx_word' id='word_1_49' title='bbox 517 1370 696 1432; x_wconf 90' lang='lat' dir='ltr'><strong>niam</strong></span> <span class='ocrx_word' id='word_1_50' title='bbox 757 1390 1034 1452; x_wconf 87' lang='lat' dir='ltr'><strong>corpora</strong></span> <span class='ocrx_word' id='word_1_51' title='bbox 1099 1380 1317 1434; x_wconf 88' lang='lat' dir='ltr'><strong>vestra</strong></span> <span class='ocrx_word' id='word_1_52' title='bbox 1392 1371 1715 1453; x_wconf 89' lang='lat' dir='ltr'><strong>templum</strong></span> 
     </span>
     <span class='ocr_line' id='line_1_14' title="bbox 515 1459 1717 1542; baseline 0.002 -22"><span class='ocrx_word' id='word_1_53' title='bbox 515 1467 670 1520; x_wconf 90' lang='lat' dir='ltr'><strong>sunt</strong></span> <span class='ocrx_word' id='word_1_54' title='bbox 745 1459 1012 1540; x_wconf 88' lang='lat' dir='ltr'><strong>spiritus</strong></span> <span class='ocrx_word' id='word_1_55' title='bbox 1103 1460 1330 1522; x_wconf 86' lang='lat' dir='ltr'><strong>sancti.</strong></span> <span class='ocrx_word' id='word_1_56' title='bbox 1455 1459 1717 1542; x_wconf 83' lang='lat' dir='ltr'><strong>Quibus</strong></span> 
     </span>
     <span class='ocr_line' id='line_1_15' title="bbox 517 1546 1712 1630; baseline 0.003 -22"><span class='ocrx_word' id='word_1_57' title='bbox 517 1546 766 1609; x_wconf 89' lang='lat' dir='ltr'><strong>meritis</strong></span> <span class='ocrx_word' id='word_1_58' title='bbox 849 1547 972 1610; x_wconf 91' lang='lat' dir='ltr'><strong>nisi</strong></span> <span class='ocrx_word' id='word_1_59' title='bbox 1055 1565 1173 1628; x_wconf 90' lang='lat' dir='ltr'><strong>per</strong></span> <span class='ocrx_word' id='word_1_60' title='bbox 1243 1547 1526 1630; x_wconf 85' lang='lat' dir='ltr'><strong>gratiam</strong></span> <span class='ocrx_word' id='word_1_61' title='bbox 1605 1549 1712 1611; x_wconf 91' lang='lat' dir='ltr'><strong>dei</strong></span> 
     </span>
     <span class='ocr_line' id='line_1_16' title="bbox 517 1633 1713 1719; baseline 0.003 -22"><span class='ocrx_word' id='word_1_62' title='bbox 517 1635 876 1698; x_wconf 89' lang='lat' dir='ltr'><strong>meruimus</strong></span> <span class='ocrx_word' id='word_1_63' title='bbox 907 1633 1044 1697; x_wconf 86' lang='lat' dir='ltr'><strong>fieri</strong></span> <span class='ocrx_word' id='word_1_64' title='bbox 1075 1635 1403 1719; x_wconf 89' lang='lat' dir='ltr'><strong>templum</strong></span> <span class='ocrx_word' id='word_1_65' title='bbox 1427 1637 1552 1701; x_wconf 91' lang='lat' dir='ltr'><strong>dei.</strong></span> <span class='ocrx_word' id='word_1_66' title='bbox 1599 1637 1713 1702; x_wconf 80' lang='lat' dir='ltr'><strong>Re.</strong></span> 
     </span>
     <span class='ocr_line' id='line_1_17' title="bbox 515 1723 1717 1808; baseline 0.002 -23"><span class='ocrx_word' id='word_1_67' title='bbox 515 1723 823 1786; x_wconf 89' lang='lat' dir='ltr'><strong>Fundata</strong></span> <span class='ocrx_word' id='word_1_68' title='bbox 849 1732 949 1787; x_wconf 93' lang='lat' dir='ltr'><strong>est</strong></span> <span class='ocrx_word' id='word_1_69' title='bbox 972 1724 1210 1786; x_wconf 88' lang='lat' dir='ltr'><strong>domus</strong></span> <span class='ocrx_word' id='word_1_70' title='bbox 1234 1724 1484 1788; x_wconf 90' lang='lat' dir='ltr'><strong>domini</strong></span> <span class='ocrx_word' id='word_1_71' title='bbox 1518 1745 1717 1808; x_wconf 89' lang='lat' dir='ltr'><strong>super</strong></span> 
     </span>
     <span class='ocr_line' id='line_1_18' title="bbox 512 1812 1715 1878; baseline 0.002 -4"><span class='ocrx_word' id='word_1_72' title='bbox 512 1812 824 1875; x_wconf 89' lang='lat' dir='ltr'><strong>verticem</strong></span> <span class='ocrx_word' id='word_1_73' title='bbox 852 1812 1176 1875; x_wconf 90' lang='lat' dir='ltr'><strong>montium</strong></span> <span class='ocrx_word' id='word_1_74' title='bbox 1199 1823 1266 1876; x_wconf 94' lang='lat' dir='ltr'><strong>et</strong></span> <span class='ocrx_word' id='word_1_75' title='bbox 1289 1814 1589 1878; x_wconf 88' lang='lat' dir='ltr'><strong>exaltata</strong></span> <span class='ocrx_word' id='word_1_76' title='bbox 1613 1823 1715 1877; x_wconf 90' lang='lat' dir='ltr'><strong>est</strong></span> 
     </span>
     <span class='ocr_line' id='line_1_19' title="bbox 514 1900 1714 1982; baseline 0.003 -20"><span class='ocrx_word' id='word_1_77' title='bbox 514 1921 714 1982; x_wconf 88' lang='lat' dir='ltr'><strong>super</strong></span> <span class='ocrx_word' id='word_1_78' title='bbox 756 1920 988 1963; x_wconf 90' lang='lat' dir='ltr'><strong>omnes</strong></span> <span class='ocrx_word' id='word_1_79' title='bbox 1041 1900 1285 1966; x_wconf 90' lang='lat' dir='ltr'><strong>colles:</strong></span> <span class='ocrx_word' id='word_1_80' title='bbox 1333 1912 1399 1967; x_wconf 90' lang='lat' dir='ltr'><strong>et</strong></span> <span class='ocrx_word' id='word_1_81' title='bbox 1444 1903 1714 1967; x_wconf 88' lang='lat' dir='ltr'><strong>venient</strong></span> 
     </span>
     <span class='ocr_line' id='line_1_20' title="bbox 512 1990 1714 2072; baseline 0.002 -20"><span class='ocrx_word' id='word_1_82' title='bbox 512 1990 598 2052; x_wconf 91' lang='lat' dir='ltr'><strong>ad</strong></span> <span class='ocrx_word' id='word_1_83' title='bbox 653 2008 800 2052; x_wconf 90' lang='lat' dir='ltr'><strong>eam</strong></span> <span class='ocrx_word' id='word_1_84' title='bbox 851 2008 1083 2052; x_wconf 90' lang='lat' dir='ltr'><strong>omnes</strong></span> <span class='ocrx_word' id='word_1_85' title='bbox 1131 1998 1380 2072; x_wconf 80' lang='lat' dir='ltr'><strong>gentes,</strong></span> <span class='ocrx_word' id='word_1_86' title='bbox 1475 1991 1566 2054; x_wconf 90' lang='lat' dir='ltr'><strong>Et</strong></span> <span class='ocrx_word' id='word_1_87' title='bbox 1613 1991 1714 2054; x_wconf 91' lang='lat' dir='ltr'><strong>di-</strong></span> 
     </span>
     <span class='ocr_line' id='line_1_21' title="bbox 511 2075 1715 2166; baseline 0.003 -26"><span class='ocrx_word' id='word_1_88' title='bbox 511 2085 708 2142; x_wconf 88' lang='lat' dir='ltr'><strong>cent:</strong></span> <span class='ocrx_word' id='word_1_89' title='bbox 786 2075 1012 2141; x_wconf 86' lang='lat' dir='ltr'><strong>Gloria</strong></span> <span class='ocrx_word' id='word_1_90' title='bbox 1071 2079 1192 2141; x_wconf 93' lang='lat' dir='ltr'><strong>tibi</strong></span> <span class='ocrx_word' id='word_1_91' title='bbox 1269 2078 1556 2144; x_wconf 89' lang='lat' dir='ltr'><strong>domine.</strong></span> <span class='ocrx_word' id='word_1_92' title='bbox 1666 2097 1715 2166; x_wconf 68' lang='grc' dir='ltr'><strong><em>γ</em></strong></span> 
     </span>
     <span class='ocr_line' id='line_1_22' title="bbox 514 2165 1713 2232; baseline 0.002 -3"><span class='ocrx_word' id='word_1_93' title='bbox 514 2165 874 2230; x_wconf 87' lang='lat' dir='ltr'><strong>Venientes</strong></span> <span class='ocrx_word' id='word_1_94' title='bbox 935 2175 1162 2230; x_wconf 89' lang='lat' dir='ltr'><strong>autem</strong></span> <span class='ocrx_word' id='word_1_95' title='bbox 1222 2168 1491 2232; x_wconf 90' lang='lat' dir='ltr'><strong>venient</strong></span> <span class='ocrx_word' id='word_1_96' title='bbox 1561 2188 1713 2232; x_wconf 92' lang='lat' dir='ltr'><strong>cum</strong></span> 
     </span>
     <span class='ocr_line' id='line_1_23' title="bbox 516 2253 1716 2339; baseline 0.003 -22"><span class='ocrx_word' id='word_1_97' title='bbox 516 2255 927 2318; x_wconf 85' lang='lat' dir='ltr'><strong>exaltatione</strong></span> <span class='ocrx_word' id='word_1_98' title='bbox 943 2253 958 2291; x_wconf 86' lang='lat'>¹</span> <span class='ocrx_word' id='word_1_99' title='bbox 975 2265 1320 2337; x_wconf 90' lang='lat' dir='ltr'><strong>portantes</strong></span> <span class='ocrx_word' id='word_1_100' title='bbox 1339 2256 1716 2339; x_wconf 89' lang='lat' dir='ltr'><strong>manipulos</strong></span> 
     </span>
     <span class='ocr_line' id='line_1_24' title="bbox 515 2343 1713 2428; baseline 0.003 -22"><span class='ocrx_word' id='word_1_101' title='bbox 515 2363 687 2406; x_wconf 67' lang='lat' dir='ltr'><strong>suos</strong></span> <span class='ocrx_word' id='word_1_102' title='bbox 780 2343 871 2406; x_wconf 89' lang='lat' dir='ltr'><strong>Et</strong></span> <span class='ocrx_word' id='word_1_103' title='bbox 903 2344 1138 2408; x_wconf 88' lang='lat' dir='ltr'><strong>dicent.</strong></span> <span class='ocrx_word' id='word_1_104' title='bbox 1369 2344 1586 2408; x_wconf 83' lang='lat' dir='ltr'><strong>Lectio</strong></span> <span class='ocrx_word' id='word_1_105' title='bbox 1617 2345 1713 2428; x_wconf 82' lang='lat' dir='ltr'><strong>iij.</strong></span> 
     </span>
     <span class='ocr_line' id='line_1_25' title="bbox 525 2432 1713 2600; baseline 0.002 -106"><span class='ocrx_word' id='word_1_106' title='bbox 525 2432 928 2600; x_wconf 74' lang='lat' dir='ltr'><strong>Quantum</strong></span> <span class='ocrx_word' id='word_1_107' title='bbox 960 2453 1120 2514; x_wconf 88' lang='lat' dir='ltr'><strong>ergo</strong></span> <span class='ocrx_word' id='word_1_108' title='bbox 1165 2453 1516 2515; x_wconf 88' lang='lat' dir='ltr'><strong>possumus</strong></span> <span class='ocrx_word' id='word_1_109' title='bbox 1562 2454 1713 2498; x_wconf 90' lang='lat' dir='ltr'><strong>cum</strong></span> 
     </span>
    </p>

    <p class='ocr_par' dir='ltr' id='par_1_7' title="bbox 510 2519 1721 4464">
     <span class='ocr_line' id='line_1_26' title="bbox 653 2519 1715 2604; baseline 0.004 -21"><span class='ocrx_word' id='word_1_110' title='bbox 653 2521 856 2604; x_wconf 88' lang='lat' dir='ltr'><strong>ipsius</strong></span> <span class='ocrx_word' id='word_1_111' title='bbox 909 2519 1240 2602; x_wconf 87' lang='lat' dir='ltr'><strong>adjutorio</strong></span> <span class='ocrx_word' id='word_1_112' title='bbox 1300 2521 1715 2588; x_wconf 80' lang='lat' dir='ltr'><strong>laboremus:</strong></span> 
     </span>
     <span class='ocr_line' id='line_1_27' title="bbox 518 2610 1715 2693; baseline 0.002 -21"><span class='ocrx_word' id='word_1_113' title='bbox 518 2630 602 2672; x_wconf 91' lang='lat' dir='ltr'><strong>ne</strong></span> <span class='ocrx_word' id='word_1_114' title='bbox 663 2610 826 2673; x_wconf 89' lang='lat' dir='ltr'><strong>deus</strong></span> <span class='ocrx_word' id='word_1_115' title='bbox 887 2619 1113 2673; x_wconf 90' lang='lat' dir='ltr'><strong>noster</strong></span> <span class='ocrx_word' id='word_1_116' title='bbox 1163 2611 1228 2673; x_wconf 91' lang='lat' dir='ltr'><strong>in</strong></span> <span class='ocrx_word' id='word_1_117' title='bbox 1280 2612 1532 2693; x_wconf 90' lang='lat' dir='ltr'><strong>templo</strong></span> <span class='ocrx_word' id='word_1_118' title='bbox 1593 2632 1715 2675; x_wconf 90' lang='lat' dir='ltr'><strong>suo</strong></span> 
     </span>
     <span class='ocr_line' id='line_1_28' title="bbox 517 2698 1715 2781; baseline 0.002 -20"><span class='ocrx_word' id='word_1_119' title='bbox 517 2698 644 2761; x_wconf 93' lang='lat' dir='ltr'><strong>hoc</strong></span> <span class='ocrx_word' id='word_1_120' title='bbox 705 2707 806 2761; x_wconf 88' lang='lat' dir='ltr'><strong>est</strong></span> <span class='ocrx_word' id='word_1_121' title='bbox 869 2698 936 2760; x_wconf 92' lang='lat' dir='ltr'><strong>in</strong></span> <span class='ocrx_word' id='word_1_122' title='bbox 997 2698 1354 2781; x_wconf 86' lang='lat' dir='ltr'><strong>nobisipsis</strong></span> <span class='ocrx_word' id='word_1_123' title='bbox 1422 2700 1715 2763; x_wconf 90' lang='lat' dir='ltr'><strong>inveniat</strong></span> 
     </span>
     <span class='ocr_line' id='line_1_29' title="bbox 520 2786 1715 2869; baseline 0.003 -22"><span class='ocrx_word' id='word_1_124' title='bbox 520 2786 700 2867; x_wconf 89' lang='lat' dir='ltr'><strong>quod</strong></span> <span class='ocrx_word' id='word_1_125' title='bbox 751 2786 978 2849; x_wconf 90' lang='lat' dir='ltr'><strong>oculos</strong></span> <span class='ocrx_word' id='word_1_126' title='bbox 1025 2807 1141 2849; x_wconf 90' lang='lat' dir='ltr'><strong>sue</strong></span> <span class='ocrx_word' id='word_1_127' title='bbox 1203 2788 1570 2869; x_wconf 88' lang='lat' dir='ltr'><strong>majestatis</strong></span> <span class='ocrx_word' id='word_1_128' title='bbox 1619 2788 1715 2851; x_wconf 83' lang='lat' dir='ltr'><strong>of·</strong></span> 
     </span>
     <span class='ocr_line' id='line_1_30' title="bbox 521 2874 1716 2941; baseline 0.003 -5"><span class='ocrx_word' id='word_1_129' title='bbox 521 2874 766 2937; x_wconf 85' lang='lat' dir='ltr'><strong>fendat.</strong></span> <span class='ocrx_word' id='word_1_130' title='bbox 849 2874 981 2938; x_wconf 90' lang='lat' dir='ltr'><strong>Sed</strong></span> <span class='ocrx_word' id='word_1_131' title='bbox 1016 2874 1466 2939; x_wconf 87' lang='lat' dir='ltr'><strong>habitaculum</strong></span> <span class='ocrx_word' id='word_1_132' title='bbox 1499 2878 1716 2941; x_wconf 89' lang='lat' dir='ltr'><strong>cordis</strong></span> 
     </span>
     <span class='ocr_line' id='line_1_31' title="bbox 521 2964 1716 3028; baseline 0.003 -3"><span class='ocrx_word' id='word_1_133' title='bbox 521 2964 726 3026; x_wconf 89' lang='lat' dir='ltr'><strong>nostri</strong></span> <span class='ocrx_word' id='word_1_134' title='bbox 759 2973 1113 3027; x_wconf 85' lang='lat' dir='ltr'><strong>evacuetur</strong></span> <span class='ocrx_word' id='word_1_135' title='bbox 1142 2965 1318 3027; x_wconf 89' lang='lat' dir='ltr'><strong>vitiis</strong></span> <span class='ocrx_word' id='word_1_136' title='bbox 1363 2973 1432 3028; x_wconf 93' lang='lat' dir='ltr'><strong>et</strong></span> <span class='ocrx_word' id='word_1_137' title='bbox 1462 2965 1716 3028; x_wconf 89' lang='lat' dir='ltr'><strong>virtuti-</strong></span> 
     </span>
     <span class='ocr_line' id='line_1_32' title="bbox 521 3050 1717 3133; baseline 0.003 -19"><span class='ocrx_word' id='word_1_138' title='bbox 521 3051 646 3114; x_wconf 91' lang='lat' dir='ltr'><strong>bus</strong></span> <span class='ocrx_word' id='word_1_139' title='bbox 692 3050 1036 3133; x_wconf 84' lang='lat' dir='ltr'><strong>repleatur.</strong></span> <span class='ocrx_word' id='word_1_140' title='bbox 1126 3052 1242 3116; x_wconf 83' lang='lat' dir='ltr'><strong>Re.</strong></span> <span class='ocrx_word' id='word_1_141' title='bbox 1278 3054 1568 3116; x_wconf 90' lang='lat' dir='ltr'><strong>Benedic</strong></span> <span class='ocrx_word' id='word_1_142' title='bbox 1599 3054 1717 3117; x_wconf 88' lang='lat' dir='ltr'><strong>do-</strong></span> 
     </span>
     <span class='ocr_line' id='line_1_33' title="bbox 521 3140 1721 3223; baseline 0.004 -22"><span class='ocrx_word' id='word_1_143' title='bbox 521 3140 700 3202; x_wconf 89' lang='lat' dir='ltr'><strong>mine</strong></span> <span class='ocrx_word' id='word_1_144' title='bbox 744 3140 1018 3202; x_wconf 90' lang='lat' dir='ltr'><strong>domum</strong></span> <span class='ocrx_word' id='word_1_145' title='bbox 1067 3140 1262 3204; x_wconf 87' lang='lat' dir='ltr'><strong>istam</strong></span> <span class='ocrx_word' id='word_1_146' title='bbox 1295 3162 1496 3223; x_wconf 90' lang='lat' dir='ltr'><strong>quam</strong></span> <span class='ocrx_word' id='word_1_147' title='bbox 1536 3142 1721 3206; x_wconf 86' lang='lat' dir='ltr'><strong>edifi-</strong></span> 
     </span>
     <span class='ocr_line' id='line_1_34' title="bbox 516 3228 1719 3295; baseline 0.002 -4"><span class='ocrx_word' id='word_1_148' title='bbox 516 3228 659 3291; x_wconf 88' lang='lat' dir='ltr'><strong>cavi</strong></span> <span class='ocrx_word' id='word_1_149' title='bbox 725 3229 972 3291; x_wconf 92' lang='lat' dir='ltr'><strong>nomini</strong></span> <span class='ocrx_word' id='word_1_150' title='bbox 1026 3239 1142 3293; x_wconf 91' lang='lat' dir='ltr'><strong>tuo</strong></span> <span class='ocrx_word' id='word_1_151' title='bbox 1193 3232 1596 3295; x_wconf 89' lang='lat' dir='ltr'><strong>venientium</strong></span> <span class='ocrx_word' id='word_1_152' title='bbox 1653 3232 1719 3294; x_wconf 94' lang='lat' dir='ltr'><strong>in</strong></span> 
     </span>
     <span class='ocr_line' id='line_1_35' title="bbox 521 3316 1720 3402; baseline 0.002 -22"><span class='ocrx_word' id='word_1_153' title='bbox 521 3316 670 3381; x_wconf 94' lang='lat' dir='ltr'><strong>loco</strong></span> <span class='ocrx_word' id='word_1_154' title='bbox 703 3316 846 3379; x_wconf 91' lang='lat' dir='ltr'><strong>isto.</strong></span> <span class='ocrx_word' id='word_1_155' title='bbox 939 3318 1207 3381; x_wconf 89' lang='lat' dir='ltr'><strong>Exaudi</strong></span> <span class='ocrx_word' id='word_1_156' title='bbox 1241 3339 1466 3402; x_wconf 89' lang='lat' dir='ltr'><strong>preces</strong></span> <span class='ocrx_word' id='word_1_157' title='bbox 1503 3320 1568 3381; x_wconf 91' lang='lat' dir='ltr'><strong>in</strong></span> <span class='ocrx_word' id='word_1_158' title='bbox 1600 3339 1720 3382; x_wconf 88' lang='lat' dir='ltr'><strong>ex-</strong></span> 
     </span>
     <span class='ocr_line' id='line_1_36' title="bbox 519 3405 1720 3494; baseline 0.002 -25"><span class='ocrx_word' id='word_1_159' title='bbox 519 3405 698 3469; x_wconf 91' lang='lat' dir='ltr'><strong>celso</strong></span> <span class='ocrx_word' id='word_1_160' title='bbox 729 3405 897 3469; x_wconf 91' lang='lat' dir='ltr'><strong>solio</strong></span> <span class='ocrx_word' id='word_1_161' title='bbox 927 3406 1134 3487; x_wconf 84' lang='lat' dir='ltr'><strong>glorie</strong></span> <span class='ocrx_word' id='word_1_162' title='bbox 1165 3416 1296 3471; x_wconf 91' lang='lat' dir='ltr'><strong>tue.</strong></span> <span class='ocrx_word' id='word_1_163' title='bbox 1386 3425 1434 3494; x_wconf 69' lang='lat' dir='ltr'>y</span> <span class='ocrx_word' id='word_1_164' title='bbox 1483 3408 1720 3471; x_wconf 86' lang='lat' dir='ltr'><strong>Domi-</strong></span> 
     </span>
     <span class='ocr_line' id='line_1_37' title="bbox 522 3494 1721 3579; baseline 0.001 -20"><span class='ocrx_word' id='word_1_165' title='bbox 522 3516 608 3559; x_wconf 87' lang='lat' dir='ltr'><strong>ne</strong></span> <span class='ocrx_word' id='word_1_166' title='bbox 666 3496 720 3558; x_wconf 89' lang='lat' dir='ltr'><strong>si</strong></span> <span class='ocrx_word' id='word_1_167' title='bbox 775 3514 1129 3559; x_wconf 88' lang='lat' dir='ltr'><strong>conversus</strong></span> <span class='ocrx_word' id='word_1_168' title='bbox 1189 3494 1382 3559; x_wconf 86' lang='lat' dir='ltr'><strong>fuerit</strong></span> <span class='ocrx_word' id='word_1_169' title='bbox 1434 3496 1721 3579; x_wconf 91' lang='lat' dir='ltr'><strong>populus</strong></span> 
     </span>
     <span class='ocr_line' id='line_1_38' title="bbox 519 3584 1718 3649; baseline 0.001 -2"><span class='ocrx_word' id='word_1_170' title='bbox 519 3593 674 3647; x_wconf 86' lang='lat' dir='ltr'><strong>tuus</strong></span> <span class='ocrx_word' id='word_1_171' title='bbox 719 3592 788 3647; x_wconf 91' lang='lat' dir='ltr'><strong>et</strong></span> <span class='ocrx_word' id='word_1_172' title='bbox 819 3584 1101 3647; x_wconf 87' lang='lat' dir='ltr'><strong>oraverit</strong></span> <span class='ocrx_word' id='word_1_173' title='bbox 1137 3585 1225 3648; x_wconf 92' lang='lat' dir='ltr'><strong>ad</strong></span> <span class='ocrx_word' id='word_1_174' title='bbox 1273 3586 1718 3649; x_wconf 86' lang='lat' dir='ltr'><strong>sanctuarium</strong></span> 
     </span>
     <span class='ocr_line' id='line_1_39' title="bbox 520 3672 1721 3755; baseline 0.001 -18"><span class='ocrx_word' id='word_1_175' title='bbox 520 3683 730 3737; x_wconf 91' lang='lat' dir='ltr'><strong>tuum.</strong></span> <span class='ocrx_word' id='word_1_176' title='bbox 823 3672 1092 3736; x_wconf 89' lang='lat' dir='ltr'><strong>Exaudi</strong></span> <span class='ocrx_word' id='word_1_177' title='bbox 1155 3693 1398 3755; x_wconf 80' lang='lat' dir='ltr'><strong>preces,</strong></span> <span class='ocrx_word' id='word_1_178' title='bbox 1492 3672 1721 3738; x_wconf 87' lang='lat' dir='ltr'><strong>Gloria</strong></span> 
     </span>
     <span class='ocr_line' id='line_1_40' title="bbox 517 3761 1721 3845; baseline 0 -20"><span class='ocrx_word' id='word_1_179' title='bbox 517 3762 708 3845; x_wconf 87' lang='lat' dir='ltr'><strong>patri.</strong></span> <span class='ocrx_word' id='word_1_180' title='bbox 802 3761 1089 3825; x_wconf 87' lang='lat' dir='ltr'><strong>Exaudi.</strong></span> <span class='ocrx_word' id='word_1_181' title='bbox 1181 3762 1266 3825; x_wconf 87' lang='lat' dir='ltr'><strong>In</strong></span> <span class='ocrx_word' id='word_1_182' title='bbox 1317 3762 1378 3844; x_wconf 76' lang='lat' dir='ltr'><strong>ij</strong></span> <span class='ocrx_word' id='word_1_183' title='bbox 1416 3771 1721 3826; x_wconf 86' lang='lat' dir='ltr'><strong>nocturno</strong></span> 
     </span>
     <span class='ocr_line' id='line_1_41' title="bbox 513 3850 1717 3916; baseline 0.001 -3"><span class='ocrx_word' id='word_1_184' title='bbox 513 3860 620 3916; x_wconf 66' lang='lat' dir='ltr'><strong>ari.</strong></span> <span class='ocrx_word' id='word_1_185' title='bbox 673 3850 826 3913; x_wconf 93' lang='lat' dir='ltr'><strong>Non</strong></span> <span class='ocrx_word' id='word_1_186' title='bbox 873 3860 976 3913; x_wconf 90' lang='lat' dir='ltr'><strong>est</strong></span> <span class='ocrx_word' id='word_1_187' title='bbox 1006 3850 1112 3915; x_wconf 92' lang='lat' dir='ltr'><strong>hic</strong></span> <span class='ocrx_word' id='word_1_188' title='bbox 1157 3850 1382 3914; x_wconf 85' lang='lat' dir='ltr'><strong>aliud:</strong></span> <span class='ocrx_word' id='word_1_189' title='bbox 1430 3852 1554 3914; x_wconf 89' lang='lat' dir='ltr'><strong>nisi</strong></span> <span class='ocrx_word' id='word_1_190' title='bbox 1597 3852 1717 3915; x_wconf 91' lang='lat' dir='ltr'><strong>do·</strong></span> 
     </span>
     <span class='ocr_line' id='line_1_42' title="bbox 517 3939 1715 4023; baseline 0 -21"><span class='ocrx_word' id='word_1_191' title='bbox 517 3959 664 4002; x_wconf 89' lang='lat' dir='ltr'><strong>mus</strong></span> <span class='ocrx_word' id='word_1_192' title='bbox 695 3939 802 4001; x_wconf 92' lang='lat' dir='ltr'><strong>dei</strong></span> <span class='ocrx_word' id='word_1_193' title='bbox 835 3948 901 4003; x_wconf 89' lang='lat' dir='ltr'><strong>et</strong></span> <span class='ocrx_word' id='word_1_194' title='bbox 932 3946 1126 4021; x_wconf 87' lang='lat' dir='ltr'><strong>porta</strong></span> <span class='ocrx_word' id='word_1_195' title='bbox 1157 3939 1295 4003; x_wconf 90' lang='lat' dir='ltr'><strong>celi.</strong></span> <span class='ocrx_word' id='word_1_196' title='bbox 1343 3948 1443 4022; x_wconf 62' lang='lat' dir='ltr'><strong>pff.</strong></span> <span class='ocrx_word' id='word_1_197' title='bbox 1493 3939 1715 4023; x_wconf 85' lang='lat' dir='ltr'><strong>Quam</strong></span> 
     </span>
     <span class='ocr_line' id='line_1_43' title="bbox 515 4027 1716 4110; baseline -0.001 -19"><span class='ocrx_word' id='word_1_198' title='bbox 515 4028 775 4091; x_wconf 92' lang='lat' dir='ltr'><strong>dilecta.</strong></span> <span class='ocrx_word' id='word_1_199' title='bbox 866 4027 999 4090; x_wconf 76' lang='grc' dir='ltr'><strong>Αῆ.</strong></span> <span class='ocrx_word' id='word_1_200' title='bbox 1061 4027 1297 4091; x_wconf 88' lang='lat' dir='ltr'><strong>Erexit</strong></span> <span class='ocrx_word' id='word_1_201' title='bbox 1322 4028 1522 4110; x_wconf 89' lang='lat' dir='ltr'><strong>jacob</strong></span> <span class='ocrx_word' id='word_1_202' title='bbox 1551 4028 1716 4110; x_wconf 89' lang='lat' dir='ltr'><strong>lapi-</strong></span> 
     </span>
     <span class='ocr_line' id='line_1_44' title="bbox 514 4114 1712 4181; baseline 0 -2"><span class='ocrx_word' id='word_1_203' title='bbox 514 4117 669 4179; x_wconf 91' lang='lat' dir='ltr'><strong>dem</strong></span> <span class='ocrx_word' id='word_1_204' title='bbox 719 4116 782 4177; x_wconf 91' lang='lat' dir='ltr'><strong>in</strong></span> <span class='ocrx_word' id='word_1_205' title='bbox 833 4116 1097 4179; x_wconf 90' lang='lat' dir='ltr'><strong>titulum</strong></span> <span class='ocrx_word' id='word_1_206' title='bbox 1161 4114 1442 4179; x_wconf 85' lang='lat' dir='ltr'><strong>fundens</strong></span> <span class='ocrx_word' id='word_1_207' title='bbox 1491 4116 1712 4181; x_wconf 89' lang='lat' dir='ltr'><strong>oleum</strong></span> 
     </span>
     <span class='ocr_line' id='line_1_45' title="bbox 511 4205 1711 4285; baseline 0.002 -18"><span class='ocrx_word' id='word_1_208' title='bbox 511 4206 809 4285; x_wconf 86' lang='lat' dir='ltr'><strong>desuper.</strong></span> <span class='ocrx_word' id='word_1_209' title='bbox 887 4212 988 4285; x_wconf 62' lang='lat' dir='ltr'><strong>pf.</strong></span> <span class='ocrx_word' id='word_1_210' title='bbox 1059 4205 1487 4269; x_wconf 87' lang='lat' dir='ltr'><strong>Benedixisti.</strong></span> <span class='ocrx_word' id='word_1_211' title='bbox 1577 4206 1711 4269; x_wconf 76' lang='grc' dir='ltr'><strong>Αῆ.</strong></span> 
     </span>
     <span class='ocr_line' id='line_1_46' title="bbox 515 4291 1710 4357; baseline 0.001 -1"><span class='ocrx_word' id='word_1_212' title='bbox 515 4294 662 4357; x_wconf 89' lang='lat' dir='ltr'><strong>Erit</strong></span> <span class='ocrx_word' id='word_1_213' title='bbox 726 4291 883 4354; x_wconf 90' lang='lat' dir='ltr'><strong>mihi</strong></span> <span class='ocrx_word' id='word_1_214' title='bbox 948 4291 1257 4356; x_wconf 90' lang='lat' dir='ltr'><strong>dominus</strong></span> <span class='ocrx_word' id='word_1_215' title='bbox 1333 4294 1398 4356; x_wconf 92' lang='lat' dir='ltr'><strong>in</strong></span> <span class='ocrx_word' id='word_1_216' title='bbox 1463 4295 1710 4357; x_wconf 90' lang='lat' dir='ltr'><strong>deum:</strong></span> 
     </span>
     <span class='ocr_line' id='line_1_47' title="bbox 510 4381 1707 4464; baseline -0.002 -18"><span class='ocrx_word' id='word_1_217' title='bbox 510 4382 680 4464; x_wconf 85' lang='lat' dir='ltr'><strong>lapis</strong></span> <span class='ocrx_word' id='word_1_218' title='bbox 731 4382 854 4444; x_wconf 93' lang='lat' dir='ltr'><strong>iste</strong></span> <span class='ocrx_word' id='word_1_219' title='bbox 901 4381 1242 4445; x_wconf 91' lang='lat' dir='ltr'><strong>vocabitur</strong></span> <span class='ocrx_word' id='word_1_220' title='bbox 1293 4382 1530 4446; x_wconf 90' lang='lat' dir='ltr'><strong>domus</strong></span> <span class='ocrx_word' id='word_1_221' title='bbox 1582 4383 1707 4445; x_wconf 91' lang='lat' dir='ltr'><strong>dei.</strong></span> 
     </span>
    </p>
   </div>
   <div class='ocr_carea' id='block_1_6' title="bbox 1137 750 2763 838">
    <p class='ocr_par' dir='ltr' id='par_1_8' title="bbox 1137 750 2763 838">
     <span class='ocr_line' id='line_1_48' title="bbox 1137 750 2763 838; baseline 0 -23"><span class='ocrx_word' id='word_1_222' title='bbox 1137 769 1185 838; x_wconf 69' lang='grc' dir='ltr'><strong><em>γ</em></strong></span> <span class='ocrx_word' id='word_1_223' title='bbox 1233 753 1312 816; x_wconf 92' lang='lat' dir='ltr'><strong>In</strong></span> <span class='ocrx_word' id='word_1_224' title='bbox 1346 752 1612 834; x_wconf 88' lang='lat' dir='ltr'><strong>hymnis</strong></span> <span class='ocrx_word' id='word_1_225' title='bbox 1657 762 1727 816; x_wconf 90' lang='lat' dir='ltr'><strong>et</strong></span> <span class='ocrx_word' id='word_1_226' title='bbox 1825 750 2085 815; x_wconf 89' lang='lat' dir='ltr'><strong>firmam</strong></span> <span class='ocrx_word' id='word_1_227' title='bbox 2119 761 2394 835; x_wconf 87' lang='lat' dir='ltr'><strong>petram.</strong></span> <span class='ocrx_word' id='word_1_228' title='bbox 2484 751 2763 815; x_wconf 89' lang='lat' dir='ltr'><strong>alleluia.</strong></span> 
     </span>
    </p>
   </div>
   <div class='ocr_carea' id='block_1_7' title="bbox 1812 662 3031 4462">
    <p class='ocr_par' dir='ltr' id='par_1_9' title="bbox 1812 662 3031 4462">
     <span class='ocr_line' id='line_1_49' title="bbox 1826 662 3031 745; baseline 0.002 -19"><span class='ocrx_word' id='word_1_229' title='bbox 1826 662 1989 726; x_wconf 88' lang='lat' dir='ltr'><strong>data</strong></span> <span class='ocrx_word' id='word_1_230' title='bbox 2020 672 2121 727; x_wconf 92' lang='lat' dir='ltr'><strong>est</strong></span> <span class='ocrx_word' id='word_1_231' title='bbox 2150 664 2393 726; x_wconf 90' lang='lat' dir='ltr'><strong>domus</strong></span> <span class='ocrx_word' id='word_1_232' title='bbox 2441 662 2713 726; x_wconf 89' lang='lat' dir='ltr'><strong>domini.</strong></span> <span class='ocrx_word' id='word_1_233' title='bbox 2806 664 3031 745; x_wconf 81' lang='lat' dir='ltr'><strong>Supra</strong></span> 
     </span>
     <span class='ocr_line' id='line_1_50' title="bbox 2882 753 3025 817; baseline 0.007 -2"><span class='ocrx_word' id='word_1_234' title='bbox 2882 753 3025 817; x_wconf 87' lang='lat' dir='ltr'><strong>Lec.</strong></span> 
     </span>
     <span class='ocr_line' id='line_1_51' title="bbox 1823 838 3023 970; baseline 0.002 -68"><span class='ocrx_word' id='word_1_235' title='bbox 1823 841 2003 970; x_wconf 83' lang='lat' dir='ltr'><strong>Et</strong></span> <span class='ocrx_word' id='word_1_236' title='bbox 2054 840 2203 903; x_wconf 88' lang='lat' dir='ltr'><strong>ideo</strong></span> <span class='ocrx_word' id='word_1_237' title='bbox 2250 838 2483 903; x_wconf 84' lang='lat' dir='ltr'><strong>fratres</strong></span> <span class='ocrx_word' id='word_1_238' title='bbox 2526 841 2831 903; x_wconf 85' lang='lat' dir='ltr'><strong>charissi-</strong></span> <span class='ocrx_word' id='word_1_239' title='bbox 2868 840 3023 924; x_wconf 78' lang='lat' dir='ltr'><strong>[iiij.</strong></span> 
     </span>
     <span class='ocr_line' id='line_1_52' title="bbox 1976 928 3025 1010; baseline 0.003 -19"><span class='ocrx_word' id='word_1_240' title='bbox 1976 929 2066 991; x_wconf 90' lang='lat' dir='ltr'><strong>mi</strong></span> <span class='ocrx_word' id='word_1_241' title='bbox 2128 928 2577 1010; x_wconf 86' lang='lat' dir='ltr'><strong>unusquisque</strong></span> <span class='ocrx_word' id='word_1_242' title='bbox 2649 929 3025 994; x_wconf 88' lang='lat' dir='ltr'><strong>consideret</strong></span> 
     </span>
     <span class='ocr_line' id='line_1_53' title="bbox 1822 1017 3023 1100; baseline 0 -20"><span class='ocrx_word' id='word_1_243' title='bbox 1822 1017 2297 1080; x_wconf 87' lang='lat' dir='ltr'><strong>conscientiam</strong></span> <span class='ocrx_word' id='word_1_244' title='bbox 2346 1037 2577 1081; x_wconf 87' lang='lat' dir='ltr'><strong>suam:</strong></span> <span class='ocrx_word' id='word_1_245' title='bbox 2638 1025 2706 1080; x_wconf 92' lang='lat' dir='ltr'><strong>et</strong></span> <span class='ocrx_word' id='word_1_246' title='bbox 2746 1019 3023 1100; x_wconf 87' lang='lat' dir='ltr'><strong>quando</strong></span> 
     </span>
     <span class='ocr_line' id='line_1_54' title="bbox 1821 1104 3021 1188; baseline 0.001 -20"><span class='ocrx_word' id='word_1_247' title='bbox 1821 1125 1895 1168; x_wconf 92' lang='lat' dir='ltr'><strong>se</strong></span> <span class='ocrx_word' id='word_1_248' title='bbox 1969 1105 2194 1188; x_wconf 90' lang='lat' dir='ltr'><strong>aliquo</strong></span> <span class='ocrx_word' id='word_1_249' title='bbox 2266 1105 2540 1168; x_wconf 90' lang='lat' dir='ltr'><strong>crimine</strong></span> <span class='ocrx_word' id='word_1_250' title='bbox 2596 1104 3021 1170; x_wconf 84' lang='lat' dir='ltr'><strong>vulneratum</strong></span> 
     </span>
     <span class='ocr_line' id='line_1_55' title="bbox 1818 1194 3023 1276; baseline 0.002 -21"><span class='ocrx_word' id='word_1_251' title='bbox 1818 1213 1965 1256; x_wconf 88' lang='lat' dir='ltr'><strong>esse</strong></span> <span class='ocrx_word' id='word_1_252' title='bbox 2009 1195 2434 1276; x_wconf 88' lang='lat' dir='ltr'><strong>cognoverit:</strong></span> <span class='ocrx_word' id='word_1_253' title='bbox 2482 1194 2662 1276; x_wconf 87' lang='lat' dir='ltr'><strong>prius</strong></span> <span class='ocrx_word' id='word_1_254' title='bbox 2707 1195 3023 1258; x_wconf 89' lang='lat' dir='ltr'><strong>orationi-</strong></span> 
     </span>
     <span class='ocr_line' id='line_1_56' title="bbox 1817 1281 3025 1365; baseline 0 -19"><span class='ocrx_word' id='word_1_255' title='bbox 1817 1281 1982 1346; x_wconf 90' lang='lat' dir='ltr'><strong>bus:</strong></span> <span class='ocrx_word' id='word_1_256' title='bbox 2008 1281 2276 1365; x_wconf 85' lang='lat' dir='ltr'><strong>jejuniis</strong></span> <span class='ocrx_word' id='word_1_257' title='bbox 2304 1303 2319 1346; x_wconf 81' lang='lat'>2</span> <span class='ocrx_word' id='word_1_258' title='bbox 2349 1281 2614 1364; x_wconf 85' lang='lat' dir='ltr'><strong>vigiliis:</strong></span> <span class='ocrx_word' id='word_1_259' title='bbox 2644 1283 2747 1345; x_wconf 89' lang='lat' dir='ltr'><strong>vel</strong></span> <span class='ocrx_word' id='word_1_260' title='bbox 2774 1283 3025 1346; x_wconf 86' lang='lat' dir='ltr'><strong>elemo-</strong></span> 
     </span>
     <span class='ocr_line' id='line_1_57' title="bbox 1817 1371 3021 1450; baseline 0.002 -18"><span class='ocrx_word' id='word_1_261' title='bbox 1817 1371 2001 1450; x_wconf 88' lang='lat' dir='ltr'><strong>synis</strong></span> <span class='ocrx_word' id='word_1_262' title='bbox 2031 1371 2298 1434; x_wconf 90' lang='lat' dir='ltr'><strong>studeat</strong></span> <span class='ocrx_word' id='word_1_263' title='bbox 2332 1371 2651 1434; x_wconf 88' lang='lat' dir='ltr'><strong>mundare</strong></span> <span class='ocrx_word' id='word_1_264' title='bbox 2682 1373 3021 1435; x_wconf 89' lang='lat' dir='ltr'><strong>conscien-</strong></span> 
     </span>
     <span class='ocr_line' id='line_1_58' title="bbox 1818 1458 3019 1524; baseline 0.002 -3"><span class='ocrx_word' id='word_1_265' title='bbox 1818 1458 1981 1521; x_wconf 87' lang='lat' dir='ltr'><strong>tiam</strong></span> <span class='ocrx_word' id='word_1_266' title='bbox 2042 1479 2232 1522; x_wconf 88' lang='lat' dir='ltr'><strong>suam</strong></span> <span class='ocrx_word' id='word_1_267' title='bbox 2283 1468 2350 1521; x_wconf 87' lang='lat' dir='ltr'><strong>et</strong></span> <span class='ocrx_word' id='word_1_268' title='bbox 2398 1460 2492 1522; x_wconf 91' lang='lat' dir='ltr'><strong>sic</strong></span> <span class='ocrx_word' id='word_1_269' title='bbox 2551 1458 3019 1524; x_wconf 87' lang='lat' dir='ltr'><strong>eucharistiam</strong></span> 
     </span>
     <span class='ocr_line' id='line_1_59' title="bbox 1816 1548 3019 1630; baseline 0.002 -21"><span class='ocrx_word' id='word_1_270' title='bbox 1816 1557 2155 1629; x_wconf 86' lang='lat' dir='ltr'><strong>presumat</strong></span> <span class='ocrx_word' id='word_1_271' title='bbox 2231 1548 2546 1630; x_wconf 89' lang='lat' dir='ltr'><strong>accipere.</strong></span> <span class='ocrx_word' id='word_1_272' title='bbox 2636 1548 2751 1610; x_wconf 85' lang='lat' dir='ltr'><strong>Re.</strong></span> <span class='ocrx_word' id='word_1_273' title='bbox 2825 1549 3019 1612; x_wconf 88' lang='lat' dir='ltr'><strong>Beati</strong></span> 
     </span>
     <span class='ocr_line' id='line_1_60' title="bbox 1816 1635 3019 1718; baseline 0.002 -19"><span class='ocrx_word' id='word_1_274' title='bbox 1816 1636 1928 1718; x_wconf 92' lang='lat' dir='ltr'><strong>qui</strong></span> <span class='ocrx_word' id='word_1_275' title='bbox 1978 1635 2285 1699; x_wconf 88' lang='lat' dir='ltr'><strong>habitant</strong></span> <span class='ocrx_word' id='word_1_276' title='bbox 2346 1636 2411 1698; x_wconf 86' lang='lat' dir='ltr'><strong>in</strong></span> <span class='ocrx_word' id='word_1_277' title='bbox 2464 1637 2669 1699; x_wconf 87' lang='lat' dir='ltr'><strong>domo</strong></span> <span class='ocrx_word' id='word_1_278' title='bbox 2721 1645 2837 1700; x_wconf 92' lang='lat' dir='ltr'><strong>tua</strong></span> <span class='ocrx_word' id='word_1_279' title='bbox 2897 1638 3019 1701; x_wconf 92' lang='lat' dir='ltr'><strong>do-</strong></span> 
     </span>
     <span class='ocr_line' id='line_1_61' title="bbox 1816 1723 3018 1790; baseline 0.002 -4"><span class='ocrx_word' id='word_1_280' title='bbox 1816 1723 2010 1788; x_wconf 88' lang='lat' dir='ltr'><strong>mine.</strong></span> <span class='ocrx_word' id='word_1_281' title='bbox 2105 1724 2184 1787; x_wconf 93' lang='lat' dir='ltr'><strong>In</strong></span> <span class='ocrx_word' id='word_1_282' title='bbox 2218 1724 2439 1788; x_wconf 89' lang='lat' dir='ltr'><strong>secula</strong></span> <span class='ocrx_word' id='word_1_283' title='bbox 2474 1725 2843 1790; x_wconf 88' lang='lat' dir='ltr'><strong>seculorum</strong></span> <span class='ocrx_word' id='word_1_284' title='bbox 2875 1726 3018 1789; x_wconf 90' lang='lat' dir='ltr'><strong>lau-</strong></span> 
     </span>
     <span class='ocr_line' id='line_1_62' title="bbox 1812 1813 3023 1898; baseline 0.002 -23"><span class='ocrx_word' id='word_1_285' title='bbox 1812 1813 2071 1876; x_wconf 89' lang='lat' dir='ltr'><strong>dabunt</strong></span> <span class='ocrx_word' id='word_1_286' title='bbox 2102 1823 2185 1876; x_wconf 90' lang='lat' dir='ltr'><strong>te.</strong></span> <span class='ocrx_word' id='word_1_287' title='bbox 2236 1829 2281 1898; x_wconf 71' lang='lat' dir='ltr'>y</span> <span class='ocrx_word' id='word_1_288' title='bbox 2324 1813 2477 1876; x_wconf 88' lang='lat' dir='ltr'><strong>Non</strong></span> <span class='ocrx_word' id='word_1_289' title='bbox 2510 1813 2797 1895; x_wconf 89' lang='lat' dir='ltr'><strong>privabis</strong></span> <span class='ocrx_word' id='word_1_290' title='bbox 2826 1814 3023 1878; x_wconf 90' lang='lat' dir='ltr'><strong>bonis</strong></span> 
     </span>
     <span class='ocr_line' id='line_1_63' title="bbox 1814 1901 3019 1982; baseline 0.002 -19"><span class='ocrx_word' id='word_1_291' title='bbox 1814 1919 1929 1963; x_wconf 90' lang='lat' dir='ltr'><strong>eos</strong></span> <span class='ocrx_word' id='word_1_292' title='bbox 1974 1901 2091 1982; x_wconf 92' lang='lat' dir='ltr'><strong>qui</strong></span> <span class='ocrx_word' id='word_1_293' title='bbox 2132 1901 2481 1965; x_wconf 89' lang='lat' dir='ltr'><strong>ambulant</strong></span> <span class='ocrx_word' id='word_1_294' title='bbox 2526 1903 2592 1965; x_wconf 91' lang='lat' dir='ltr'><strong>in</strong></span> <span class='ocrx_word' id='word_1_295' title='bbox 2638 1903 3019 1967; x_wconf 85' lang='lat' dir='ltr'><strong>innocentia</strong></span> 
     </span>
     <span class='ocr_line' id='line_1_64' title="bbox 1816 1989 3019 2055; baseline 0.002 -3"><span class='ocrx_word' id='word_1_296' title='bbox 1816 1989 2085 2052; x_wconf 89' lang='lat' dir='ltr'><strong>domine</strong></span> <span class='ocrx_word' id='word_1_297' title='bbox 2134 1991 2494 2055; x_wconf 89' lang='lat' dir='ltr'><strong>virtutum:</strong></span> <span class='ocrx_word' id='word_1_298' title='bbox 2551 1991 2728 2054; x_wconf 89' lang='lat' dir='ltr'><strong>beati</strong></span> <span class='ocrx_word' id='word_1_299' title='bbox 2780 2011 3019 2055; x_wconf 86' lang='lat' dir='ltr'><strong>omnes</strong></span> 
     </span>
     <span class='ocr_line' id='line_1_65' title="bbox 1816 2078 2887 2160; baseline 0.004 -20"><span class='ocrx_word' id='word_1_300' title='bbox 1816 2078 1929 2160; x_wconf 91' lang='lat' dir='ltr'><strong>qui</strong></span> <span class='ocrx_word' id='word_1_301' title='bbox 1962 2087 2229 2160; x_wconf 89' lang='lat' dir='ltr'><strong>sperant</strong></span> <span class='ocrx_word' id='word_1_302' title='bbox 2261 2079 2327 2140; x_wconf 93' lang='lat' dir='ltr'><strong>in</strong></span> <span class='ocrx_word' id='word_1_303' title='bbox 2359 2087 2442 2142; x_wconf 93' lang='lat' dir='ltr'><strong>te.</strong></span> <span class='ocrx_word' id='word_1_304' title='bbox 2539 2079 2617 2142; x_wconf 94' lang='lat' dir='ltr'><strong>In</strong></span> <span class='ocrx_word' id='word_1_305' title='bbox 2650 2080 2887 2144; x_wconf 83' lang='lat' dir='ltr'><strong>secula.</strong></span> 
     </span>
     <span class='ocr_line' id='line_1_66' title="bbox 1814 2167 3015 2299; baseline 0.002 -70"><span class='ocrx_word' id='word_1_306' title='bbox 1814 2167 1970 2299; x_wconf 67' lang='lat' dir='ltr'><strong>Si</strong></span> <span class='ocrx_word' id='word_1_307' title='bbox 2003 2167 2180 2229; x_wconf 90' lang='lat' dir='ltr'><strong>enim</strong></span> <span class='ocrx_word' id='word_1_308' title='bbox 2216 2176 2470 2230; x_wconf 88' lang='lat' dir='ltr'><strong>reatum</strong></span> <span class='ocrx_word' id='word_1_309' title='bbox 2504 2187 2695 2232; x_wconf 88' lang='lat' dir='ltr'><strong>suum</strong></span> <span class='ocrx_word' id='word_1_310' title='bbox 2732 2167 2921 2251; x_wconf 83' lang='lat' dir='ltr'><strong>[Lect.</strong></span> <span class='ocrx_word' id='word_1_311' title='bbox 2954 2189 3015 2232; x_wconf 84' lang='lat' dir='ltr'><strong>v.</strong></span> 
     </span>
     <span class='ocr_line' id='line_1_67' title="bbox 1950 2256 3021 2338; baseline 0.002 -20"><span class='ocrx_word' id='word_1_312' title='bbox 1950 2275 2317 2337; x_wconf 88' lang='lat' dir='ltr'><strong>agnoscens</strong></span> <span class='ocrx_word' id='word_1_313' title='bbox 2368 2256 2511 2338; x_wconf 91' lang='lat' dir='ltr'><strong>ipse</strong></span> <span class='ocrx_word' id='word_1_314' title='bbox 2558 2277 2631 2319; x_wconf 92' lang='lat' dir='ltr'><strong>se</strong></span> <span class='ocrx_word' id='word_1_315' title='bbox 2691 2277 2733 2320; x_wconf 91' lang='lat' dir='ltr'><strong>a</strong></span> <span class='ocrx_word' id='word_1_316' title='bbox 2789 2257 3021 2320; x_wconf 88' lang='lat' dir='ltr'><strong>divino</strong></span> 
     </span>
     <span class='ocr_line' id='line_1_68' title="bbox 1818 2343 3023 2409; baseline 0.002 -3"><span class='ocrx_word' id='word_1_317' title='bbox 1818 2343 2007 2406; x_wconf 89' lang='lat' dir='ltr'><strong>altari</strong></span> <span class='ocrx_word' id='word_1_318' title='bbox 2040 2343 2472 2408; x_wconf 90' lang='lat' dir='ltr'><strong>subduxerit:</strong></span> <span class='ocrx_word' id='word_1_319' title='bbox 2517 2345 2652 2408; x_wconf 92' lang='lat' dir='ltr'><strong>cito</strong></span> <span class='ocrx_word' id='word_1_320' title='bbox 2683 2345 2768 2407; x_wconf 86' lang='lat' dir='ltr'><strong>ad</strong></span> <span class='ocrx_word' id='word_1_321' title='bbox 2802 2346 3023 2409; x_wconf 87' lang='lat' dir='ltr'><strong>indul-</strong></span> 
     </span>
     <span class='ocr_line' id='line_1_69' title="bbox 1816 2431 3021 2516; baseline 0.002 -22"><span class='ocrx_word' id='word_1_322' title='bbox 1816 2431 2111 2514; x_wconf 88' lang='lat' dir='ltr'><strong>gentiam</strong></span> <span class='ocrx_word' id='word_1_323' title='bbox 2143 2432 2365 2495; x_wconf 91' lang='lat' dir='ltr'><strong>divine</strong></span> <span class='ocrx_word' id='word_1_324' title='bbox 2398 2433 2840 2497; x_wconf 88' lang='lat' dir='ltr'><strong>misericordie</strong></span> <span class='ocrx_word' id='word_1_325' title='bbox 2870 2455 3021 2516; x_wconf 91' lang='lat' dir='ltr'><strong>per-</strong></span> 
     </span>
     <span class='ocr_line' id='line_1_70' title="bbox 1816 2520 3019 2604; baseline 0.003 -21"><span class='ocrx_word' id='word_1_326' title='bbox 1816 2521 2053 2584; x_wconf 89' lang='lat' dir='ltr'><strong>veniet.</strong></span> <span class='ocrx_word' id='word_1_327' title='bbox 2111 2520 2287 2603; x_wconf 83' lang='lat' dir='ltr'><strong>Quia</strong></span> <span class='ocrx_word' id='word_1_328' title='bbox 2316 2521 2486 2585; x_wconf 91' lang='lat' dir='ltr'><strong>sicut</strong></span> <span class='ocrx_word' id='word_1_329' title='bbox 2510 2522 2621 2604; x_wconf 92' lang='lat' dir='ltr'><strong>qui</strong></span> <span class='ocrx_word' id='word_1_330' title='bbox 2656 2543 2727 2586; x_wconf 89' lang='lat' dir='ltr'><strong>se</strong></span> <span class='ocrx_word' id='word_1_331' title='bbox 2756 2523 3019 2587; x_wconf 87' lang='lat' dir='ltr'><strong>exaltat</strong></span> 
     </span>
     <span class='ocr_line' id='line_1_71' title="bbox 1814 2609 3017 2695; baseline 0.002 -22"><span class='ocrx_word' id='word_1_332' title='bbox 1814 2609 2305 2673; x_wconf 83' lang='lat' dir='ltr'><strong>humiliabitur:</strong></span> <span class='ocrx_word' id='word_1_333' title='bbox 2352 2610 2445 2673; x_wconf 88' lang='lat' dir='ltr'><strong>ita</strong></span> <span class='ocrx_word' id='word_1_334' title='bbox 2476 2631 2511 2673; x_wconf 89' lang='lat' dir='ltr'><strong>e</strong></span> <span class='ocrx_word' id='word_1_335' title='bbox 2542 2614 2870 2675; x_wconf 85' lang='lat' dir='ltr'><strong>contrario</strong></span> <span class='ocrx_word' id='word_1_336' title='bbox 2901 2615 3017 2695; x_wconf 90' lang='lat' dir='ltr'><strong>qui</strong></span> 
     </span>
     <span class='ocr_line' id='line_1_72' title="bbox 1816 2697 3021 2764; baseline 0.002 -3"><span class='ocrx_word' id='word_1_337' title='bbox 1816 2718 1887 2761; x_wconf 92' lang='lat' dir='ltr'><strong>se</strong></span> <span class='ocrx_word' id='word_1_338' title='bbox 1910 2697 2215 2761; x_wconf 88' lang='lat' dir='ltr'><strong>humiliat</strong></span> <span class='ocrx_word' id='word_1_339' title='bbox 2246 2698 2662 2763; x_wconf 87' lang='lat' dir='ltr'><strong>exaltabitur.</strong></span> <span class='ocrx_word' id='word_1_340' title='bbox 2727 2701 2841 2764; x_wconf 81' lang='lat' dir='ltr'><strong>Re.</strong></span> <span class='ocrx_word' id='word_1_341' title='bbox 2890 2701 3021 2763; x_wconf 87' lang='lat' dir='ltr'><strong>La-</strong></span> 
     </span>
     <span class='ocr_line' id='line_1_73' title="bbox 1816 2787 3021 2869; baseline 0.005 -21"><span class='ocrx_word' id='word_1_342' title='bbox 1816 2787 2005 2869; x_wconf 91' lang='lat' dir='ltr'><strong>pides</strong></span> <span class='ocrx_word' id='word_1_343' title='bbox 2054 2787 2327 2869; x_wconf 91' lang='lat' dir='ltr'><strong>preciosi</strong></span> <span class='ocrx_word' id='word_1_344' title='bbox 2389 2807 2621 2851; x_wconf 90' lang='lat' dir='ltr'><strong>omnes</strong></span> <span class='ocrx_word' id='word_1_345' title='bbox 2683 2790 2849 2852; x_wconf 90' lang='lat' dir='ltr'><strong>muri</strong></span> <span class='ocrx_word' id='word_1_346' title='bbox 2900 2792 3021 2854; x_wconf 88' lang='lat' dir='ltr'><strong>tui.</strong></span> 
     </span>
     <span class='ocr_line' id='line_1_74' title="bbox 1820 2875 3020 2959; baseline 0.004 -22"><span class='ocrx_word' id='word_1_347' title='bbox 1820 2876 1913 2937; x_wconf 92' lang='lat' dir='ltr'><strong>Et</strong></span> <span class='ocrx_word' id='word_1_348' title='bbox 1983 2885 2193 2939; x_wconf 89' lang='lat' dir='ltr'><strong>turres</strong></span> <span class='ocrx_word' id='word_1_349' title='bbox 2266 2875 2655 2939; x_wconf 88' lang='lat' dir='ltr'><strong>hierusalem</strong></span> <span class='ocrx_word' id='word_1_350' title='bbox 2731 2880 3020 2959; x_wconf 88' lang='lat' dir='ltr'><strong>gemmis</strong></span> 
     </span>
     <span class='ocr_line' id='line_1_75' title="bbox 1818 2962 3017 3050; baseline 0.003 -23"><span class='ocrx_word' id='word_1_351' title='bbox 1818 2962 2311 3027; x_wconf 89' lang='lat' dir='ltr'><strong>edificabuntur.</strong></span> <span class='ocrx_word' id='word_1_352' title='bbox 2396 2981 2444 3050; x_wconf 69' lang='grc' dir='ltr'><strong><em>γ</em></strong></span> <span class='ocrx_word' id='word_1_353' title='bbox 2487 2965 2643 3028; x_wconf 92' lang='lat' dir='ltr'><strong>Vidi</strong></span> <span class='ocrx_word' id='word_1_354' title='bbox 2676 2966 3017 3031; x_wconf 86' lang='lat' dir='ltr'><strong>civitatem</strong></span> 
     </span>
     <span class='ocr_line' id='line_1_76' title="bbox 1818 3052 3018 3135; baseline 0.003 -20"><span class='ocrx_word' id='word_1_355' title='bbox 1818 3060 2117 3115; x_wconf 89' lang='lat' dir='ltr'><strong>sanctam</strong></span> <span class='ocrx_word' id='word_1_356' title='bbox 2152 3072 2192 3115; x_wconf 89' lang='lat' dir='ltr'><strong>a</strong></span> <span class='ocrx_word' id='word_1_357' title='bbox 2222 3052 2352 3115; x_wconf 91' lang='lat' dir='ltr'><strong>deo</strong></span> <span class='ocrx_word' id='word_1_358' title='bbox 2382 3062 2681 3135; x_wconf 87' lang='lat' dir='ltr'><strong>paratam</strong></span> <span class='ocrx_word' id='word_1_359' title='bbox 2712 3066 3018 3119; x_wconf 88' lang='lat' dir='ltr'><strong>ornatam</strong></span> 
     </span>
     <span class='ocr_line' id='line_1_77' title="bbox 1821 3139 3020 3207; baseline 0.004 -5"><span class='ocrx_word' id='word_1_360' title='bbox 1821 3139 2177 3204; x_wconf 91' lang='lat' dir='ltr'><strong>monilibus</strong></span> <span class='ocrx_word' id='word_1_361' title='bbox 2230 3142 2383 3205; x_wconf 80' lang='lat' dir='ltr'><strong>suiS.</strong></span> <span class='ocrx_word' id='word_1_362' title='bbox 2474 3141 2566 3205; x_wconf 89' lang='lat' dir='ltr'><strong>Et</strong></span> <span class='ocrx_word' id='word_1_363' title='bbox 2627 3152 2835 3206; x_wconf 90' lang='lat' dir='ltr'><strong>turres</strong></span> <span class='ocrx_word' id='word_1_364' title='bbox 2880 3144 3020 3207; x_wconf 89' lang='lat' dir='ltr'><strong>hie-</strong></span> 
     </span>
     <span class='ocr_line' id='line_1_78' title="bbox 1820 3228 3021 3315; baseline 0.004 -24"><span class='ocrx_word' id='word_1_365' title='bbox 1820 3228 2121 3293; x_wconf 87' lang='lat' dir='ltr'><strong>rusalem.</strong></span> <span class='ocrx_word' id='word_1_366' title='bbox 2688 3232 2902 3294; x_wconf 81' lang='lat' dir='ltr'><strong>Lectio</strong></span> <span class='ocrx_word' id='word_1_367' title='bbox 2928 3234 3021 3315; x_wconf 83' lang='lat' dir='ltr'><strong>vj.</strong></span> 
     </span>
     <span class='ocr_line' id='line_1_79' title="bbox 1830 3317 3023 3483; baseline 0.004 -104"><span class='ocrx_word' id='word_1_368' title='bbox 1830 3318 2021 3483; x_wconf 71' lang='lat' dir='ltr'><strong>Qui</strong></span> <span class='ocrx_word' id='word_1_369' title='bbox 2054 3318 2229 3380; x_wconf 89' lang='lat' dir='ltr'><strong>enim</strong></span> <span class='ocrx_word' id='word_1_370' title='bbox 2260 3317 2431 3381; x_wconf 92' lang='lat' dir='ltr'><strong>sicut</strong></span> <span class='ocrx_word' id='word_1_371' title='bbox 2461 3318 2603 3382; x_wconf 91' lang='lat' dir='ltr'><strong>dixi</strong></span> <span class='ocrx_word' id='word_1_372' title='bbox 2652 3340 3023 3402; x_wconf 89' lang='lat' dir='ltr'><strong>agnoscens</strong></span> 
     </span>
     <span class='ocr_line' id='line_1_80' title="bbox 1956 3408 3021 3489; baseline 0.006 -22"><span class='ocrx_word' id='word_1_373' title='bbox 1956 3416 2211 3469; x_wconf 88' lang='lat' dir='ltr'><strong>reatum</strong></span> <span class='ocrx_word' id='word_1_374' title='bbox 2244 3427 2435 3469; x_wconf 90' lang='lat' dir='ltr'><strong>suum</strong></span> <span class='ocrx_word' id='word_1_375' title='bbox 2466 3430 2481 3470; x_wconf 90' lang='lat'>:</span> <span class='ocrx_word' id='word_1_376' title='bbox 2528 3408 2668 3489; x_wconf 91' lang='lat' dir='ltr'><strong>ipse</strong></span> <span class='ocrx_word' id='word_1_377' title='bbox 2698 3429 2771 3472; x_wconf 91' lang='lat' dir='ltr'><strong>se</strong></span> <span class='ocrx_word' id='word_1_378' title='bbox 2800 3410 3021 3473; x_wconf 88' lang='lat' dir='ltr'><strong>humi-</strong></span> 
     </span>
     <span class='ocr_line' id='line_1_81' title="bbox 1820 3492 3021 3578; baseline 0.003 -22"><span class='ocrx_word' id='word_1_379' title='bbox 1820 3492 1971 3557; x_wconf 90' lang='lat' dir='ltr'><strong>liter</strong></span> <span class='ocrx_word' id='word_1_380' title='bbox 2000 3495 2087 3557; x_wconf 93' lang='lat' dir='ltr'><strong>ab</strong></span> <span class='ocrx_word' id='word_1_381' title='bbox 2133 3495 2323 3558; x_wconf 90' lang='lat' dir='ltr'><strong>altari</strong></span> <span class='ocrx_word' id='word_1_382' title='bbox 2371 3495 2605 3559; x_wconf 88' lang='lat' dir='ltr'><strong>eodem</strong></span> <span class='ocrx_word' id='word_1_383' title='bbox 2639 3517 2760 3578; x_wconf 89' lang='lat' dir='ltr'><strong>pro</strong></span> <span class='ocrx_word' id='word_1_384' title='bbox 2790 3517 3021 3561; x_wconf 87' lang='lat' dir='ltr'><strong>emen-</strong></span> 
     </span>
     <span class='ocr_line' id='line_1_82' title="bbox 1817 3582 3019 3651; baseline 0.003 -6"><span class='ocrx_word' id='word_1_385' title='bbox 1817 3582 2235 3646; x_wconf 88' lang='lat' dir='ltr'><strong>dationevite</strong></span> <span class='ocrx_word' id='word_1_386' title='bbox 2250 3603 2583 3648; x_wconf 88' lang='lat' dir='ltr'><strong>removere</strong></span> <span class='ocrx_word' id='word_1_387' title='bbox 2595 3585 2874 3649; x_wconf 90' lang='lat' dir='ltr'><strong>voluerit</strong></span> <span class='ocrx_word' id='word_1_388' title='bbox 2892 3608 2905 3651; x_wconf 90' lang='lat'>:</span> <span class='ocrx_word' id='word_1_389' title='bbox 2927 3588 3019 3649; x_wconf 90' lang='lat' dir='ltr'><strong>ab</strong></span> 
     </span>
     <span class='ocr_line' id='line_1_83' title="bbox 1817 3671 3019 3738; baseline 0.004 -5"><span class='ocrx_word' id='word_1_390' title='bbox 1817 3679 2047 3735; x_wconf 88' lang='lat' dir='ltr'><strong>eterno</strong></span> <span class='ocrx_word' id='word_1_391' title='bbox 2077 3671 2191 3735; x_wconf 93' lang='lat' dir='ltr'><strong>illo</strong></span> <span class='ocrx_word' id='word_1_392' title='bbox 2223 3681 2290 3735; x_wconf 88' lang='lat' dir='ltr'><strong>et</strong></span> <span class='ocrx_word' id='word_1_393' title='bbox 2320 3672 2545 3737; x_wconf 89' lang='lat' dir='ltr'><strong>celesti</strong></span> <span class='ocrx_word' id='word_1_394' title='bbox 2568 3674 2871 3738; x_wconf 90' lang='lat' dir='ltr'><strong>convivio</strong></span> <span class='ocrx_word' id='word_1_395' title='bbox 2894 3696 3019 3738; x_wconf 84' lang='lat' dir='ltr'><strong>ex-</strong></span> 
     </span>
     <span class='ocr_line' id='line_1_84' title="bbox 1816 3761 3019 3843; baseline 0.002 -20"><span class='ocrx_word' id='word_1_396' title='bbox 1816 3761 2287 3825; x_wconf 88' lang='lat' dir='ltr'><strong>communicari</strong></span> <span class='ocrx_word' id='word_1_397' title='bbox 2334 3762 2599 3843; x_wconf 90' lang='lat' dir='ltr'><strong>penitus</strong></span> <span class='ocrx_word' id='word_1_398' title='bbox 2646 3782 2779 3825; x_wconf 90' lang='lat' dir='ltr'><strong>non</strong></span> <span class='ocrx_word' id='word_1_399' title='bbox 2822 3764 3019 3827; x_wconf 89' lang='lat' dir='ltr'><strong>time-</strong></span> 
     </span>
     <span class='ocr_line' id='line_1_85' title="bbox 1817 3848 3015 3915; baseline 0.003 -3"><span class='ocrx_word' id='word_1_400' title='bbox 1817 3849 1931 3912; x_wconf 92' lang='lat' dir='ltr'><strong>bit.</strong></span> <span class='ocrx_word' id='word_1_401' title='bbox 1995 3848 2111 3913; x_wconf 79' lang='lat' dir='ltr'><strong>Re.</strong></span> <span class='ocrx_word' id='word_1_402' title='bbox 2155 3848 2314 3912; x_wconf 91' lang='lat' dir='ltr'><strong>Vidi</strong></span> <span class='ocrx_word' id='word_1_403' title='bbox 2342 3850 2679 3913; x_wconf 77' lang='lat' dir='ltr'><strong>civitatem</strong></span> <span class='ocrx_word' id='word_1_404' title='bbox 2712 3862 3015 3915; x_wconf 90' lang='lat' dir='ltr'><strong>sanctam</strong></span> 
     </span>
     <span class='ocr_line' id='line_1_86' title="bbox 1816 3936 3015 4021; baseline 0.003 -21"><span class='ocrx_word' id='word_1_405' title='bbox 1816 3936 2210 4001; x_wconf 89' lang='lat' dir='ltr'><strong>hierusalem</strong></span> <span class='ocrx_word' id='word_1_406' title='bbox 2236 3957 2477 4001; x_wconf 87' lang='lat' dir='ltr'><strong>novam</strong></span> <span class='ocrx_word' id='word_1_407' title='bbox 2498 3959 2539 4001; x_wconf 92' lang='lat' dir='ltr'><strong>a</strong></span> <span class='ocrx_word' id='word_1_408' title='bbox 2564 3939 2691 4003; x_wconf 90' lang='lat' dir='ltr'><strong>deo</strong></span> <span class='ocrx_word' id='word_1_409' title='bbox 2710 3949 3015 4021; x_wconf 84' lang='lat' dir='ltr'><strong>paratam</strong></span> 
     </span>
     <span class='ocr_line' id='line_1_87' title="bbox 1815 4026 3019 4092; baseline 0.003 -4"><span class='ocrx_word' id='word_1_410' title='bbox 1815 4034 1885 4089; x_wconf 90' lang='lat' dir='ltr'><strong>et</strong></span> <span class='ocrx_word' id='word_1_411' title='bbox 1930 4026 2149 4089; x_wconf 89' lang='lat' dir='ltr'><strong>audivi</strong></span> <span class='ocrx_word' id='word_1_412' title='bbox 2185 4046 2417 4092; x_wconf 88' lang='lat' dir='ltr'><strong>vocem</strong></span> <span class='ocrx_word' id='word_1_413' title='bbox 2467 4026 2554 4090; x_wconf 93' lang='lat' dir='ltr'><strong>de</strong></span> <span class='ocrx_word' id='word_1_414' title='bbox 2598 4027 2743 4091; x_wconf 88' lang='lat' dir='ltr'><strong>celo</strong></span> <span class='ocrx_word' id='word_1_415' title='bbox 2792 4028 3019 4092; x_wconf 90' lang='lat' dir='ltr'><strong>dicen-</strong></span> 
     </span>
     <span class='ocr_line' id='line_1_88' title="bbox 1816 4114 3017 4181; baseline 0.002 -4"><span class='ocrx_word' id='word_1_416' title='bbox 1816 4122 1953 4177; x_wconf 88' lang='lat' dir='ltr'><strong>tem</strong></span> <span class='ocrx_word' id='word_1_417' title='bbox 1992 4135 2007 4177; x_wconf 87' lang='lat'>:</span> <span class='ocrx_word' id='word_1_418' title='bbox 2094 4114 2269 4178; x_wconf 90' lang='lat' dir='ltr'><strong>Ecce</strong></span> <span class='ocrx_word' id='word_1_419' title='bbox 2344 4114 2843 4179; x_wconf 90' lang='lat' dir='ltr'><strong>tabernaculum</strong></span> <span class='ocrx_word' id='word_1_420' title='bbox 2906 4118 3017 4181; x_wconf 90' lang='lat' dir='ltr'><strong>dei</strong></span> 
     </span>
     <span class='ocr_line' id='line_1_89' title="bbox 1814 4201 3022 4270; baseline 0.003 -5"><span class='ocrx_word' id='word_1_421' title='bbox 1814 4223 1963 4266; x_wconf 90' lang='lat' dir='ltr'><strong>curn</strong></span> <span class='ocrx_word' id='word_1_422' title='bbox 2041 4201 2418 4267; x_wconf 90' lang='lat' dir='ltr'><strong>hominibus</strong></span> <span class='ocrx_word' id='word_1_423' title='bbox 2453 4224 2468 4267; x_wconf 75' lang='grc' dir='ltr'><em>τ</em></span> <span class='ocrx_word' id='word_1_424' title='bbox 2544 4215 2611 4268; x_wconf 91' lang='lat' dir='ltr'><strong>et</strong></span> <span class='ocrx_word' id='word_1_425' title='bbox 2687 4203 3022 4270; x_wconf 88' lang='lat' dir='ltr'><strong>habitabit</strong></span> 
     </span>
     <span class='ocr_line' id='line_1_90' title="bbox 1812 4292 3021 4378; baseline 0.003 -25"><span class='ocrx_word' id='word_1_426' title='bbox 1812 4312 1960 4355; x_wconf 90' lang='lat' dir='ltr'><strong>cum</strong></span> <span class='ocrx_word' id='word_1_427' title='bbox 2013 4292 2152 4355; x_wconf 90' lang='lat' dir='ltr'><strong>illis.</strong></span> <span class='ocrx_word' id='word_1_428' title='bbox 2243 4309 2291 4378; x_wconf 71' lang='grc' dir='ltr'><strong><em>γ</em></strong></span> <span class='ocrx_word' id='word_1_429' title='bbox 2336 4292 2491 4355; x_wconf 91' lang='lat' dir='ltr'><strong>Vidi</strong></span> <span class='ocrx_word' id='word_1_430' title='bbox 2546 4294 2855 4375; x_wconf 87' lang='lat' dir='ltr'><strong>angelum</strong></span> <span class='ocrx_word' id='word_1_431' title='bbox 2907 4296 3021 4357; x_wconf 89' lang='lat' dir='ltr'><strong>dei</strong></span> 
     </span>
     <span class='ocr_line' id='line_1_91' title="bbox 1812 4380 3019 4462; baseline 0.004 -20"><span class='ocrx_word' id='word_1_432' title='bbox 1812 4380 2147 4444; x_wconf 88' lang='lat' dir='ltr'><strong>volantem</strong></span> <span class='ocrx_word' id='word_1_433' title='bbox 2192 4400 2310 4462; x_wconf 89' lang='lat' dir='ltr'><strong>per</strong></span> <span class='ocrx_word' id='word_1_434' title='bbox 2356 4382 2646 4445; x_wconf 83' lang='lat' dir='ltr'><strong>medium</strong></span> <span class='ocrx_word' id='word_1_435' title='bbox 2696 4382 2815 4446; x_wconf 90' lang='lat' dir='ltr'><strong>celi</strong></span> <span class='ocrx_word' id='word_1_436' title='bbox 2849 4402 3019 4447; x_wconf 87' lang='lat' dir='ltr'><strong>voce</strong></span> 
     </span>
    </p>
   </div>
   <div class='ocr_carea' id='block_1_8' title="bbox 1506 4552 1996 4603">
    <p class='ocr_par' dir='ltr' id='par_1_10' title="bbox 1506 4552 1996 4603">
     <span class='ocr_line' id='line_1_92' title="bbox 1506 4552 1996 4603; baseline -0.002 -1"><span class='ocrx_word' id='word_1_437' title='bbox 1506 4556 1518 4585; x_wconf 80' lang='lat'>&#39;</span> <span class='ocrx_word' id='word_1_438' title='bbox 1555 4552 1896 4603; x_wconf 77' lang='lat' dir='ltr'><strong>exultatione:</strong></span> <span class='ocrx_word' id='word_1_439' title='bbox 1934 4552 1996 4601; x_wconf 93' lang='lat' dir='ltr'><strong>R.</strong></span> 
     </span>
    </p>
   </div>
  </div>
 </body>
</html>
