<?xml version="1.0" encoding="UTF-8"?>
<!DOCTYPE html PUBLIC "-//W3C//DTD XHTML 1.0 Transitional//EN"
    "http://www.w3.org/TR/xhtml1/DTD/xhtml1-transitional.dtd">
<html xmlns="http://www.w3.org/1999/xhtml" xml:lang="en" lang="en">
 <head>
  <title>
</title>
<meta http-equiv="Content-Type" content="text/html;charset=utf-8" />
  <meta name='ocr-system' content='tesseract 3.04.00' />
  <meta name='ocr-capabilities' content='ocr_page ocr_carea ocr_par ocr_line ocrx_word'/>
</head>
<body>
  <div class='ocr_page' id='page_1' title='image "./publicationssur05unkngoog_0200.png"; bbox 0 0 3375 5100; ppageno 0'>
   <div class='ocr_carea' id='block_1_1' title="bbox 1284 359 1865 417">
    <p class='ocr_par' dir='ltr' id='par_1_1' title="bbox 1284 359 1865 417">
     <span class='ocr_line' id='line_1_1' title="bbox 1284 359 1865 417; baseline -0.002 -1"><span class='ocrx_word' id='word_1_1' title='bbox 1284 362 1390 416; x_wconf 92' lang='lat' dir='ltr'>IN</span> <span class='ocrx_word' id='word_1_2' title='bbox 1427 361 1536 416; x_wconf 82' lang='grc' dir='ltr'>ΡΑ</span> <span class='ocrx_word' id='word_1_3' title='bbox 1543 361 1595 416; x_wconf 90' lang='lat' dir='ltr'><em>S</em></span> <span class='ocrx_word' id='word_1_4' title='bbox 1594 359 1865 417; x_wconf 88' lang='lat' dir='ltr'><em>SIONE.</em></span> 
     </span>
    </p>
   </div>
   <div class='ocr_carea' id='block_1_2' title="bbox 901 469 1055 524">
    <p class='ocr_par' dir='ltr' id='par_1_2' title="bbox 901 469 1055 524">
     <span class='ocr_line' id='line_1_2' title="bbox 901 469 1055 524; baseline -0.013 0"><span class='ocrx_word' id='word_1_5' title='bbox 901 469 1055 524; x_wconf 74' lang='lat'>845</span> 
     </span>
    </p>
   </div>
   <div class='ocr_carea' id='block_1_3' title="bbox 358 574 1561 3488">
    <p class='ocr_par' dir='ltr' id='par_1_3' title="bbox 358 574 1561 3488">
     <span class='ocr_line' id='line_1_3' title="bbox 358 574 1560 658; baseline 0 -19"><span class='ocrx_word' id='word_1_6' title='bbox 358 574 444 639; x_wconf 84' lang='lat' dir='ltr'>de</span> <span class='ocrx_word' id='word_1_7' title='bbox 497 574 800 658; x_wconf 84' lang='lat' dir='ltr'><em>passione</em></span> <span class='ocrx_word' id='word_1_8' title='bbox 868 575 1113 639; x_wconf 71' lang='lat' dir='ltr'>dicitur</span> <span class='ocrx_word' id='word_1_9' title='bbox 1133 597 1161 639; x_wconf 91' lang='lat'>.·</span> <span class='ocrx_word' id='word_1_10' title='bbox 1240 575 1378 639; x_wconf 83' lang='lat' dir='ltr'>sive</span> <span class='ocrx_word' id='word_1_11' title='bbox 1448 575 1560 640; x_wconf 87' lang='lat' dir='ltr'>do-</span> 
     </span>
     <span class='ocr_line' id='line_1_4' title="bbox 362 663 1556 746; baseline 0.001 -19"><span class='ocrx_word' id='word_1_12' title='bbox 362 663 606 728; x_wconf 81' lang='lat' dir='ltr'>minica</span> <span class='ocrx_word' id='word_1_13' title='bbox 626 687 651 728; x_wconf 93' lang='lat'>.·</span> <span class='ocrx_word' id='word_1_14' title='bbox 692 664 831 727; x_wconf 85' lang='lat' dir='ltr'>sive</span> <span class='ocrx_word' id='word_1_15' title='bbox 841 664 1049 746; x_wconf 84' lang='lat' dir='ltr'><em>seria.</em></span> <span class='ocrx_word' id='word_1_16' title='bbox 1235 665 1556 745; x_wconf 84' lang='lat' dir='ltr'><em>Hymnus.</em></span> 
     </span>
     <span class='ocr_line' id='line_1_5' title="bbox 364 752 1557 886; baseline -0.003 -66"><span class='ocrx_word' id='word_1_17' title='bbox 364 756 686 886; x_wconf 75' lang='lat' dir='ltr'>Pange</span> <span class='ocrx_word' id='word_1_18' title='bbox 716 752 943 835; x_wconf 89' lang='lat' dir='ltr'>lingua</span> <span class='ocrx_word' id='word_1_19' title='bbox 972 752 1235 836; x_wconf 84' lang='lat' dir='ltr'>gloriosi</span> <span class='ocrx_word' id='word_1_20' title='bbox 1278 752 1557 836; x_wconf 89' lang='lat' dir='ltr'>prelium</span> 
     </span>
     <span class='ocr_line' id='line_1_6' title="bbox 514 842 1557 924; baseline 0 -20"><span class='ocrx_word' id='word_1_21' title='bbox 514 842 931 905; x_wconf 87' lang='lat' dir='ltr'>certaminis:</span> <span class='ocrx_word' id='word_1_22' title='bbox 988 851 1055 904; x_wconf 90' lang='lat' dir='ltr'>et</span> <span class='ocrx_word' id='word_1_23' title='bbox 1107 862 1304 924; x_wconf 87' lang='lat' dir='ltr'>super</span> <span class='ocrx_word' id='word_1_24' title='bbox 1350 843 1557 906; x_wconf 87' lang='lat' dir='ltr'>crucis</span> 
     </span>
     <span class='ocr_line' id='line_1_7' title="bbox 362 930 1558 1013; baseline 0.001 -21"><span class='ocrx_word' id='word_1_25' title='bbox 362 930 714 1011; x_wconf 88' lang='lat' dir='ltr'>tropheum</span> <span class='ocrx_word' id='word_1_26' title='bbox 757 930 863 994; x_wconf 90' lang='lat' dir='ltr'>dic</span> <span class='ocrx_word' id='word_1_27' title='bbox 918 930 1326 1013; x_wconf 89' lang='lat' dir='ltr'>triumphum</span> <span class='ocrx_word' id='word_1_28' title='bbox 1372 930 1558 993; x_wconf 93' lang='lat' dir='ltr'>nobi-</span> 
     </span>
     <span class='ocr_line' id='line_1_8' title="bbox 364 1017 1556 1100; baseline 0.002 -20"><span class='ocrx_word' id='word_1_29' title='bbox 364 1017 533 1081; x_wconf 88' lang='lat' dir='ltr'><strong>lem:</strong></span> <span class='ocrx_word' id='word_1_30' title='bbox 591 1018 872 1100; x_wconf 84' lang='lat' dir='ltr'>qualiter</span> <span class='ocrx_word' id='word_1_31' title='bbox 936 1020 1315 1100; x_wconf 90' lang='lat' dir='ltr'>redemptor</span> <span class='ocrx_word' id='word_1_32' title='bbox 1379 1019 1556 1082; x_wconf 89' lang='lat' dir='ltr'>orbis</span> 
     </span>
     <span class='ocr_line' id='line_1_9' title="bbox 364 1106 1557 1189; baseline 0.002 -21"><span class='ocrx_word' id='word_1_33' title='bbox 364 1106 745 1170; x_wconf 84' lang='lat' dir='ltr'>immolatus</span> <span class='ocrx_word' id='word_1_34' title='bbox 776 1107 1017 1170; x_wconf 86' lang='lat' dir='ltr'>vicerit.</span> <span class='ocrx_word' id='word_1_35' title='bbox 1108 1107 1218 1170; x_wconf 87' lang='lat' dir='ltr'>De</span> <span class='ocrx_word' id='word_1_36' title='bbox 1265 1107 1557 1189; x_wconf 86' lang='lat' dir='ltr'>parentis</span> 
     </span>
     <span class='ocr_line' id='line_1_10' title="bbox 364 1194 1555 1278; baseline 0.001 -21"><span class='ocrx_word' id='word_1_37' title='bbox 364 1194 844 1278; x_wconf 87' lang='lat' dir='ltr'>prothoplasti-¹</span> <span class='ocrx_word' id='word_1_38' title='bbox 876 1195 1107 1259; x_wconf 89' lang='lat' dir='ltr'>fraude</span> <span class='ocrx_word' id='word_1_39' title='bbox 1168 1195 1342 1259; x_wconf 88' lang='lat' dir='ltr'>facta</span> <span class='ocrx_word' id='word_1_40' title='bbox 1403 1214 1555 1258; x_wconf 90' lang='lat' dir='ltr'>con-</span> 
     </span>
     <span class='ocr_line' id='line_1_11' title="bbox 364 1281 1557 1366; baseline 0.001 -20"><span class='ocrx_word' id='word_1_41' title='bbox 364 1281 598 1347; x_wconf 88' lang='lat' dir='ltr'>dolens</span> <span class='ocrx_word' id='word_1_42' title='bbox 673 1284 941 1366; x_wconf 87' lang='lat' dir='ltr'>quando</span> <span class='ocrx_word' id='word_1_43' title='bbox 1013 1285 1196 1366; x_wconf 88' lang='lat' dir='ltr'>pomi</span> <span class='ocrx_word' id='word_1_44' title='bbox 1270 1283 1557 1347; x_wconf 89' lang='lat' dir='ltr'>noxialis</span> 
     </span>
     <span class='ocr_line' id='line_1_12' title="bbox 366 1372 1556 1454; baseline 0 -20"><span class='ocrx_word' id='word_1_45' title='bbox 366 1380 577 1435; x_wconf 88' lang='lat' dir='ltr'>morte</span> <span class='ocrx_word' id='word_1_46' title='bbox 630 1387 852 1435; x_wconf 89' lang='lat' dir='ltr'>morsu</span> <span class='ocrx_word' id='word_1_47' title='bbox 902 1373 1183 1436; x_wconf 88' lang='lat' dir='ltr'>corruit:</span> <span class='ocrx_word' id='word_1_48' title='bbox 1240 1372 1381 1454; x_wconf 88' lang='lat' dir='ltr'>ipse</span> <span class='ocrx_word' id='word_1_49' title='bbox 1435 1373 1556 1454; x_wconf 87' lang='lat' dir='ltr'>lig-</span> 
     </span>
     <span class='ocr_line' id='line_1_13' title="bbox 367 1459 1557 1543; baseline 0 -20"><span class='ocrx_word' id='word_1_50' title='bbox 367 1480 527 1523; x_wconf 91' lang='lat' dir='ltr'>num</span> <span class='ocrx_word' id='word_1_51' title='bbox 576 1469 735 1523; x_wconf 93' lang='lat' dir='ltr'>tunc</span> <span class='ocrx_word' id='word_1_52' title='bbox 789 1461 1047 1524; x_wconf 84' lang='lat' dir='ltr'>notavit</span> <span class='ocrx_word' id='word_1_53' title='bbox 1090 1462 1341 1526; x_wconf 86' lang='lat' dir='ltr'>damna</span> <span class='ocrx_word' id='word_1_54' title='bbox 1394 1459 1557 1543; x_wconf 88' lang='lat' dir='ltr'>ligni</span> 
     </span>
     <span class='ocr_line' id='line_1_14' title="bbox 366 1548 1557 1632; baseline 0.002 -22"><span class='ocrx_word' id='word_1_55' title='bbox 366 1557 442 1610; x_wconf 89' lang='lat' dir='ltr'>ut</span> <span class='ocrx_word' id='word_1_56' title='bbox 492 1548 791 1612; x_wconf 87' lang='lat' dir='ltr'>solveret.</span> <span class='ocrx_word' id='word_1_57' title='bbox 883 1549 1036 1612; x_wconf 88' lang='lat' dir='ltr'>Hoc</span> <span class='ocrx_word' id='word_1_58' title='bbox 1096 1569 1264 1632; x_wconf 92' lang='lat' dir='ltr'>opus</span> <span class='ocrx_word' id='word_1_59' title='bbox 1336 1558 1557 1612; x_wconf 90' lang='lat' dir='ltr'>nostre</span> 
     </span>
     <span class='ocr_line' id='line_1_15' title="bbox 364 1635 1560 1720; baseline 0.002 -21"><span class='ocrx_word' id='word_1_60' title='bbox 364 1635 595 1700; x_wconf 86' lang='lat' dir='ltr'>salutis</span> <span class='ocrx_word' id='word_1_61' title='bbox 625 1639 790 1701; x_wconf 89' lang='lat' dir='ltr'>ordo</span> <span class='ocrx_word' id='word_1_62' title='bbox 819 1638 1333 1720; x_wconf 85' lang='lat' dir='ltr'>depoposcerat:</span> <span class='ocrx_word' id='word_1_63' title='bbox 1390 1637 1560 1701; x_wconf 92' lang='lat' dir='ltr'>mul-</span> 
     </span>
     <span class='ocr_line' id='line_1_16' title="bbox 364 1725 1555 1807; baseline 0 -19"><span class='ocrx_word' id='word_1_64' title='bbox 364 1725 645 1788; x_wconf 85' lang='lat' dir='ltr'>tiformis</span> <span class='ocrx_word' id='word_1_65' title='bbox 689 1726 1041 1807; x_wconf 86' lang='lat' dir='ltr'>proditoris</span> <span class='ocrx_word' id='word_1_66' title='bbox 1086 1746 1193 1790; x_wconf 91' lang='lat' dir='ltr'>ars</span> <span class='ocrx_word' id='word_1_67' title='bbox 1232 1735 1305 1790; x_wconf 91' lang='lat' dir='ltr'>ut</span> <span class='ocrx_word' id='word_1_68' title='bbox 1347 1736 1555 1790; x_wconf 89' lang='lat' dir='ltr'>artem</span> 
     </span>
     <span class='ocr_line' id='line_1_17' title="bbox 367 1812 1557 1878; baseline 0.003 -3"><span class='ocrx_word' id='word_1_69' title='bbox 367 1812 623 1877; x_wconf 80' lang='lat' dir='ltr'>falleret</span> <span class='ocrx_word' id='word_1_70' title='bbox 666 1822 737 1877; x_wconf 92' lang='lat' dir='ltr'>et</span> <span class='ocrx_word' id='word_1_71' title='bbox 782 1813 1113 1878; x_wconf 91' lang='lat' dir='ltr'>medelam</span> <span class='ocrx_word' id='word_1_72' title='bbox 1159 1814 1355 1878; x_wconf 89' lang='lat' dir='ltr'>ferret</span> <span class='ocrx_word' id='word_1_73' title='bbox 1402 1815 1557 1878; x_wconf 91' lang='lat' dir='ltr'>inde</span> 
     </span>
     <span class='ocr_line' id='line_1_18' title="bbox 365 1901 1557 1982; baseline 0 -16"><span class='ocrx_word' id='word_1_74' title='bbox 365 1901 575 1966; x_wconf 89' lang='lat' dir='ltr'>hostis</span> <span class='ocrx_word' id='word_1_75' title='bbox 651 1902 827 1966; x_wconf 89' lang='lat' dir='ltr'>unde</span> <span class='ocrx_word' id='word_1_76' title='bbox 870 1903 1155 1966; x_wconf 85' lang='lat' dir='ltr'>leserat.</span> <span class='ocrx_word' id='word_1_77' title='bbox 1274 1901 1557 1982; x_wconf 83' lang='lat' dir='ltr'>Quando</span> 
     </span>
     <span class='ocr_line' id='line_1_19' title="bbox 366 1990 1556 2074; baseline 0 -20"><span class='ocrx_word' id='word_1_78' title='bbox 366 1991 545 2054; x_wconf 87' lang='lat' dir='ltr'>venit</span> <span class='ocrx_word' id='word_1_79' title='bbox 577 2011 734 2073; x_wconf 88' lang='lat' dir='ltr'>ergo</span> <span class='ocrx_word' id='word_1_80' title='bbox 778 1991 944 2054; x_wconf 88' lang='lat' dir='ltr'>sacri</span> <span class='ocrx_word' id='word_1_81' title='bbox 993 1990 1333 2074; x_wconf 90' lang='lat' dir='ltr'>plenitudo</span> <span class='ocrx_word' id='word_1_82' title='bbox 1388 2000 1556 2055; x_wconf 91' lang='lat' dir='ltr'>tem-</span> 
     </span>
     <span class='ocr_line' id='line_1_20' title="bbox 368 2079 1557 2162; baseline 0.002 -21"><span class='ocrx_word' id='word_1_83' title='bbox 368 2079 583 2161; x_wconf 88' lang='lat' dir='ltr'>poris:</span> <span class='ocrx_word' id='word_1_84' title='bbox 632 2079 869 2142; x_wconf 89' lang='lat' dir='ltr'>missus</span> <span class='ocrx_word' id='word_1_85' title='bbox 915 2089 1017 2142; x_wconf 89' lang='lat' dir='ltr'>est</span> <span class='ocrx_word' id='word_1_86' title='bbox 1046 2080 1132 2142; x_wconf 89' lang='lat' dir='ltr'>ab</span> <span class='ocrx_word' id='word_1_87' title='bbox 1163 2099 1311 2143; x_wconf 88' lang='lat' dir='ltr'>arce</span> <span class='ocrx_word' id='word_1_88' title='bbox 1351 2080 1557 2162; x_wconf 89' lang='lat' dir='ltr'>patris</span> 
     </span>
     <span class='ocr_line' id='line_1_21' title="bbox 370 2167 1557 2250; baseline 0.001 -20"><span class='ocrx_word' id='word_1_89' title='bbox 370 2176 563 2230; x_wconf 89' lang='lat' dir='ltr'>natus</span> <span class='ocrx_word' id='word_1_90' title='bbox 608 2167 783 2230; x_wconf 89' lang='lat' dir='ltr'>orbis</span> <span class='ocrx_word' id='word_1_91' title='bbox 830 2168 1131 2231; x_wconf 89' lang='lat' dir='ltr'>conditor</span> <span class='ocrx_word' id='word_1_92' title='bbox 1160 2176 1360 2250; x_wconf 86' lang='lat' dir='ltr'>atque</span> <span class='ocrx_word' id='word_1_93' title='bbox 1402 2189 1557 2231; x_wconf 88' lang='lat' dir='ltr'>ven-</span> 
     </span>
     <span class='ocr_line' id='line_1_22' title="bbox 370 2254 1557 2338; baseline 0.003 -20"><span class='ocrx_word' id='word_1_94' title='bbox 370 2265 469 2318; x_wconf 87' lang='lat' dir='ltr'>tre</span> <span class='ocrx_word' id='word_1_95' title='bbox 496 2254 798 2338; x_wconf 83' lang='lat' dir='ltr'>virginali</span> <span class='ocrx_word' id='word_1_96' title='bbox 846 2276 997 2320; x_wconf 87' lang='lat' dir='ltr'>caro</span> <span class='ocrx_word' id='word_1_97' title='bbox 1043 2257 1254 2320; x_wconf 89' lang='lat' dir='ltr'>sactus</span> <span class='ocrx_word' id='word_1_98' title='bbox 1296 2257 1557 2338; x_wconf 91' lang='lat' dir='ltr'>prodiit.</span> 
     </span>
     <span class='ocr_line' id='line_1_23' title="bbox 375 2343 1558 2427; baseline 0 -19"><span class='ocrx_word' id='word_1_99' title='bbox 375 2343 599 2408; x_wconf 85' lang='lat' dir='ltr'>Gloria</span> <span class='ocrx_word' id='word_1_100' title='bbox 628 2353 695 2408; x_wconf 91' lang='lat' dir='ltr'>et</span> <span class='ocrx_word' id='word_1_101' title='bbox 730 2344 942 2408; x_wconf 88' lang='lat' dir='ltr'>honor</span> <span class='ocrx_word' id='word_1_102' title='bbox 987 2346 1116 2408; x_wconf 91' lang='lat' dir='ltr'>deo</span> <span class='ocrx_word' id='word_1_103' title='bbox 1162 2365 1369 2427; x_wconf 91' lang='lat' dir='ltr'>usque</span> <span class='ocrx_word' id='word_1_104' title='bbox 1424 2365 1558 2427; x_wconf 93' lang='lat' dir='ltr'>quo</span> 
     </span>
     <span class='ocr_line' id='line_1_24' title="bbox 369 2432 1557 2516; baseline 0 -20"><span class='ocrx_word' id='word_1_105' title='bbox 369 2433 691 2496; x_wconf 84' lang='lat' dir='ltr'>altissimo</span> <span class='ocrx_word' id='word_1_106' title='bbox 744 2453 877 2497; x_wconf 90' lang='lat' dir='ltr'>una</span> <span class='ocrx_word' id='word_1_107' title='bbox 929 2433 1098 2516; x_wconf 85' lang='lat' dir='ltr'>patri</span> <span class='ocrx_word' id='word_1_108' title='bbox 1141 2432 1407 2515; x_wconf 89' lang='lat' dir='ltr'>filioque</span> <span class='ocrx_word' id='word_1_109' title='bbox 1461 2434 1557 2496; x_wconf 90' lang='lat' dir='ltr'>in-</span> 
     </span>
     <span class='ocr_line' id='line_1_25' title="bbox 369 2519 1557 2605; baseline 0.002 -20"><span class='ocrx_word' id='word_1_110' title='bbox 369 2520 551 2604; x_wconf 88' lang='lat' dir='ltr'>clyto</span> <span class='ocrx_word' id='word_1_111' title='bbox 640 2522 957 2605; x_wconf 87' lang='lat' dir='ltr'>paraclito</span> <span class='ocrx_word' id='word_1_112' title='bbox 1037 2519 1177 2586; x_wconf 84' lang='lat' dir='ltr'>cui&#39;</span> <span class='ocrx_word' id='word_1_113' title='bbox 1224 2521 1367 2586; x_wconf 87' lang='lat' dir='ltr'>laus</span> <span class='ocrx_word' id='word_1_114' title='bbox 1457 2531 1557 2587; x_wconf 90' lang='lat' dir='ltr'>est</span> 
     </span>
     <span class='ocr_line' id='line_1_26' title="bbox 368 2612 1555 2693; baseline 0.002 -20"><span class='ocrx_word' id='word_1_115' title='bbox 368 2620 436 2673; x_wconf 89' lang='lat' dir='ltr'>et</span> <span class='ocrx_word' id='word_1_116' title='bbox 492 2619 791 2693; x_wconf 89' lang='lat' dir='ltr'>potestas</span> <span class='ocrx_word' id='word_1_117' title='bbox 850 2632 969 2693; x_wconf 88' lang='lat' dir='ltr'>per</span> <span class='ocrx_word' id='word_1_118' title='bbox 1032 2620 1260 2675; x_wconf 89' lang='lat' dir='ltr'>eterna</span> <span class='ocrx_word' id='word_1_119' title='bbox 1318 2612 1555 2675; x_wconf 87' lang='lat' dir='ltr'>secula.</span> 
     </span>
     <span class='ocr_line' id='line_1_27' title="bbox 366 2696 1560 2782; baseline 0.001 -20"><span class='ocrx_word' id='word_1_120' title='bbox 366 2696 609 2764; x_wconf 88' lang='lat' dir='ltr'>Amen.</span> <span class='ocrx_word' id='word_1_121' title='bbox 699 2700 784 2763; x_wconf 88' lang='lat' dir='ltr'>In</span> <span class='ocrx_word' id='word_1_122' title='bbox 808 2701 871 2782; x_wconf 85' lang='lat' dir='ltr'>j.</span> <span class='ocrx_word' id='word_1_123' title='bbox 922 2710 1224 2763; x_wconf 79' lang='lat' dir='ltr'>nocturno</span> <span class='ocrx_word' id='word_1_124' title='bbox 1261 2708 1366 2763; x_wconf 76' lang='grc' dir='ltr'>αῆ.</span> <span class='ocrx_word' id='word_1_125' title='bbox 1432 2700 1560 2763; x_wconf 87' lang='lat' dir='ltr'>Pro</span> 
     </span>
     <span class='ocr_line' id='line_1_28' title="bbox 368 2786 1558 2870; baseline 0.001 -21"><span class='ocrx_word' id='word_1_126' title='bbox 368 2786 540 2851; x_wconf 85' lang='lat' dir='ltr'>fidei.</span> <span class='ocrx_word' id='word_1_127' title='bbox 595 2796 696 2870; x_wconf 60' lang='lat' dir='ltr'>pf.</span> <span class='ocrx_word' id='word_1_128' title='bbox 744 2788 989 2851; x_wconf 87' lang='lat' dir='ltr'>Beatus</span> <span class='ocrx_word' id='word_1_129' title='bbox 1028 2789 1130 2852; x_wconf 89' lang='lat' dir='ltr'>vir</span> <span class='ocrx_word' id='word_1_130' title='bbox 1184 2796 1289 2852; x_wconf 84' lang='lat' dir='ltr'>etc.</span> <span class='ocrx_word' id='word_1_131' title='bbox 1364 2788 1558 2850; x_wconf 83' lang='lat' dir='ltr'>Psal-</span> 
     </span>
     <span class='ocr_line' id='line_1_29' title="bbox 368 2874 1561 2959; baseline 0.002 -22"><span class='ocrx_word' id='word_1_132' title='bbox 368 2876 466 2938; x_wconf 84' lang='lat' dir='ltr'>mi</span> <span class='ocrx_word' id='word_1_133' title='bbox 521 2896 667 2939; x_wconf 85' lang='lat' dir='ltr'>vero</span> <span class='ocrx_word' id='word_1_134' title='bbox 712 2876 1053 2959; x_wconf 79' lang='lat' dir='ltr'>finiantur</span> <span class='ocrx_word' id='word_1_135' title='bbox 1117 2896 1260 2939; x_wconf 89' lang='lat' dir='ltr'>cum</span> <span class='ocrx_word' id='word_1_136' title='bbox 1332 2874 1561 2940; x_wconf 88' lang='lat' dir='ltr'>Gloria</span> 
     </span>
     <span class='ocr_line' id='line_1_30' title="bbox 368 2964 1553 3051; baseline -0.001 -23"><span class='ocrx_word' id='word_1_137' title='bbox 368 2965 537 3046; x_wconf 90' lang='lat' dir='ltr'>patri</span> <span class='ocrx_word' id='word_1_138' title='bbox 590 2972 667 3027; x_wconf 86' lang='lat' dir='ltr'>ut</span> <span class='ocrx_word' id='word_1_139' title='bbox 707 2966 919 3046; x_wconf 76' lang='lat' dir='ltr'>prius.</span> <span class='ocrx_word' id='word_1_140' title='bbox 1010 2982 1058 3051; x_wconf 69' lang='grc' dir='ltr'><strong><em>γ</em></strong></span> <span class='ocrx_word' id='word_1_141' title='bbox 1114 2964 1291 3028; x_wconf 87' lang='lat' dir='ltr'>Erue</span> <span class='ocrx_word' id='word_1_142' title='bbox 1338 2986 1379 3028; x_wconf 87' lang='lat' dir='ltr'>a</span> <span class='ocrx_word' id='word_1_143' title='bbox 1427 2964 1553 3028; x_wconf 83' lang='lat' dir='ltr'>sra-</span> 
     </span>
     <span class='ocr_line' id='line_1_31' title="bbox 368 3053 1559 3117; baseline 0 -1"><span class='ocrx_word' id='word_1_144' title='bbox 368 3072 518 3116; x_wconf 88' lang='lat' dir='ltr'>mea</span> <span class='ocrx_word' id='word_1_145' title='bbox 574 3053 737 3117; x_wconf 92' lang='lat' dir='ltr'>deus</span> <span class='ocrx_word' id='word_1_146' title='bbox 790 3054 1080 3117; x_wconf 86' lang='lat' dir='ltr'>animam</span> <span class='ocrx_word' id='word_1_147' title='bbox 1138 3073 1373 3117; x_wconf 90' lang='lat' dir='ltr'>meam.</span> <span class='ocrx_word' id='word_1_148' title='bbox 1468 3054 1559 3117; x_wconf 89' lang='lat' dir='ltr'>Et</span> 
     </span>
     <span class='ocr_line' id='line_1_32' title="bbox 366 3141 1467 3207; baseline 0.004 -4"><span class='ocrx_word' id='word_1_149' title='bbox 366 3142 451 3203; x_wconf 92' lang='lat' dir='ltr'>de</span> <span class='ocrx_word' id='word_1_150' title='bbox 484 3161 683 3204; x_wconf 85' lang='lat' dir='ltr'>manu</span> <span class='ocrx_word' id='word_1_151' title='bbox 716 3142 896 3205; x_wconf 88' lang='lat' dir='ltr'>canis</span> <span class='ocrx_word' id='word_1_152' title='bbox 925 3141 1189 3206; x_wconf 89' lang='lat' dir='ltr'>unicam</span> <span class='ocrx_word' id='word_1_153' title='bbox 1233 3162 1467 3207; x_wconf 86' lang='lat' dir='ltr'>meam.</span> 
     </span>
     <span class='ocr_line' id='line_1_33' title="bbox 524 3229 1557 3314; baseline 0 -21"><span class='ocrx_word' id='word_1_154' title='bbox 524 3231 682 3293; x_wconf 89' lang='lat' dir='ltr'>erba</span> <span class='ocrx_word' id='word_1_155' title='bbox 711 3229 1022 3294; x_wconf 89' lang='lat' dir='ltr'>hieremie</span> <span class='ocrx_word' id='word_1_156' title='bbox 1064 3250 1211 3312; x_wconf 89' lang='lat' dir='ltr'>pro-</span> <span class='ocrx_word' id='word_1_157' title='bbox 1245 3229 1484 3314; x_wconf 85' lang='lat' dir='ltr'>[Lectio</span> <span class='ocrx_word' id='word_1_158' title='bbox 1495 3230 1557 3312; x_wconf 85' lang='lat' dir='ltr'>j.</span> 
     </span>
     <span class='ocr_line' id='line_1_34' title="bbox 524 3317 1555 3400; baseline 0 -19"><span class='ocrx_word' id='word_1_159' title='bbox 524 3318 724 3400; x_wconf 89' lang='lat' dir='ltr'>phete</span> <span class='ocrx_word' id='word_1_160' title='bbox 756 3317 870 3381; x_wconf 88' lang='lat' dir='ltr'>filii</span> <span class='ocrx_word' id='word_1_161' title='bbox 911 3318 1169 3382; x_wconf 90' lang='lat' dir='ltr'>helchie</span> <span class='ocrx_word' id='word_1_162' title='bbox 1214 3320 1299 3382; x_wconf 93' lang='lat' dir='ltr'>de</span> <span class='ocrx_word' id='word_1_163' title='bbox 1344 3338 1555 3381; x_wconf 87' lang='lat' dir='ltr'>sacer-</span> 
     </span>
     <span class='ocr_line' id='line_1_35' title="bbox 366 3405 1558 3488; baseline 0.001 -19"><span class='ocrx_word' id='word_1_164' title='bbox 366 3406 634 3470; x_wconf 90' lang='lat' dir='ltr'>dotibus</span> <span class='ocrx_word' id='word_1_165' title='bbox 664 3408 777 3488; x_wconf 88' lang='lat' dir='ltr'>qui</span> <span class='ocrx_word' id='word_1_166' title='bbox 800 3406 1063 3470; x_wconf 83' lang='lat' dir='ltr'>suerunt</span> <span class='ocrx_word' id='word_1_167' title='bbox 1084 3408 1149 3471; x_wconf 90' lang='lat' dir='ltr'>in</span> <span class='ocrx_word' id='word_1_168' title='bbox 1168 3405 1558 3471; x_wconf 79' lang='lat' dir='ltr'>Anathoth²</span> 
     </span>
    </p>
   </div>
   <div class='ocr_carea' id='block_1_4' title="bbox 366 3495 1597 3578">
    <p class='ocr_par' dir='ltr' id='par_1_4' title="bbox 366 3495 1597 3578">
     <span class='ocr_line' id='line_1_36' title="bbox 366 3495 1597 3578; baseline 0.002 -21"><span class='ocrx_word' id='word_1_169' title='bbox 366 3496 432 3558; x_wconf 90' lang='lat' dir='ltr'>in</span> <span class='ocrx_word' id='word_1_170' title='bbox 464 3506 639 3558; x_wconf 86' lang='lat' dir='ltr'>terra</span> <span class='ocrx_word' id='word_1_171' title='bbox 660 3495 1037 3577; x_wconf 88' lang='lat' dir='ltr'>benjamin:</span> <span class='ocrx_word' id='word_1_172' title='bbox 1086 3496 1264 3578; x_wconf 90' lang='lat' dir='ltr'>quod</span> <span class='ocrx_word' id='word_1_173' title='bbox 1304 3496 1554 3559; x_wconf 89' lang='lat' dir='ltr'>factum</span> <span class='ocrx_word' id='word_1_174' title='bbox 1592 3497 1597 3501; x_wconf 73' lang='grc'>’</span> 
     </span>
    </p>
   </div>
   <div class='ocr_carea' id='block_1_5' title="bbox 346 3583 1557 4463">
    <p class='ocr_par' dir='ltr' id='par_1_5' title="bbox 346 3583 1557 4463">
     <span class='ocr_line' id='line_1_37' title="bbox 364 3583 1556 3648; baseline 0.001 -2"><span class='ocrx_word' id='word_1_175' title='bbox 364 3592 465 3646; x_wconf 89' lang='lat' dir='ltr'>est</span> <span class='ocrx_word' id='word_1_176' title='bbox 512 3583 784 3647; x_wconf 91' lang='lat' dir='ltr'>verbum</span> <span class='ocrx_word' id='word_1_177' title='bbox 838 3584 1090 3648; x_wconf 91' lang='lat' dir='ltr'>domini</span> <span class='ocrx_word' id='word_1_178' title='bbox 1137 3584 1228 3647; x_wconf 90' lang='lat' dir='ltr'>ad</span> <span class='ocrx_word' id='word_1_179' title='bbox 1286 3604 1438 3647; x_wconf 91' lang='lat' dir='ltr'>eum</span> <span class='ocrx_word' id='word_1_180' title='bbox 1488 3585 1556 3647; x_wconf 90' lang='lat' dir='ltr'>in</span> 
     </span>
     <span class='ocr_line' id='line_1_38' title="bbox 363 3672 1557 3755; baseline 0.001 -21"><span class='ocrx_word' id='word_1_181' title='bbox 363 3672 596 3735; x_wconf 89' lang='lat' dir='ltr'>diebus</span> <span class='ocrx_word' id='word_1_182' title='bbox 668 3672 852 3754; x_wconf 87' lang='lat' dir='ltr'>Josie</span> <span class='ocrx_word' id='word_1_183' title='bbox 906 3672 1021 3736; x_wconf 89' lang='lat' dir='ltr'>filii</span> <span class='ocrx_word' id='word_1_184' title='bbox 1082 3672 1311 3736; x_wconf 91' lang='lat' dir='ltr'>Amon</span> <span class='ocrx_word' id='word_1_185' title='bbox 1388 3674 1557 3755; x_wconf 87' lang='lat' dir='ltr'>regis</span> 
     </span>
     <span class='ocr_line' id='line_1_39' title="bbox 358 3760 1554 3843; baseline 0.001 -20"><span class='ocrx_word' id='word_1_186' title='bbox 358 3760 571 3843; x_wconf 89' lang='lat' dir='ltr'>juda:</span> <span class='ocrx_word' id='word_1_187' title='bbox 670 3760 735 3824; x_wconf 94' lang='lat' dir='ltr'>in</span> <span class='ocrx_word' id='word_1_188' title='bbox 829 3761 1287 3825; x_wconf 86' lang='lat' dir='ltr'>tertiodecimo</span> <span class='ocrx_word' id='word_1_189' title='bbox 1379 3781 1554 3824; x_wconf 89' lang='lat' dir='ltr'>anno</span> 
     </span>
     <span class='ocr_line' id='line_1_40' title="bbox 364 3849 1552 3931; baseline 0.002 -19"><span class='ocrx_word' id='word_1_190' title='bbox 364 3849 546 3931; x_wconf 83' lang='lat' dir='ltr'>regni</span> <span class='ocrx_word' id='word_1_191' title='bbox 593 3849 750 3931; x_wconf 80' lang='lat' dir='ltr'>ejus,</span> <span class='ocrx_word' id='word_1_192' title='bbox 848 3850 995 3913; x_wconf 91' lang='lat' dir='ltr'>Hec</span> <span class='ocrx_word' id='word_1_193' title='bbox 1037 3849 1199 3914; x_wconf 90' lang='lat' dir='ltr'>dicit</span> <span class='ocrx_word' id='word_1_194' title='bbox 1228 3850 1552 3914; x_wconf 73' lang='lat' dir='ltr'>dominus,</span> 
     </span>
     <span class='ocr_line' id='line_1_41' title="bbox 366 3937 1557 4019; baseline -0.001 -18"><span class='ocrx_word' id='word_1_195' title='bbox 366 3938 485 4001; x_wconf 80' lang='lat' dir='ltr'>Sic</span> <span class='ocrx_word' id='word_1_196' title='bbox 511 3938 840 4019; x_wconf 84' lang='lat' dir='ltr'>finientur</span> <span class='ocrx_word' id='word_1_197' title='bbox 880 3958 1094 4001; x_wconf 82' lang='lat' dir='ltr'>omnes</span> <span class='ocrx_word' id='word_1_198' title='bbox 1147 3937 1438 4001; x_wconf 81' lang='lat' dir='ltr'>lectiones</span> <span class='ocrx_word' id='word_1_199' title='bbox 1478 3938 1557 4001; x_wconf 86' lang='lat' dir='ltr'>de</span> 
     </span>
     <span class='ocr_line' id='line_1_42' title="bbox 346 4025 1556 4109; baseline 0.001 -21"><span class='ocrx_word' id='word_1_200' title='bbox 346 4025 673 4109; x_wconf 78' lang='lat' dir='ltr'>prophetis</span> <span class='ocrx_word' id='word_1_201' title='bbox 728 4036 851 4108; x_wconf 82' lang='lat' dir='ltr'>per</span> <span class='ocrx_word' id='word_1_202' title='bbox 896 4036 1097 4089; x_wconf 87' lang='lat' dir='ltr'>totum</span> <span class='ocrx_word' id='word_1_203' title='bbox 1154 4047 1403 4089; x_wconf 87' lang='lat' dir='ltr'>annum</span> <span class='ocrx_word' id='word_1_204' title='bbox 1453 4048 1556 4089; x_wconf 82' lang='lat' dir='ltr'>ex-</span> 
     </span>
     <span class='ocr_line' id='line_1_43' title="bbox 358 4114 1554 4195; baseline 0.003 -19"><span class='ocrx_word' id='word_1_205' title='bbox 358 4115 548 4195; x_wconf 66' lang='lat' dir='ltr'>ceptis</span> <span class='ocrx_word' id='word_1_206' title='bbox 577 4114 785 4177; x_wconf 79' lang='lat' dir='ltr'>tribus</span> <span class='ocrx_word' id='word_1_207' title='bbox 822 4115 1106 4179; x_wconf 83' lang='lat' dir='ltr'>noctibus</span> <span class='ocrx_word' id='word_1_208' title='bbox 1134 4115 1554 4179; x_wconf 80' lang='lat' dir='ltr'>tenebrarum.</span> 
     </span>
     <span class='ocr_line' id='line_1_44' title="bbox 359 4204 1555 4286; baseline 0 -20"><span class='ocrx_word' id='word_1_209' title='bbox 359 4204 473 4267; x_wconf 83' lang='lat' dir='ltr'>Re.</span> <span class='ocrx_word' id='word_1_210' title='bbox 537 4204 657 4266; x_wconf 87' lang='lat' dir='ltr'>Isti</span> <span class='ocrx_word' id='word_1_211' title='bbox 712 4213 867 4266; x_wconf 89' lang='lat' dir='ltr'>sunt</span> <span class='ocrx_word' id='word_1_212' title='bbox 914 4204 1056 4267; x_wconf 91' lang='lat' dir='ltr'>dies</span> <span class='ocrx_word' id='word_1_213' title='bbox 1115 4224 1281 4286; x_wconf 88' lang='lat' dir='ltr'>quos</span> <span class='ocrx_word' id='word_1_214' title='bbox 1334 4205 1555 4267; x_wconf 90' lang='lat' dir='ltr'>obser-</span> 
     </span>
     <span class='ocr_line' id='line_1_45' title="bbox 360 4292 1553 4376; baseline 0.001 -21"><span class='ocrx_word' id='word_1_215' title='bbox 360 4312 515 4355; x_wconf 86' lang='lat' dir='ltr'>vare</span> <span class='ocrx_word' id='word_1_216' title='bbox 580 4292 839 4355; x_wconf 89' lang='lat' dir='ltr'>debetis</span> <span class='ocrx_word' id='word_1_217' title='bbox 907 4294 1317 4376; x_wconf 87' lang='lat' dir='ltr'>temporibus</span> <span class='ocrx_word' id='word_1_218' title='bbox 1401 4293 1553 4356; x_wconf 79' lang='lat' dir='ltr'>suis,</span> 
     </span>
     <span class='ocr_line' id='line_1_46' title="bbox 363 4380 1554 4463; baseline 0.003 -21"><span class='ocrx_word' id='word_1_219' title='bbox 363 4380 881 4463; x_wconf 82' lang='lat' dir='ltr'>Quartadecima</span> <span class='ocrx_word' id='word_1_220' title='bbox 924 4382 1033 4444; x_wconf 88' lang='lat' dir='ltr'>die</span> <span class='ocrx_word' id='word_1_221' title='bbox 1090 4381 1173 4445; x_wconf 90' lang='lat' dir='ltr'>ad</span> <span class='ocrx_word' id='word_1_222' title='bbox 1206 4400 1554 4463; x_wconf 88' lang='lat' dir='ltr'>vesperum</span> 
     </span>
    </p>
   </div>
   <div class='ocr_carea' id='block_1_6' title="bbox 567 4542 1039 4606">
    <p class='ocr_par' dir='ltr' id='par_1_6' title="bbox 567 4542 1039 4606">
     <span class='ocr_line' id='line_1_47' title="bbox 567 4542 1039 4606; baseline 0.008 -17"><span class='ocrx_word' id='word_1_223' title='bbox 567 4543 577 4570; x_wconf 88' lang='lat'><em>¹</em></span> <span class='ocrx_word' id='word_1_224' title='bbox 614 4542 903 4606; x_wconf 82' lang='lat' dir='ltr'>protoplasti</span> <span class='ocrx_word' id='word_1_225' title='bbox 932 4559 943 4591; x_wconf 89' lang='lat'>:</span> <span class='ocrx_word' id='word_1_226' title='bbox 978 4542 1039 4593; x_wconf 87' lang='lat' dir='ltr'>G.</span> 
     </span>
    </p>
   </div>
   <div class='ocr_carea' id='block_1_7' title="bbox 1378 4541 1764 4592">
    <p class='ocr_par' dir='ltr' id='par_1_7' title="bbox 1378 4541 1764 4592">
     <span class='ocr_line' id='line_1_48' title="bbox 1378 4541 1764 4592; baseline 0 -1"><span class='ocrx_word' id='word_1_227' title='bbox 1378 4542 1397 4571; x_wconf 80' lang='lat'>²</span> <span class='ocrx_word' id='word_1_228' title='bbox 1430 4541 1635 4591; x_wconf 78' lang='lat' dir='ltr'>anathot</span> <span class='ocrx_word' id='word_1_229' title='bbox 1654 4558 1664 4592; x_wconf 94' lang='lat'>:</span> <span class='ocrx_word' id='word_1_230' title='bbox 1702 4542 1764 4591; x_wconf 82' lang='lat' dir='ltr'>G.</span> 
     </span>
    </p>
   </div>
   <div class='ocr_carea' id='block_1_8' title="bbox 2171 469 2324 526">
    <p class='ocr_par' dir='ltr' id='par_1_8' title="bbox 2171 469 2324 526">
     <span class='ocr_line' id='line_1_49' title="bbox 2171 469 2324 526; baseline -0.013 0"><span class='ocrx_word' id='word_1_231' title='bbox 2171 469 2324 526; x_wconf 78' lang='lat'>346</span> 
     </span>
    </p>
   </div>
   <div class='ocr_carea' id='block_1_9' title="bbox 1654 576 2862 3225">
    <p class='ocr_par' dir='ltr' id='par_1_9' title="bbox 1654 576 2862 3225">
     <span class='ocr_line' id='line_1_50' title="bbox 1658 576 2862 658; baseline 0.002 -20"><span class='ocrx_word' id='word_1_232' title='bbox 1658 576 1908 657; x_wconf 87' lang='lat' dir='ltr'>pascha</span> <span class='ocrx_word' id='word_1_233' title='bbox 1951 576 2202 641; x_wconf 90' lang='lat' dir='ltr'>domini</span> <span class='ocrx_word' id='word_1_234' title='bbox 2250 585 2389 641; x_wconf 90' lang='lat' dir='ltr'>est:</span> <span class='ocrx_word' id='word_1_235' title='bbox 2436 584 2506 641; x_wconf 89' lang='lat' dir='ltr'>et</span> <span class='ocrx_word' id='word_1_236' title='bbox 2541 577 2607 640; x_wconf 90' lang='lat' dir='ltr'>in</span> <span class='ocrx_word' id='word_1_237' title='bbox 2663 577 2862 658; x_wconf 87' lang='lat' dir='ltr'>quin·</span> 
     </span>
     <span class='ocr_line' id='line_1_51' title="bbox 1658 663 2860 729; baseline 0.001 -2"><span class='ocrx_word' id='word_1_238' title='bbox 1658 663 1992 729; x_wconf 89' lang='lat' dir='ltr'>tadecima</span> <span class='ocrx_word' id='word_1_239' title='bbox 2037 665 2500 729; x_wconf 89' lang='lat' dir='ltr'>solennitatem</span> <span class='ocrx_word' id='word_1_240' title='bbox 2563 664 2860 728; x_wconf 83' lang='lat' dir='ltr'>celebra-</span> 
     </span>
     <span class='ocr_line' id='line_1_52' title="bbox 1658 753 2853 840; baseline 0.002 -24"><span class='ocrx_word' id='word_1_241' title='bbox 1658 753 1815 816; x_wconf 90' lang='lat' dir='ltr'>bitis</span> <span class='ocrx_word' id='word_1_242' title='bbox 1863 753 2184 817; x_wconf 91' lang='lat' dir='ltr'>altissimo</span> <span class='ocrx_word' id='word_1_243' title='bbox 2237 754 2524 818; x_wconf 79' lang='lat' dir='ltr'>domino,</span> <span class='ocrx_word' id='word_1_244' title='bbox 2616 771 2664 840; x_wconf 68' lang='grc' dir='ltr'><strong><em>γ</em></strong></span> <span class='ocrx_word' id='word_1_245' title='bbox 2723 753 2853 817; x_wconf 92' lang='lat' dir='ltr'>Lo-</span> 
     </span>
     <span class='ocr_line' id='line_1_53' title="bbox 1655 843 2854 923; baseline 0.001 -19"><span class='ocrx_word' id='word_1_246' title='bbox 1655 850 1848 905; x_wconf 90' lang='lat' dir='ltr'>cutus</span> <span class='ocrx_word' id='word_1_247' title='bbox 1907 851 2010 906; x_wconf 90' lang='lat' dir='ltr'>est</span> <span class='ocrx_word' id='word_1_248' title='bbox 2056 843 2364 906; x_wconf 90' lang='lat' dir='ltr'>dominus</span> <span class='ocrx_word' id='word_1_249' title='bbox 2411 843 2496 906; x_wconf 92' lang='lat' dir='ltr'>ad</span> <span class='ocrx_word' id='word_1_250' title='bbox 2531 843 2854 923; x_wconf 84' lang='lat' dir='ltr'>moysen⁸</span> 
     </span>
     <span class='ocr_line' id='line_1_54' title="bbox 1655 930 2854 1014; baseline 0.002 -22"><span class='ocrx_word' id='word_1_251' title='bbox 1655 930 1934 994; x_wconf 87' lang='lat' dir='ltr'>dicens:</span> <span class='ocrx_word' id='word_1_252' title='bbox 2000 931 2264 1014; x_wconf 91' lang='lat' dir='ltr'>loquere</span> <span class='ocrx_word' id='word_1_253' title='bbox 2313 930 2462 994; x_wconf 89' lang='lat' dir='ltr'>filiis</span> <span class='ocrx_word' id='word_1_254' title='bbox 2533 931 2721 994; x_wconf 86' lang='lat' dir='ltr'>israel</span> <span class='ocrx_word' id='word_1_255' title='bbox 2785 938 2854 994; x_wconf 89' lang='lat' dir='ltr'>et</span> 
     </span>
     <span class='ocr_line' id='line_1_55' title="bbox 1657 1018 2760 1102; baseline 0.002 -21"><span class='ocrx_word' id='word_1_256' title='bbox 1657 1018 1836 1082; x_wconf 90' lang='lat' dir='ltr'>dices</span> <span class='ocrx_word' id='word_1_257' title='bbox 1867 1019 1953 1082; x_wconf 91' lang='lat' dir='ltr'>ad</span> <span class='ocrx_word' id='word_1_258' title='bbox 1985 1039 2114 1083; x_wconf 93' lang='lat' dir='ltr'>eos.</span> <span class='ocrx_word' id='word_1_259' title='bbox 2192 1018 2448 1102; x_wconf 79' lang='lat' dir='ltr'>Quarta</span> <span class='ocrx_word' id='word_1_260' title='bbox 2489 1019 2760 1083; x_wconf 88' lang='lat' dir='ltr'>decima.</span> 
     </span>
     <span class='ocr_line' id='line_1_56' title="bbox 1658 1106 2852 1242; baseline 0.002 -73"><span class='ocrx_word' id='word_1_261' title='bbox 1658 1109 1832 1242; x_wconf 82' lang='lat' dir='ltr'>Et</span> <span class='ocrx_word' id='word_1_262' title='bbox 1885 1107 2134 1171; x_wconf 90' lang='lat' dir='ltr'>factum</span> <span class='ocrx_word' id='word_1_263' title='bbox 2195 1117 2297 1170; x_wconf 88' lang='lat' dir='ltr'>est</span> <span class='ocrx_word' id='word_1_264' title='bbox 2356 1109 2423 1170; x_wconf 90' lang='lat' dir='ltr'>in</span> <span class='ocrx_word' id='word_1_265' title='bbox 2488 1106 2730 1191; x_wconf 86' lang='lat' dir='ltr'>[Lectio</span> <span class='ocrx_word' id='word_1_266' title='bbox 2782 1106 2852 1189; x_wconf 64' lang='lat' dir='ltr'>ij.</span> 
     </span>
     <span class='ocr_line' id='line_1_57' title="bbox 1804 1195 2854 1277; baseline 0 -19"><span class='ocrx_word' id='word_1_267' title='bbox 1804 1195 2036 1260; x_wconf 89' lang='lat' dir='ltr'>diebus</span> <span class='ocrx_word' id='word_1_268' title='bbox 2107 1195 2411 1277; x_wconf 79' lang='lat' dir='ltr'>joachim</span> <span class='ocrx_word' id='word_1_269' title='bbox 2488 1195 2602 1259; x_wconf 87' lang='lat' dir='ltr'>filii</span> <span class='ocrx_word' id='word_1_270' title='bbox 2681 1195 2854 1277; x_wconf 90' lang='lat' dir='ltr'>josie</span> 
     </span>
     <span class='ocr_line' id='line_1_58' title="bbox 1656 1283 2852 1367; baseline 0.001 -22"><span class='ocrx_word' id='word_1_271' title='bbox 1656 1285 1829 1366; x_wconf 86' lang='lat' dir='ltr'>regis</span> <span class='ocrx_word' id='word_1_272' title='bbox 1883 1283 2048 1364; x_wconf 87' lang='lat' dir='ltr'>juda</span> <span class='ocrx_word' id='word_1_273' title='bbox 2108 1305 2318 1367; x_wconf 90' lang='lat' dir='ltr'>usque</span> <span class='ocrx_word' id='word_1_274' title='bbox 2387 1284 2475 1348; x_wconf 91' lang='lat' dir='ltr'>ad</span> <span class='ocrx_word' id='word_1_275' title='bbox 2546 1303 2852 1348; x_wconf 91' lang='lat' dir='ltr'>consum-</span> 
     </span>
     <span class='ocr_line' id='line_1_59' title="bbox 1657 1372 2854 1437; baseline 0.002 -3"><span class='ocrx_word' id='word_1_276' title='bbox 1657 1373 2018 1436; x_wconf 86' lang='lat' dir='ltr'>mationem</span> <span class='ocrx_word' id='word_1_277' title='bbox 2070 1372 2400 1437; x_wconf 89' lang='lat' dir='ltr'>undecimi</span> <span class='ocrx_word' id='word_1_278' title='bbox 2464 1373 2617 1436; x_wconf 90' lang='lat' dir='ltr'>anni</span> <span class='ocrx_word' id='word_1_279' title='bbox 2665 1373 2854 1436; x_wconf 87' lang='lat' dir='ltr'>sede-</span> 
     </span>
     <span class='ocr_line' id='line_1_60' title="bbox 1656 1460 2856 1544; baseline 0 -20"><span class='ocrx_word' id='word_1_280' title='bbox 1656 1460 1801 1524; x_wconf 89' lang='lat' dir='ltr'>chie</span> <span class='ocrx_word' id='word_1_281' title='bbox 1847 1460 1962 1524; x_wconf 90' lang='lat' dir='ltr'>filii</span> <span class='ocrx_word' id='word_1_282' title='bbox 2001 1461 2171 1542; x_wconf 89' lang='lat' dir='ltr'>josie</span> <span class='ocrx_word' id='word_1_283' title='bbox 2215 1462 2385 1544; x_wconf 88' lang='lat' dir='ltr'>regis</span> <span class='ocrx_word' id='word_1_284' title='bbox 2435 1460 2602 1542; x_wconf 85' lang='lat' dir='ltr'>juda</span> <span class='ocrx_word' id='word_1_285' title='bbox 2645 1481 2856 1543; x_wconf 91' lang='lat' dir='ltr'>usque</span> 
     </span>
     <span class='ocr_line' id='line_1_61' title="bbox 1654 1549 2853 1632; baseline -0.001 -19"><span class='ocrx_word' id='word_1_286' title='bbox 1654 1549 1742 1613; x_wconf 86' lang='lat' dir='ltr'>ad</span> <span class='ocrx_word' id='word_1_287' title='bbox 1775 1550 2417 1632; x_wconf 88' lang='lat' dir='ltr'>transmigrationem</span> <span class='ocrx_word' id='word_1_288' title='bbox 2459 1549 2853 1613; x_wconf 88' lang='lat' dir='ltr'>hierusalem</span> 
     </span>
     <span class='ocr_line' id='line_1_62' title="bbox 1657 1637 2856 1721; baseline 0.001 -21"><span class='ocrx_word' id='word_1_289' title='bbox 1657 1638 1724 1701; x_wconf 90' lang='lat' dir='ltr'>in</span> <span class='ocrx_word' id='word_1_290' title='bbox 1757 1658 1986 1701; x_wconf 87' lang='lat' dir='ltr'>mense</span> <span class='ocrx_word' id='word_1_291' title='bbox 2015 1639 2266 1721; x_wconf 79' lang='lat' dir='ltr'>quinto,</span> <span class='ocrx_word' id='word_1_292' title='bbox 2355 1638 2468 1702; x_wconf 87' lang='lat' dir='ltr'>Re.</span> <span class='ocrx_word' id='word_1_293' title='bbox 2529 1637 2856 1719; x_wconf 87' lang='lat' dir='ltr'>Multipli-</span> 
     </span>
     <span class='ocr_line' id='line_1_63' title="bbox 1655 1725 2855 1808; baseline 0.001 -19"><span class='ocrx_word' id='word_1_294' title='bbox 1655 1727 1788 1789; x_wconf 91' lang='lat' dir='ltr'>cati</span> <span class='ocrx_word' id='word_1_295' title='bbox 1841 1735 1998 1790; x_wconf 90' lang='lat' dir='ltr'>sunt</span> <span class='ocrx_word' id='word_1_296' title='bbox 2048 1727 2161 1808; x_wconf 92' lang='lat' dir='ltr'>qui</span> <span class='ocrx_word' id='word_1_297' title='bbox 2214 1725 2533 1790; x_wconf 86' lang='lat' dir='ltr'>tribulant</span> <span class='ocrx_word' id='word_1_298' title='bbox 2592 1747 2736 1789; x_wconf 92' lang='lat' dir='ltr'>me:</span> <span class='ocrx_word' id='word_1_299' title='bbox 2785 1735 2855 1790; x_wconf 87' lang='lat' dir='ltr'>et</span> 
     </span>
     <span class='ocr_line' id='line_1_64' title="bbox 1658 1813 2854 1879; baseline 0 -2"><span class='ocrx_word' id='word_1_300' title='bbox 1658 1814 1889 1878; x_wconf 88' lang='lat' dir='ltr'>dicunt</span> <span class='ocrx_word' id='word_1_301' title='bbox 1918 1834 2052 1877; x_wconf 91' lang='lat' dir='ltr'>non</span> <span class='ocrx_word' id='word_1_302' title='bbox 2098 1825 2201 1878; x_wconf 89' lang='lat' dir='ltr'>est</span> <span class='ocrx_word' id='word_1_303' title='bbox 2245 1815 2423 1879; x_wconf 88' lang='lat' dir='ltr'>salus</span> <span class='ocrx_word' id='word_1_304' title='bbox 2469 1813 2560 1878; x_wconf 90' lang='lat' dir='ltr'>illi</span> <span class='ocrx_word' id='word_1_305' title='bbox 2617 1815 2684 1878; x_wconf 90' lang='lat' dir='ltr'>in</span> <span class='ocrx_word' id='word_1_306' title='bbox 2721 1815 2854 1878; x_wconf 91' lang='lat' dir='ltr'>deo</span> 
     </span>
     <span class='ocr_line' id='line_1_65' title="bbox 1656 1901 2851 1985; baseline 0 -20"><span class='ocrx_word' id='word_1_307' title='bbox 1656 1902 1816 1984; x_wconf 89' lang='lat' dir='ltr'>ejus.</span> <span class='ocrx_word' id='word_1_308' title='bbox 1919 1903 2197 1985; x_wconf 85' lang='lat' dir='ltr'>Exurge</span> <span class='ocrx_word' id='word_1_309' title='bbox 2255 1903 2525 1966; x_wconf 90' lang='lat' dir='ltr'>domine</span> <span class='ocrx_word' id='word_1_310' title='bbox 2595 1901 2851 1967; x_wconf 87' lang='lat' dir='ltr'>salvum</span> 
     </span>
     <span class='ocr_line' id='line_1_66' title="bbox 1658 1990 2854 2077; baseline 0 -23"><span class='ocrx_word' id='word_1_311' title='bbox 1658 2011 1765 2054; x_wconf 91' lang='lat' dir='ltr'>me</span> <span class='ocrx_word' id='word_1_312' title='bbox 1795 1990 1899 2054; x_wconf 88' lang='lat' dir='ltr'>fac</span> <span class='ocrx_word' id='word_1_313' title='bbox 1930 1992 2094 2054; x_wconf 91' lang='lat' dir='ltr'>deus</span> <span class='ocrx_word' id='word_1_314' title='bbox 2126 2011 2328 2055; x_wconf 80' lang='lat' dir='ltr'>meus,</span> <span class='ocrx_word' id='word_1_315' title='bbox 2383 2008 2434 2077; x_wconf 67' lang='grc' dir='ltr'><strong><em>γ</em></strong></span> <span class='ocrx_word' id='word_1_316' title='bbox 2472 1991 2537 2054; x_wconf 96' lang='lat' dir='ltr'>N</span> <span class='ocrx_word' id='word_1_317' title='bbox 2543 1992 2854 2073; x_wconf 87' lang='lat' dir='ltr'>equando</span> 
     </span>
     <span class='ocr_line' id='line_1_67' title="bbox 1656 2079 2850 2162; baseline -0.001 -20"><span class='ocrx_word' id='word_1_318' title='bbox 1656 2080 1836 2143; x_wconf 87' lang='lat' dir='ltr'>dicat</span> <span class='ocrx_word' id='word_1_319' title='bbox 1883 2080 2186 2143; x_wconf 88' lang='lat' dir='ltr'>inimicus</span> <span class='ocrx_word' id='word_1_320' title='bbox 2247 2100 2482 2143; x_wconf 89' lang='lat' dir='ltr'>meus:</span> <span class='ocrx_word' id='word_1_321' title='bbox 2555 2079 2850 2162; x_wconf 88' lang='lat' dir='ltr'>prevalui</span> 
     </span>
     <span class='ocr_line' id='line_1_68' title="bbox 1656 2167 2855 2250; baseline 0.001 -20"><span class='ocrx_word' id='word_1_322' title='bbox 1656 2168 1968 2231; x_wconf 87' lang='lat' dir='ltr'>adversus</span> <span class='ocrx_word' id='word_1_323' title='bbox 1999 2188 2168 2232; x_wconf 92' lang='lat' dir='ltr'>eum.</span> <span class='ocrx_word' id='word_1_324' title='bbox 2217 2168 2508 2250; x_wconf 87' lang='lat' dir='ltr'>Exurge.</span> <span class='ocrx_word' id='word_1_325' title='bbox 2580 2168 2722 2230; x_wconf 82' lang='lat' dir='ltr'>Lec.</span> <span class='ocrx_word' id='word_1_326' title='bbox 2756 2167 2855 2249; x_wconf 55' lang='lat' dir='ltr'>igi.</span> 
     </span>
     <span class='ocr_line' id='line_1_69' title="bbox 1656 2255 2851 2390; baseline -0.001 -71"><span class='ocrx_word' id='word_1_327' title='bbox 1656 2259 1833 2390; x_wconf 83' lang='lat' dir='ltr'>Et</span> <span class='ocrx_word' id='word_1_328' title='bbox 1862 2256 2110 2320; x_wconf 84' lang='lat' dir='ltr'>sactum</span> <span class='ocrx_word' id='word_1_329' title='bbox 2143 2265 2244 2319; x_wconf 89' lang='lat' dir='ltr'>est</span> <span class='ocrx_word' id='word_1_330' title='bbox 2283 2257 2556 2320; x_wconf 89' lang='lat' dir='ltr'>verbum</span> <span class='ocrx_word' id='word_1_331' title='bbox 2598 2255 2851 2319; x_wconf 91' lang='lat' dir='ltr'>domini</span> 
     </span>
     <span class='ocr_line' id='line_1_70' title="bbox 1805 2344 2849 2426; baseline -0.003 -18"><span class='ocrx_word' id='word_1_332' title='bbox 1805 2345 1890 2408; x_wconf 92' lang='lat' dir='ltr'>ad</span> <span class='ocrx_word' id='word_1_333' title='bbox 1953 2365 2060 2407; x_wconf 91' lang='lat' dir='ltr'>me</span> <span class='ocrx_word' id='word_1_334' title='bbox 2119 2344 2394 2409; x_wconf 89' lang='lat' dir='ltr'>dicens:</span> <span class='ocrx_word' id='word_1_335' title='bbox 2463 2345 2849 2426; x_wconf 88' lang='lat' dir='ltr'>Priusquam</span> 
     </span>
     <span class='ocr_line' id='line_1_71' title="bbox 1658 2432 2854 2497; baseline 0 -1"><span class='ocrx_word' id='word_1_336' title='bbox 1658 2442 1727 2496; x_wconf 89' lang='lat' dir='ltr'>te</span> <span class='ocrx_word' id='word_1_337' title='bbox 1775 2432 2126 2497; x_wconf 88' lang='lat' dir='ltr'>formarem</span> <span class='ocrx_word' id='word_1_338' title='bbox 2182 2434 2247 2497; x_wconf 91' lang='lat' dir='ltr'>in</span> <span class='ocrx_word' id='word_1_339' title='bbox 2296 2441 2483 2496; x_wconf 86' lang='lat' dir='ltr'>utero</span> <span class='ocrx_word' id='word_1_340' title='bbox 2538 2432 2690 2495; x_wconf 88' lang='lat' dir='ltr'>novi</span> <span class='ocrx_word' id='word_1_341' title='bbox 2745 2442 2854 2496; x_wconf 87' lang='lat' dir='ltr'>te:</span> 
     </span>
     <span class='ocr_line' id='line_1_72' title="bbox 1658 2520 2854 2604; baseline -0.001 -19"><span class='ocrx_word' id='word_1_342' title='bbox 1658 2530 1726 2586; x_wconf 91' lang='lat' dir='ltr'>et</span> <span class='ocrx_word' id='word_1_343' title='bbox 1795 2531 2151 2604; x_wconf 89' lang='lat' dir='ltr'>antequam</span> <span class='ocrx_word' id='word_1_344' title='bbox 2213 2522 2430 2585; x_wconf 88' lang='lat' dir='ltr'>exires</span> <span class='ocrx_word' id='word_1_345' title='bbox 2503 2521 2586 2585; x_wconf 88' lang='lat' dir='ltr'>de</span> <span class='ocrx_word' id='word_1_346' title='bbox 2655 2520 2854 2585; x_wconf 84' lang='lat' dir='ltr'>vulva</span> 
     </span>
     <span class='ocr_line' id='line_1_73' title="bbox 1657 2608 2851 2692; baseline -0.002 -17"><span class='ocrx_word' id='word_1_347' title='bbox 1657 2610 2059 2675; x_wconf 84' lang='lat' dir='ltr'>sanctificavi</span> <span class='ocrx_word' id='word_1_348' title='bbox 2134 2619 2250 2674; x_wconf 89' lang='lat' dir='ltr'>te:</span> <span class='ocrx_word' id='word_1_349' title='bbox 2316 2620 2383 2673; x_wconf 89' lang='lat' dir='ltr'>et</span> <span class='ocrx_word' id='word_1_350' title='bbox 2458 2608 2851 2692; x_wconf 89' lang='lat' dir='ltr'>prophetam</span> 
     </span>
     <span class='ocr_line' id='line_1_74' title="bbox 1659 2698 2854 2782; baseline 0 -19"><span class='ocrx_word' id='word_1_351' title='bbox 1659 2700 1726 2763; x_wconf 89' lang='lat' dir='ltr'>in</span> <span class='ocrx_word' id='word_1_352' title='bbox 1774 2700 2086 2782; x_wconf 88' lang='lat' dir='ltr'>gentibus</span> <span class='ocrx_word' id='word_1_353' title='bbox 2131 2698 2286 2762; x_wconf 89' lang='lat' dir='ltr'>dedi</span> <span class='ocrx_word' id='word_1_354' title='bbox 2336 2708 2421 2763; x_wconf 88' lang='lat' dir='ltr'>te.</span> <span class='ocrx_word' id='word_1_355' title='bbox 2524 2699 2616 2762; x_wconf 89' lang='lat' dir='ltr'>Et</span> <span class='ocrx_word' id='word_1_356' title='bbox 2668 2698 2854 2763; x_wconf 86' lang='lat' dir='ltr'>dixi:</span> 
     </span>
     <span class='ocr_line' id='line_1_75' title="bbox 1657 2786 2857 2852; baseline -0.001 -1"><span class='ocrx_word' id='word_1_357' title='bbox 1657 2787 1745 2852; x_wconf 92' lang='lat' dir='ltr'>A.</span> <span class='ocrx_word' id='word_1_358' title='bbox 1821 2809 1878 2851; x_wconf 89' lang='lat' dir='ltr'>a.</span> <span class='ocrx_word' id='word_1_359' title='bbox 1953 2809 2008 2851; x_wconf 86' lang='lat' dir='ltr'>a.</span> <span class='ocrx_word' id='word_1_360' title='bbox 2054 2788 2326 2852; x_wconf 90' lang='lat' dir='ltr'>domine</span> <span class='ocrx_word' id='word_1_361' title='bbox 2383 2788 2590 2851; x_wconf 90' lang='lat' dir='ltr'>deus:</span> <span class='ocrx_word' id='word_1_362' title='bbox 2679 2786 2857 2850; x_wconf 90' lang='lat' dir='ltr'>Ecce</span> 
     </span>
     <span class='ocr_line' id='line_1_76' title="bbox 1659 2876 2852 2959; baseline 0.001 -20"><span class='ocrx_word' id='word_1_363' title='bbox 1659 2877 1882 2941; x_wconf 90' lang='lat' dir='ltr'>nescio</span> <span class='ocrx_word' id='word_1_364' title='bbox 1913 2876 2092 2959; x_wconf 92' lang='lat' dir='ltr'>loqui</span> <span class='ocrx_word' id='word_1_365' title='bbox 2139 2876 2296 2959; x_wconf 85' lang='lat' dir='ltr'>quia</span> <span class='ocrx_word' id='word_1_366' title='bbox 2336 2897 2500 2958; x_wconf 89' lang='lat' dir='ltr'>puer</span> <span class='ocrx_word' id='word_1_367' title='bbox 2529 2894 2656 2958; x_wconf 90' lang='lat' dir='ltr'>ego</span> <span class='ocrx_word' id='word_1_368' title='bbox 2685 2896 2852 2940; x_wconf 88' lang='lat' dir='ltr'>sum.</span> 
     </span>
     <span class='ocr_line' id='line_1_77' title="bbox 1657 2965 2855 3029; baseline 0 -2"><span class='ocrx_word' id='word_1_369' title='bbox 1657 2965 1770 3029; x_wconf 80' lang='lat' dir='ltr'>Re.</span> <span class='ocrx_word' id='word_1_370' title='bbox 1833 2966 2019 3028; x_wconf 93' lang='lat' dir='ltr'>Deus</span> <span class='ocrx_word' id='word_1_371' title='bbox 2066 2985 2251 3027; x_wconf 85' lang='lat' dir='ltr'>meus</span> <span class='ocrx_word' id='word_1_372' title='bbox 2297 2986 2366 3027; x_wconf 91' lang='lat' dir='ltr'>es</span> <span class='ocrx_word' id='word_1_373' title='bbox 2399 2974 2471 3028; x_wconf 93' lang='lat' dir='ltr'>tu</span> <span class='ocrx_word' id='word_1_374' title='bbox 2514 2985 2598 3027; x_wconf 92' lang='lat' dir='ltr'>ne</span> <span class='ocrx_word' id='word_1_375' title='bbox 2643 2965 2855 3028; x_wconf 90' lang='lat' dir='ltr'>disce-</span> 
     </span>
     <span class='ocr_line' id='line_1_78' title="bbox 1658 3052 2855 3138; baseline -0.002 -21"><span class='ocrx_word' id='word_1_376' title='bbox 1658 3055 1779 3117; x_wconf 91' lang='lat' dir='ltr'>das</span> <span class='ocrx_word' id='word_1_377' title='bbox 1820 3074 1861 3117; x_wconf 87' lang='lat' dir='ltr'>a</span> <span class='ocrx_word' id='word_1_378' title='bbox 1906 3074 2028 3117; x_wconf 91' lang='lat' dir='ltr'>me.</span> <span class='ocrx_word' id='word_1_379' title='bbox 2123 3054 2458 3138; x_wconf 83' lang='lat' dir='ltr'>Quoniam</span> <span class='ocrx_word' id='word_1_380' title='bbox 2515 3052 2855 3117; x_wconf 86' lang='lat' dir='ltr'>tribulatio</span> 
     </span>
     <span class='ocr_line' id='line_1_79' title="bbox 1658 3141 2854 3225; baseline -0.001 -20"><span class='ocrx_word' id='word_1_381' title='bbox 1658 3142 1965 3225; x_wconf 87' lang='lat' dir='ltr'>proxima</span> <span class='ocrx_word' id='word_1_382' title='bbox 2025 3151 2175 3206; x_wconf 88' lang='lat' dir='ltr'>est:</span> <span class='ocrx_word' id='word_1_383' title='bbox 2245 3152 2312 3205; x_wconf 91' lang='lat' dir='ltr'>et</span> <span class='ocrx_word' id='word_1_384' title='bbox 2373 3162 2506 3206; x_wconf 90' lang='lat' dir='ltr'>non</span> <span class='ocrx_word' id='word_1_385' title='bbox 2575 3150 2679 3205; x_wconf 90' lang='lat' dir='ltr'>est</span> <span class='ocrx_word' id='word_1_386' title='bbox 2738 3141 2854 3224; x_wconf 93' lang='lat' dir='ltr'>qui</span> 
     </span>
    </p>
   </div>
   <div class='ocr_carea' id='block_1_10' title="bbox 1656 3230 2856 3490">
    <p class='ocr_par' dir='ltr' id='par_1_10' title="bbox 1656 3230 2856 3490">
     <span class='ocr_line' id='line_1_80' title="bbox 1658 3230 2856 3316; baseline -0.002 -22"><span class='ocrx_word' id='word_1_387' title='bbox 1658 3230 1944 3313; x_wconf 89' lang='lat' dir='ltr'>adjuvet.</span> <span class='ocrx_word' id='word_1_388' title='bbox 2051 3247 2099 3316; x_wconf 69' lang='grc' dir='ltr'><strong><em>γ</em></strong></span> <span class='ocrx_word' id='word_1_389' title='bbox 2175 3230 2359 3293; x_wconf 90' lang='lat' dir='ltr'>Deus</span> <span class='ocrx_word' id='word_1_390' title='bbox 2429 3232 2592 3293; x_wconf 89' lang='lat' dir='ltr'>deus</span> <span class='ocrx_word' id='word_1_391' title='bbox 2666 3249 2856 3293; x_wconf 89' lang='lat' dir='ltr'>meus</span> 
     </span>
     <span class='ocr_line' id='line_1_81' title="bbox 1658 3317 2856 3401; baseline -0.002 -19"><span class='ocrx_word' id='word_1_392' title='bbox 1658 3320 1906 3401; x_wconf 88' lang='lat' dir='ltr'>respice</span> <span class='ocrx_word' id='word_1_393' title='bbox 1955 3317 2021 3381; x_wconf 93' lang='lat' dir='ltr'>in</span> <span class='ocrx_word' id='word_1_394' title='bbox 2084 3337 2191 3381; x_wconf 92' lang='lat' dir='ltr'>me</span> <span class='ocrx_word' id='word_1_395' title='bbox 2251 3339 2453 3401; x_wconf 88' lang='lat' dir='ltr'>quare</span> <span class='ocrx_word' id='word_1_396' title='bbox 2515 3338 2622 3381; x_wconf 92' lang='lat' dir='ltr'>me</span> <span class='ocrx_word' id='word_1_397' title='bbox 2668 3319 2856 3399; x_wconf 82' lang='lat' dir='ltr'>dere-</span> 
     </span>
     <span class='ocr_line' id='line_1_82' title="bbox 1656 3405 2364 3490; baseline -0.001 -19"><span class='ocrx_word' id='word_1_398' title='bbox 1656 3407 1921 3490; x_wconf 88' lang='lat' dir='ltr'>liquisti.</span> <span class='ocrx_word' id='word_1_399' title='bbox 2014 3405 2364 3488; x_wconf 82' lang='lat' dir='ltr'>Quoniam.</span> 
     </span>
    </p>
   </div>
   <div class='ocr_carea' id='block_1_11' title="bbox 1652 3493 2855 3843">
    <p class='ocr_par' dir='ltr' id='par_1_11' title="bbox 1652 3493 2855 3754">
     <span class='ocr_line' id='line_1_83' title="bbox 1745 3493 2855 3576; baseline -0.002 -17"><span class='ocrx_word' id='word_1_400' title='bbox 1745 3494 2128 3559; x_wconf 86' lang='lat' dir='ltr'>Notandum</span> <span class='ocrx_word' id='word_1_401' title='bbox 2187 3495 2361 3576; x_wconf 85' lang='lat' dir='ltr'>quod</span> <span class='ocrx_word' id='word_1_402' title='bbox 2405 3493 2670 3557; x_wconf 83' lang='lat' dir='ltr'>tertium</span> <span class='ocrx_word' id='word_1_403' title='bbox 2721 3494 2855 3557; x_wconf 78' lang='lat' dir='ltr'>Re-</span> 
     </span>
     <span class='ocr_line' id='line_1_84' title="bbox 1652 3585 2855 3665; baseline -0.002 -18"><span class='ocrx_word' id='word_1_404' title='bbox 1652 3585 2059 3665; x_wconf 55' lang='lat' dir='ltr'>sponsorz‘um</span> <span class='ocrx_word' id='word_1_405' title='bbox 2131 3592 2378 3645; x_wconf 68' lang='lat' dir='ltr'>sextum</span> <span class='ocrx_word' id='word_1_406' title='bbox 2466 3592 2529 3645; x_wconf 78' lang='lat' dir='ltr'>et</span> <span class='ocrx_word' id='word_1_407' title='bbox 2615 3604 2855 3645; x_wconf 85' lang='lat' dir='ltr'>nonum</span> 
     </span>
     <span class='ocr_line' id='line_1_85' title="bbox 1654 3670 2852 3754; baseline -0.001 -18"><span class='ocrx_word' id='word_1_408' title='bbox 1654 3672 1888 3736; x_wconf 86' lang='lat' dir='ltr'>omisso</span> <span class='ocrx_word' id='word_1_409' title='bbox 1921 3671 2146 3736; x_wconf 86' lang='lat' dir='ltr'>Gloria</span> <span class='ocrx_word' id='word_1_410' title='bbox 2186 3672 2357 3754; x_wconf 86' lang='lat' dir='ltr'>patri</span> <span class='ocrx_word' id='word_1_411' title='bbox 2397 3671 2592 3752; x_wconf 82' lang='lat' dir='ltr'>repeti</span> <span class='ocrx_word' id='word_1_412' title='bbox 2615 3670 2852 3736; x_wconf 81' lang='lat' dir='ltr'>debent.</span> 
     </span>
    </p>

    <p class='ocr_par' dir='ltr' id='par_1_12' title="bbox 1743 3760 2855 3843">
     <span class='ocr_line' id='line_1_86' title="bbox 1743 3760 2855 3843; baseline -0.001 -19"><span class='ocrx_word' id='word_1_413' title='bbox 1743 3761 1828 3824; x_wconf 89' lang='lat' dir='ltr'>In</span> <span class='ocrx_word' id='word_1_414' title='bbox 1883 3760 1948 3843; x_wconf 62' lang='lat' dir='ltr'>ij.</span> <span class='ocrx_word' id='word_1_415' title='bbox 2002 3769 2304 3823; x_wconf 84' lang='lat' dir='ltr'>nocturno</span> <span class='ocrx_word' id='word_1_416' title='bbox 2345 3761 2478 3823; x_wconf 71' lang='grc' dir='ltr'>Αῆ.</span> <span class='ocrx_word' id='word_1_417' title='bbox 2582 3760 2855 3823; x_wconf 87' lang='lat' dir='ltr'>Nature.</span> 
     </span>
    </p>
   </div>
   <div class='ocr_carea' id='block_1_12' title="bbox 1640 3846 2858 3934">
    <p class='ocr_par' dir='ltr' id='par_1_13' title="bbox 1640 3846 2858 3934">
     <span class='ocr_line' id='line_1_87' title="bbox 1640 3846 2858 3934; baseline -0.002 -21"><span class='ocrx_word' id='word_1_418' title='bbox 1640 3858 1740 3932; x_wconf 62' lang='lat' dir='ltr'>pf.</span> <span class='ocrx_word' id='word_1_419' title='bbox 1789 3850 2125 3915; x_wconf 88' lang='lat' dir='ltr'>Conserva</span> <span class='ocrx_word' id='word_1_420' title='bbox 2182 3858 2286 3912; x_wconf 81' lang='lat' dir='ltr'>etc.</span> <span class='ocrx_word' id='word_1_421' title='bbox 2344 3867 2392 3934; x_wconf 74' lang='grc' dir='ltr'>γ</span> <span class='ocrx_word' id='word_1_422' title='bbox 2441 3848 2544 3911; x_wconf 95' lang='lat' dir='ltr'>De</span> <span class='ocrx_word' id='word_1_423' title='bbox 2576 3868 2687 3911; x_wconf 88' lang='lat' dir='ltr'>ore</span> <span class='ocrx_word' id='word_1_424' title='bbox 2719 3846 2858 3911; x_wconf 92' lang='lat' dir='ltr'>leo-</span> 
     </span>
    </p>
   </div>
   <div class='ocr_carea' id='block_1_13' title="bbox 1657 3936 2858 4092">
    <p class='ocr_par' dir='ltr' id='par_1_14' title="bbox 1657 3936 2858 4092">
     <span class='ocr_line' id='line_1_88' title="bbox 2661 3936 2858 4000; baseline 0 0"><span class='ocrx_word' id='word_1_425' title='bbox 2661 3936 2755 4000; x_wconf 89' lang='lat' dir='ltr'>Et</span> <span class='ocrx_word' id='word_1_426' title='bbox 2814 3957 2858 4000; x_wconf 88' lang='lat' dir='ltr'>a</span> 
     </span>
     <span class='ocr_line' id='line_1_89' title="bbox 1657 4024 2856 4092; baseline -0.003 0"><span class='ocrx_word' id='word_1_427' title='bbox 1657 4027 1962 4092; x_wconf 89' lang='lat' dir='ltr'>cornibus</span> <span class='ocrx_word' id='word_1_428' title='bbox 2031 4026 2443 4090; x_wconf 89' lang='lat' dir='ltr'>unicornium</span> <span class='ocrx_word' id='word_1_429' title='bbox 2521 4024 2856 4090; x_wconf 89' lang='lat' dir='ltr'>humilita-</span> 
     </span>
    </p>
   </div>
   <div class='ocr_carea' id='block_1_14' title="bbox 1656 4124 2722 4285">
    <p class='ocr_par' dir='ltr' id='par_1_15' title="bbox 1656 4124 2722 4285">
     <span class='ocr_line' id='line_1_90' title="bbox 1656 4124 2064 4178; baseline -0.002 0"><span class='ocrx_word' id='word_1_430' title='bbox 1656 4124 1794 4178; x_wconf 90' lang='lat' dir='ltr'>tem</span> <span class='ocrx_word' id='word_1_431' title='bbox 1831 4134 2064 4177; x_wconf 91' lang='lat' dir='ltr'>meam.</span> 
     </span>
     <span class='ocr_line' id='line_1_91' title="bbox 1661 4200 2722 4285; baseline -0.001 -19"><span class='ocrx_word' id='word_1_432' title='bbox 1661 4203 1890 4266; x_wconf 84' lang='lat' dir='ltr'>Sermo</span> <span class='ocrx_word' id='word_1_433' title='bbox 1919 4202 2090 4265; x_wconf 83' lang='lat' dir='ltr'>beati</span> <span class='ocrx_word' id='word_1_434' title='bbox 2095 4201 2416 4285; x_wconf 79' lang='lat' dir='ltr'>johannis</span> <span class='ocrx_word' id='word_1_435' title='bbox 2443 4200 2722 4284; x_wconf 80' lang='lat' dir='ltr'>episcopi.</span> 
     </span>
    </p>
   </div>
   <div class='ocr_carea' id='block_1_15' title="bbox 1659 4289 2865 4444">
    <p class='ocr_par' dir='ltr' id='par_1_16' title="bbox 1659 4289 2865 4444">
     <span class='ocr_line' id='line_1_92' title="bbox 1659 4289 2856 4424; baseline 0.002 -72"><span class='ocrx_word' id='word_1_436' title='bbox 1659 4293 2106 4424; x_wconf 85' lang='lat' dir='ltr'>Magnum</span> <span class='ocrx_word' id='word_1_437' title='bbox 2159 4291 2365 4355; x_wconf 87' lang='lat' dir='ltr'>hiere·</span> <span class='ocrx_word' id='word_1_438' title='bbox 2416 4289 2659 4374; x_wconf 83' lang='lat' dir='ltr'>[Lectio</span> <span class='ocrx_word' id='word_1_439' title='bbox 2730 4290 2856 4373; x_wconf 80' lang='lat' dir='ltr'><em>iiij.</em></span> 
     </span>
     <span class='ocr_line' id='line_1_93' title="bbox 1864 4380 2865 4444; baseline 0 -1"><span class='ocrx_word' id='word_1_440' title='bbox 1864 4381 1994 4443; x_wconf 92' lang='lat' dir='ltr'>mie</span> <span class='ocrx_word' id='word_1_441' title='bbox 2047 4380 2443 4444; x_wconf 85' lang='lat' dir='ltr'>sanctissimi</span> <span class='ocrx_word' id='word_1_442' title='bbox 2505 4380 2814 4443; x_wconf 86' lang='lat' dir='ltr'>meritum</span> <span class='ocrx_word' id='word_1_443' title='bbox 2839 4400 2865 4443; x_wconf 72' lang='grc' dir='ltr'><em>τ</em></span> 
     </span>
    </p>
   </div>
   <div class='ocr_carea' id='block_1_16' title="bbox 1657 3937 2542 4001">
    <p class='ocr_par' dir='ltr' id='par_1_17' title="bbox 1657 3937 2542 4001">
     <span class='ocr_line' id='line_1_94' title="bbox 1657 3937 2542 4001; baseline -0.002 0"><span class='ocrx_word' id='word_1_444' title='bbox 1657 3938 1760 4001; x_wconf 89' lang='lat' dir='ltr'>nis</span> <span class='ocrx_word' id='word_1_445' title='bbox 1817 3938 2024 4001; x_wconf 83' lang='lat' dir='ltr'>libera</span> <span class='ocrx_word' id='word_1_446' title='bbox 2084 3958 2192 4000; x_wconf 91' lang='lat' dir='ltr'>me</span> <span class='ocrx_word' id='word_1_447' title='bbox 2259 3937 2542 4000; x_wconf 89' lang='lat' dir='ltr'>domine.</span> 
     </span>
    </p>
   </div>
   <div class='ocr_carea' id='block_1_17' title="bbox 2159 4540 2634 4605">
    <p class='ocr_par' dir='ltr' id='par_1_18' title="bbox 2159 4540 2634 4605">
     <span class='ocr_line' id='line_1_95' title="bbox 2159 4540 2634 4605; baseline -0.002 -14"><span class='ocrx_word' id='word_1_448' title='bbox 2159 4544 2177 4571; x_wconf 85' lang='lat'><strong>³</strong></span> <span class='ocrx_word' id='word_1_449' title='bbox 2209 4556 2430 4605; x_wconf 86' lang='lat' dir='ltr'>moysem</span> <span class='ocrx_word' id='word_1_450' title='bbox 2454 4558 2466 4591; x_wconf 86' lang='lat'>:</span> <span class='ocrx_word' id='word_1_451' title='bbox 2502 4540 2634 4590; x_wconf 65' lang='lat' dir='ltr'>EG.</span> 
     </span>
    </p>
   </div>
  </div>
 </body>
</html>
