3375 5100
1241 318 1500 377 FERIA
1541 319 1822 377 SEXTA
1861 320 1987 377 AD
2025 320 2465 379 VESPERAS.

1137 430 1269 485 917

604 536 1100 603 confitebuntur
1157 536 1412 601 nomini
1495 544 1659 603 tuo:
1734 543 1807 603 et

601 626 1000 691 habitabunt
1033 626 1193 690 recti
1223 646 1376 691 cum
1422 624 1612 689 vultu
1641 626 1803 690 tu0.¹

604 718 743 779 Αῆ.
833 713 904 779 A
964 715 1106 778 viro
1166 714 1394 797 iniquo
1447 713 1656 778 libera
1698 734 1809 779 me

602 804 892 868 domine.
981 803 1115 865 Αῆ.
1165 802 1502 865 Domine.¹
1679 800 1808 885 pff!

805 892 984 955 mine
1015 890 1294 955 clamavi
1340 890 1426 955 ad
1458 900 1528 954 te
1555 890 1805 955 exaudi

761 1000 906 1043 me:
953 978 1222 1043 intende
1244 980 1388 1043 voci
1427 998 1574 1043 mee
1605 979 1804 1043 cum⁴

603 1069 978 1133 clamavero
1054 1068 1139 1131 ad
1238 1076 1324 1132 te.
1457 1067 1807 1149 Dirigatur

603 1158 817 1221 oratio
879 1176 1031 1220 mea
1089 1156 1258 1219 sicut
1326 1156 1666 1219 incensum
1736 1154 1803 1219 in

602 1254 962 1328 conspectu
1017 1254 1174 1308 tuo:
1235 1243 1518 1307 elevatio
1569 1263 1807 1308 manu-

605 1354 720 1399 um
755 1352 1052 1397 mearum
1097 1330 1488 1396 sacrificium
1541 1352 1806 1413 vesper-

601 1424 836 1487 tinum.
925 1422 1119 1485 Pone
1137 1420 1408 1484 domine
1431 1420 1802 1485 custodiam

601 1512 699 1575 ori
731 1530 884 1573 meo
912 1530 927 1574 :
974 1518 1042 1573 et
1071 1510 1314 1573 ostium
1338 1509 1807 1574 circunstantie

601 1598 798 1663 labiis
857 1598 1039 1661 meis.
1129 1597 1294 1661 Non
1357 1596 1646 1660 declines
1692 1617 1807 1661 cor

606 1706 830 1752 meum
863 1688 930 1750 in
976 1684 1181 1751 verba
1225 1684 1521 1749 malicie:
1567 1686 1652 1749 ad
1685 1706 1807 1749 ex-

601 1776 929 1841 cusandas
959 1774 1428 1839 excusationes
1474 1774 1538 1837 in
1574 1794 1807 1857 pecca-

603 1866 707 1930 tis,
789 1863 956 1930 Cum
976 1862 1354 1927 hominibus
1373 1863 1805 1945 operantibus

599 1954 1020 2037 iniquitatem
1048 1972 1063 2016 ε
1095 1961 1165 2016 et
1195 1970 1326 2014 non
1359 1952 1804 2015 communica-

600 2044 688 2107 bo
719 2062 872 2106 cum
903 2041 1130 2105 electis
1159 2058 1404 2103 eorum.
1485 2038 1805 2121 Corripiet

601 2152 710 2195 me
735 2130 954 2212 justus
986 2130 1052 2193 in
1101 2126 1548 2192 misericordia
1605 2136 1673 2191 et
1706 2128 1803 2191 in-

601 2220 899 2301 crepabit
931 2237 1078 2283 me:
1125 2216 1346 2281 oleum
1391 2226 1618 2280 autem
1649 2236 1802 2299 pec-

603 2309 848 2372 catoris
920 2326 1056 2371 non
1153 2304 1526 2388 impinguet
1601 2314 1803 2387 caput

603 2416 846 2461 meum.
899 2394 1230 2474 Quoniam
1251 2394 1472 2457 adhuc
1491 2400 1560 2457 et
1583 2392 1804 2458 oratio

604 2506 756 2549 mea
848 2486 914 2549 in
1007 2482 1441 2565 beneplacitis
1538 2501 1804 2547 eorum:

599 2575 898 2658 absorpti
917 2582 1072 2637 sunt
1097 2571 1311 2654 juncti
1342 2579 1526 2654 petre
1543 2569 1802 2653 judices

601 2683 848 2728 eorum.
983 2661 1289 2725 Audient
1360 2657 1566 2723 verba
1653 2678 1806 2723 mea

598 2753 915 2836 quoniam
977 2755 1373 2834 potuerunt:
1417 2747 1586 2812 sicut
1631 2767 1805 2811 cras·

601 2841 826 2905 situdo
879 2849 1050 2904 terre
1125 2845 1360 2920 erupta
1431 2843 1534 2899 est
1605 2854 1809 2919 super

602 2941 866 2994 terram.
1001 2925 1350 3008 Dissipata
1415 2931 1571 2989 sunt
1650 2945 1805 3008 ossa

602 3027 828 3082 nostra
859 3035 1047 3080 secus
1101 3013 1468 3078 infernum:
1513 3011 1672 3095 quia
1716 3013 1803 3076 ad

603 3117 672 3172 te
703 3106 976 3170 domine
1004 3103 1276 3168 domine
1325 3099 1498 3166 oculi
1549 3101 1678 3164 mei
1734 3101 1803 3164 in

602 3205 671 3260 te
702 3193 963 3278 speravi
1021 3211 1156 3255 non
1217 3189 1474 3256 auferas
1505 3190 1799 3254 animam

603 3304 842 3348 meam.
950 3280 1226 3347 Custodi
1287 3299 1396 3342 me
1457 3298 1498 3341 a
1559 3277 1803 3360 laqueo

603 3391 806 3456 quern
865 3377 1242 3434 statuerunt
1303 3367 1509 3431 mihi:
1555 3375 1624 3430 et
1669 3366 1805 3429 ab³

599 3457 932 3526 scandalis
939 3457 1354 3540 operantium
1369 3455 1805 3536 iniquitatem.

611 3549 867 3616 Cadent
892 3549 958 3611 in
983 3543 1300 3610 retiaculo
1325 3543 1467 3627 ejus
1499 3551 1807 3626 peccato-

603 3659 709 3702 res
733 3660 747 3704 :
779 3635 1196 3719 singulariter
1225 3652 1374 3697 sum
1393 3651 1522 3714 ego
1543 3632 1758 3695 donec
1776 3631 1802 3670 ⁶

604 3721 983 3791 transeam!
1027 3724 1162 3788 Ar'i.
1210 3722 1502 3786 Domine
1520 3719 1803 3784 clamavi

607 3815 692 3878 ad
725 3815 839 3878 te⁸
866 3812 1117 3877 exaudi
1147 3831 1274 3875 me.
1361 3809 1496 3874 Ανῖ.
1575 3807 1799 3872 Portio

610 3901 802 3968 mea.⁹
1642 3895 1799 3978 ῥέζω

709 4101 723 4130 ¹
765 4101 780 4126 ⁸
804 4093 980 4145 Gloria
1002 4089 1159 4157 patri'
1184 4086 1284 4139 add
1306 4104 1320 4136 ε
1355 4084 1490 4135 E.G.

705 4166 728 4195 ²
763 4165 896 4211 ‘Art
938 4155 1184 4208 Domine’
1209 4169 1309 4202 om.
1339 4170 1353 4202 ε
1389 4150 1524 4200 E.G.

707 4233 728 4261 ⁸
751 4236 828 4293 pf.
863 4238 989 4287 140:
1021 4221 1160 4273 E.G.
1231 4219 1328 4270 cxl.
1351 4233 1369 4268 :
1404 4217 1458 4266 S.

705 4300 724 4328 ⁴
757 4297 912 4344 dum:
948 4290 1000 4342 S.
1337 4287 1358 4317 ⁸
1389 4299 1458 4332 a:
1490 4277 1711 4331 G.W.S.

705 4364 726 4390 ⁸
763 4355 981 4408 ‘donec’
1005 4371 1106 4404 om.
1137 4372 1150 4403 t
1185 4351 1246 4400 E.

707 4431 725 4457 ⁷
765 4431 778 4453 ⁴
809 4423 984 4473 Gloria
1006 4417 1159 4486 patri’
1183 4417 1321 4467 add:
1358 4415 1402 4465 E
1426 4413 1532 4465 G.S

706 4495 726 4524 ⁸
765 4485 1108 4540 ‘et'addzss

2435 429 2574 487 918

2090 556 2211 601 oce
2270 554 2425 601 mea
2475 536 2560 603 ad
2594 536 2946 601 dominum
2974 535 3097 601 cla·

2092 624 2309 691 mavi:
2354 645 2518 691 voce
2568 646 2720 691 mea
2773 626 2859 690 ad
2895 627 3097 690 domi-

1910 733 2071 781 num
2125 714 2517 796 deprecatus
2550 735 2715 779 sum.
2806 714 3095 778 Effundo

1908 802 1975 867 in
2006 812 2365 885 conspectu
2396 804 2539 884 ejus
2570 802 2941 867 orationem
2974 824 3097 866 me-

1908 910 2017 955 am
2042 912 2059 955 :
2104 899 2173 954 et
2190 891 2687 956 tribulationem
2710 912 2933 955 meam
2954 902 3098 955 ante

1907 978 2125 1062 ipsum
2146 980 2529 1061 pronunci0.
2618 979 2705 1043 In
2734 979 3097 1045 deficiendo

1906 1088 1995 1131 ex
2028 1086 2136 1131 me
2164 1068 2469 1151 spiritum
2504 1088 2729 1132 meum
2748 1077 2819 1132 et
2849 1079 2927 1132 tu
2951 1088 3100 1151 cog-

1906 1154 2147 1221 novisti
2208 1158 2481 1221 semitas
2540 1177 2743 1221 meaS.
2852 1156 2939 1220 In
2998 1158 3091 1219 via

1902 1244 2029 1308 hac
2060 1264 2197 1326 qua
2224 1244 2655 1314 ambulabam
2684 1265 2700 1309 ε
2748 1244 3101 1309 absconde-

1904 1341 2057 1397 runt
2089 1332 2401 1415 laqueum
2448 1333 2627 1397 mihi.
2725 1332 3101 1399 Considera-

1905 1421 2060 1485 bam
2092 1422 2181 1485 ad
2225 1422 2577 1485 dexteram
2626 1430 2695 1485 et
2752 1422 3099 1486 videbam:

1906 1518 1975 1573 et
2004 1528 2137 1573 non
2170 1518 2311 1573 erat
2362 1510 2475 1593 qui
2524 1520 2957 1591 cognosceret
2986 1530 3099 1573 me.

1904 1598 2120 1661 Periit
2144 1596 2306 1680 fuga
2334 1618 2376 1660 a
2408 1618 2516 1662 me
2546 1618 2563 1662 ε
2596 1608 2665 1662 et
2696 1618 2831 1661 non
2863 1608 2967 1663 est
2989 1597 3096 1680 qui

1908 1686 2197 1767 requirat
2256 1687 2549 1751 animam
2612 1706 2853 1751 meam.
2964 1686 3103 1752 Cla-

1906 1774 2083 1837 mavi
2128 1774 2211 1837 ad
2263 1784 2332 1838 te
2389 1773 2662 1839 domine
2712 1774 2859 1839 dixi
2912 1782 2987 1838 tu
3036 1794 3099 1837 es

1904 1882 2058 1945 spes
2090 1882 2241 1926 mea
2268 1864 2521 1946 :portio
2544 1884 2695 1927 mea
2721 1864 2785 1927 in
2820 1873 2999 1927 terra
3016 1863 3101 1925 vi-

1905 1951 2223 2015 ventium.
2276 1950 2565 2015 Intende
2588 1953 2673 2015 ad
2700 1952 3101 2034 deprecatio-

1904 2058 2059 2103 nem
2087 2060 2303 2103 meam
2328 2060 2343 2104 :
2373 2040 2532 2122 quia
2553 2040 2945 2104 humiliatus
2967 2060 3101 2103 sum

1905 2128 2118 2191 nimis.
2208 2128 2457 2192 Libera
2498 2148 2608 2191 me
2640 2150 2679 2191 a
2709 2148 3101 2212 persequen-

1904 2216 2082 2281 tibus
2128 2234 2279 2281 me:
2324 2215 2483 2298 quia
2540 2216 2899 2281 confortati
2962 2224 3103 2280 sunt

1904 2324 2103 2385 super
2162 2324 2287 2369 me.
2378 2304 2575 2370 Educ
2641 2305 2728 2370 de
2802 2306 3103 2370 custodia

1904 2393 2197 2457 animam
2246 2411 2465 2457 meam
2518 2392 2605 2457 ad
2654 2392 3102 2459 confitendum

1906 2481 2157 2545 nomini
2190 2490 2351 2545 tuo:
2400 2500 2509 2545 me
2554 2492 2929 2566 expectant
2952 2480 3101 2566 justi

1904 2569 2119 2634 donec
2224 2570 2547 2635 retribuas
2632 2570 2841 2636 mihi!
2980 2573 3105 2636 Ari.

1914 2659 2133 2723 Portio
2164 2678 2313 2722 mea
2357 2658 2628 2723 domine
2679 2661 2767 2724 sit
2818 2659 2893 2724 in
2942 2670 3103 2725 terra

1906 2747 2293 2812 viventium.
2422 2747 2685 2828 Capl'm.
2772 2749 3099 2814 Dominus

1908 2845 2131 2900 autem
2163 2835 2405 2918 dirigat
2434 2837 2701 2900 corda.¹¹
2726 2836 3101 2918 Hymnus.¹²

1904 2923 2386 3058 Plasmator
2442 2924 2731 2988 hominis
2781 2927 2956 2990 deus
3000 2923 3103 3007 qui

2056 3012 3102 3078 cunctasolusordinanshumum

1898 3098 2094 3183 jubes
2126 3101 2489 3183 producere
2518 3102 2849 3183 reptantis
2880 3111 2951 3167 et
2983 3102 3103 3165 fere

1902 3209 2130 3272 genus,
2225 3189 2352 3268 Qui
2407 3210 2653 3272 magna
2704 3211 2931 3256 rerum
2976 3211 3104 3253 cor-

1906 3295 2071 3360 pora
2128 3277 2311 3342 dictu
2368 3277 2663 3360 jubentis
2735 3280 2969 3344 vivida
3041 3285 3106 3340 ut

1906 3365 2195 3430 serviant
2226 3387 2345 3450 per
2362 3367 2661 3432 ordinem
2682 3368 2985 3432 subdens
3004 3367 3107 3430 de-

1907 3454 2063 3518 disti
2096 3453 2365 3518 homini.
2458 3455 2742 3538 Repelle
2804 3477 2849 3520 a
2906 3455 3099 3520 servis

1908 3541 2039 3606 tuis
2070 3542 2384 3625 quicquid
2432 3563 2551 3626 per
2608 3545 3105 3609 immundiciam

1906 3641 2023 3694 aut
2056 3631 2349 3694 moribus
2378 3651 2453 3696 se
2481 3632 2775 3714 suggerit
2806 3643 2933 3698 aut
2957 3633 3103 3698 acti-

1904 3720 2029 3782 bus
2052 3719 2097 3758 ¹³
2126 3719 2472 3784 interserit.
2564 3721 2679 3784 Da
2708 3723 3107 3804 gaudiorum

1904 3807 2195 3889 premia:
2244 3809 2333 3872 da
2375 3808 2737 3891 gratiarum
2788 3829 3105 3875 munera:

1900 3894 2191 3961 dissolve
2243 3895 2377 3962 litis
2436 3897 2739 3963 vincula:
2818 3901 3108 3982 astringe

2002 4081 2024 4112 ⁸
2063 4081 2186 4130 ‘Am
2228 4080 2400 4131 Portio
2421 4079 2559 4132 mea'
2582 4097 2687 4158 om.
2716 4101 2730 4132 ε
2768 4083 2919 4136 E.G.

1990 4146 2029 4243 t:
2052 4153 2145 4262 ετ,
2167 4147 2480 4262 ma
2502 4148 2650 4264 23„
2669 4149 2831 4282 ,ξω
2850 4218 2933 4269 ,,
2946 4217 3089 4284 Μ.

1912 4279 2203 4342 ragesimam
2219 4279 2231 4302 '
2254 4279 2388 4328 add:
2427 4280 2485 4328 G.

1994 4345 2030 4374 ¹⁸
2068 4345 2365 4409 ‘Deseritis’
2389 4345 2519 4394 add:
2555 4345 2621 4396 E.

1988 4411 2028 4443 ¹⁸
2067 4411 2177 4461 ‘se'
2200 4411 2337 4462 adda
2371 4411 2505 4462 E.G.
