3375 5100
637 353 746 408 IN
787 353 1114 410 OCTAVA
1167 355 1229 409 S.
1279 353 1721 410 STEPHANI
1764 353 2555 410 PROTHOMARTYRJS.

883 452 1021 506 145

357 568 607 636 Oratio.
657 571 766 634 Da
797 571 988 634 nobis
1018 591 1398 654 quesumus,

449 663 513 738 εἷ
557 659 665 724 De
701 660 946 724 octavis
984 660 1198 724 sancti
1233 657 1546 740 stephani.

357 749 497 812 Iste
507 757 727 812 octave
741 758 900 810 sunt
910 747 1219 830 precipue.
1265 748 1370 810 Et
1393 755 1552 810 sunt

355 847 574 900 octave
591 837 890 919 precipue
907 859 932 900 .·
1001 835 1295 900 videlicet
1335 845 1550 900 octave

359 925 736 989 nativitatis
792 924 1090 988 domini:
1159 923 1375 988 sancti
1427 934 1548 988 ste·

343 1013 566 1096 phani
581 1036 608 1076 .·
663 1013 878 1077 sancti
903 1012 1228 1096 johannis
1283 1033 1550 1096 evange-

355 1103 509 1167 liste
525 1127 550 1166 .·
613 1111 987 1165 sanctorum
1059 1100 1492 1165 innocentium
1521 1122 1548 1163 .-

359 1190 528 1254 Item
570 1201 789 1254 octave
829 1188 1165 1271 epiphanie
1185 1213 1210 1254 .·
1272 1187 1511 1272 pasche
1526 1211 1551 1251 .·

355 1279 773 1344 ascensionis.-
790 1278 1250 1361 penthecostes:
1271 1276 1552 1358 corporis

365 1366 618 1434 Christi
643 1391 670 1431 ,·
732 1377 799 1431 et
859 1365 1272 1448 depositionis·
1342 1365 1556 1430 sancti

355 1455 657 1520 willelmi
672 1479 697 1518 .·
780 1453 1210 1536 apostolorum
1253 1458 1437 1536 petri
1490 1463 1556 1518 et

351 1545 544 1628 pauli
563 1566 588 1607 .·
631 1543 1118 1623 Assumptionis
1147 1543 1320 1606 beate
1345 1542 1557 1606 marie

360 1633 646 1715 virgines
665 1655 690 1696 .·
747 1644 809 1696 et
849 1632 1224 1696 nativitatis
1251 1632 1548 1714 q‘usdem.

359 1720 564 1805 Infra
584 1741 748 1803 quas
773 1729 1036 1784 octavas
1048 1719 1410 1802 predictas¹
1443 1721 1552 1783 di-

359 1820 536 1873 cetur
563 1811 1016 1873 invitatorium
1047 1830 1091 1871 a
1120 1808 1365 1872 duobus
1405 1828 1551 1872 cum

364 1899 681 1982 regimine
719 1897 946 1961 chori:
1011 1907 1076 1960 et
1104 1897 1406 1979 psalmus
1447 1895 1550 1960 Te

359 1987 562 2051 deum
595 1986 962 2051 laudamus,
1034 1986 1134 2049 ad
1169 1983 1550 2050 matutinas,

359 2075 470 2139 De
494 2075 696 2158 festis
722 2086 938 2138 autem
981 2074 1188 2138 trium
1216 2074 1551 2138 lectionum

363 2164 552 2247 infra
612 2163 808 2226 tales²
869 2171 1132 2227 octavas
1187 2162 1552 2244 contingen-

360 2262 460 2317 ter
480 2252 507 2291 ⁸
567 2253 817 2317 dicetur
875 2251 1186 2314 memoria
1246 2259 1500 2315 tantum
1522 2273 1550 2314 .-

345 2351 759 2424 preterquam
834 2341 908 2404 in
964 2339 1292 2402 dominica
1365 2338 1552 2421 iufra

355 2440 618 2493 octavas
661 2429 876 2492 sancti
913 2427 1212 2492 willelmi
1223 2449 1252 2491 ,·
1307 2426 1426 2490 ubi
1447 2427 1551 2491 di-

353 2528 583 2582 centur
628 2516 830 2581 medie
871 2516 1156 2581 lectiones
1209 2516 1290 2580 de
1335 2525 1554 2580 sancto

358 2607 425 2671 si
478 2616 780 2671 occurrat.
919 2605 1554 2672 Commemorationes

358 2696 557 2760 etiam
601 2695 684 2758 de
725 2694 990 2758 domina
1009 2717 1035 2757 .·
1085 2694 1189 2756 et⁴
1230 2694 1310 2757 de
1347 2693 1507 2758 aliis
1525 2717 1549 2757 ,-

359 2805 438 2847 ac
489 2783 818 2866 suffragia
889 2793 1180 2846 consueta
1249 2802 1376 2845 non
1449 2782 1552 2845 di-

359 2882 610 2937 cantur.
698 2872 993 2954 Exequie
1028 2870 1228 2934 etiam
1285 2870 1550 2952 defunc-

359 2970 576 3025 torum
617 2960 754 3023 nisi
765 2972 892 3043 pro
933 2959 1110 3024 obitu
1150 2958 1412 3041 speciali
1425 2982 1447 3021 .-
1492 2968 1554 3023 et

359 3060 612 3131 vespere
638 3049 810 3113 beate
837 3048 1124 3131 virg-inis
1175 3047 1365 3129 infra
1414 3046 1550 3111 dic-

357 3148 470 3203 tas
493 3147 754 3202 octavas
797 3136 1188 3201 omittantur
1232 3135 1302 3199 in
1347 3135 1549 3199 choro.

365 3228 552 3291 Sunt
633 3227 832 3289 etiam
911 3225 1044 3288 alie
1125 3233 1341 3287 octave
1423 3244 1549 3287 non

361 3316 624 3379 omnino
690 3314 989 3396 precipue
1003 3335 1029 3376 .·
1093 3311 1386 3376 videlicet
1453 3333 1549 3375 oc-

363 3412 512 3467 tave
565 3402 942 3467 nativitatis
997 3402 1209 3465 sancti
1228 3400 1552 3484 johannis

363 3492 634 3575 baptiste
681 3501 748 3556 et
799 3492 1014 3555 sancti
1044 3490 1227 3571 petri
1269 3488 1364 3551 ad
1403 3489 1546 3552 vin-

357 3582 506 3645 cula
527 3603 556 3644 .·
597 3580 788 3662 infra
815 3598 978 3662 quas
1017 3587 1274 3641 octavas
1302 3577 1554 3641 dicetur

357 3668 442 3733 de
491 3666 1078 3733 commemoratione
1123 3666 1299 3730 beate
1341 3666 1553 3729 marie

359 3757 649 3840 virg-inis
665 3778 692 3819 .·
746 3766 813 3819 et
849 3756 930 3819 de
951 3755 1157 3836 sestis
1199 3755 1402 3818 trium
1431 3754 1546 3817 la·-

355 3844 740 3929 tionumfiet
751 3864 896 3909 cum
925 3843 1237 3926 regimine
1252 3842 1462 3906 chori:
1490 3852 1552 3907 et

335 3934 604 4017 psalmo
634 3934 735 3999 Te
766 3933 966 3997 deum
988 3931 1354 3996 laudamus,
1417 3931 1554 3995 nisi

355 4022 430 4087 in
446 4023 625 4104 fisto
640 4023 858 4087 sancti
874 4022 1073 4085 leonis
1096 4044 1121 4084 .·
1152 4030 1351 4083 cetera
1363 4019 1551 4103 fiant

352 4111 526 4175 sicut
575 4122 777 4193 supra
835 4120 1106 4173 notatur
1157 4108 1238 4171 de
1306 4108 1550 4172 octavis

339 4200 682 4282 precipuis.
827 4198 1067 4265 Octave
1116 4206 1336 4262 autem
1390 4199 1548 4261 sim-

555 4384 570 4414 '
611 4380 1010 4433 ‘duetur’add:
1045 4379 1276 4430 E.G.W.

553 4450 576 4479 '
611 4448 788 4498 ‘tales'
813 4464 906 4498 om.
927 4464 947 4497 .·
979 4446 1212 4495 E.G.W.

555 4518 578 4547 ⁸
604 4515 1021 4578 contingentibus:
1055 4512 1123 4561 E.
1137 4512 1192 4563 G.
1211 4511 1288 4561 W.

557 4586 578 4613 ⁴
616 4582 890 4631 ‘sic'addt
926 4578 1063 4630 E.G.

2178 451 2315 505 146

1629 567 1832 652 plices
1888 568 1969 633 he
2022 579 2183 633 sunt
2196 591 2223 635 ,·
2288 569 2578 634 videlicet
2632 579 2849 634 octave

1642 659 1859 722 sancti
1900 658 2139 723 andree
2154 682 2180 722 .·
2260 668 2477 722 sancte
2532 658 2791 741 agnetis
2815 679 2842 722 .·

1639 746 1861 810 sancti
1902 746 2219 810 laurentii
2235 768 2260 810 .·
2304 757 2369 809 et
2410 747 2622 810 sancti
2664 767 2841 810 mar-

1645 834 1781 899 tini
1804 835 2070 917 episcopi
2085 858 2109 899 .·
2123 835 2148 872 ⁶
2193 835 2383 916 infra
2399 855 2565 917 quas
2581 845 2844 899 octavas

1645 923 1896 986 dicetur
1921 923 2002 987 de
2011 923 2224 1004 sesto⁶
2268 923 2476 986 trium
2505 923 2844 987 lectionum

1643 1012 1855 1075 etsine
1871 1013 2122 1092 psalmo
2134 1012 2235 1075 Te
2253 1013 2452 1076 deum
2476 1011 2845 1078 laudamus,

1645 1100 1968 1164 Dicentur
1980 1101 2176 1164 etiam
2194 1100 2517 1184 suffragia
2535 1111 2844 1165 consueta.

1647 1189 1753 1252 De
1778 1189 1960 1253 nulla
1987 1190 2577 1252 commemoratione
2601 1189 2851 1254 dt‘cetur

1645 1277 1836 1358 infra
1894 1277 2057 1342 tales
2110 1287 2375 1342 octavas
2432 1278 2569 1342 nisi
2611 1279 2692 1342 de
2730 1277 2843 1341 do-

1647 1365 1835 1430 mina
1860 1376 2133 1432 tantum.
2214 1370 2278 1445 ἦ
2314 1367 2421 1430 De
2434 1367 2679 1430 octavis
2697 1387 2845 1430 vero

1647 1454 2337 1519 dedicationisecclesie
2361 1455 2512 1518 vide
2542 1455 2732 1537 infra
2751 1455 2852 1520 ad

1645 1553 1909 1608 octavas
1939 1544 2144 1626 ipsius
2155 1544 2343 1625 sesti.

1737 1632 1864 1695 Ad
1914 1642 2117 1696 matu.
2182 1632 2425 1696 Invita.
2504 1631 2845 1697 Christum

1650 1730 1903 1785 natum,
2008 1729 2109 1802 ps.
2167 1721 2429 1786 Venite,
2539 1722 2848 1801 Hymnus

1651 1809 1837 1872 Deus
1883 1818 2167 1873 tuorum.
2256 1809 2319 1872 A
2329 1817 2391 1872 ἢ.
2439 1809 2684 1874 Beatus
2714 1820 2845 1873 ste·-

1651 1896 1927 1979 phauus,
2005 1905 2105 1979 ps.
2135 1898 2383 1962 Beatus
2426 1897 2539 1962 vir.
2570 1907 2635 1960 et
2660 1897 2851 1962 ceteri

1639 1984 1891 2067 psalmi
1936 1986 2136 2049 unius
2178 1986 2493 2067 martyris
2534 2007 2677 2049 cum
2724 1985 2849 2050 hac

1645 2072 2017 2156 antiphona.
2109 2090 2158 2160 γ
2204 2073 2431 2138 Gloria
2476 2082 2545 2138 et
2576 2075 2845 2138 honore,

1653 2162 1712 2227 S
1711 2182 1885 2226 ermo
1914 2162 2084 2226 beati
2092 2162 2425 2245 fulgentii
2450 2162 2729 2245 episcopi.

1647 2250 2101 2385 Stephanus
2132 2270 2291 2333 ergo
2310 2259 2385 2314 ut
2406 2250 2770 2334 no-[Lectio
2778 2251 2845 2334 j.

1772 2339 1967 2402 minis
1995 2339 2096 2402 sui
2124 2359 2437 2403 coronam
2482 2340 2847 2405 meruisset.

1648 2428 1949 2509 accipere
2014 2427 2403 2491 charitatem
2465 2447 2585 2510 pro
2644 2429 2850 2492 armis

1650 2515 1985 2581 habebat:
2045 2524 2114 2581 et
2165 2537 2285 2601 per
2333 2516 2545 2599 ipsam
2599 2517 2849 2600 ubique

1650 2606 1977 2669 vincebat.
2071 2605 2195 2669 Per
2268 2605 2660 2670 charitatem
2732 2607 2845 2669 dei

1647 2694 2052 2757 sevientibus
2070 2693 2290 2776 judeis
2309 2714 2441 2758 non
2462 2694 2659 2759 cessit
2681 2716 2695 2758 :
2728 2715 2848 2777 per

1649 2781 2041 2846 charitatem
2074 2784 2363 2865 proximi
2392 2802 2514 2865 pro
2544 2783 2848 2866 lapidan-

1648 2870 1831 2934 tibus
1878 2871 2265 2935 intercessit.
2521 2872 2741 2935 Lectio
2772 2872 2845 2955 ij,

1647 2961 1870 3091 Per
1916 2958 2307 3024 charitatem
2367 2960 2692 3043 arguebat
2744 2982 2844 3025 er-

1798 3056 2019 3111 rantes
2050 3058 2123 3112 ut
2161 3049 2641 3131 corrigerentur
2662 3072 2687 3115 ;
2725 3069 2847 3132 per

1651 3135 2045 3200 charitatem
2089 3157 2209 3218 pro
2242 3136 2692 3220 lapidantibus
2737 3160 2842 3202 or·-

1647 3224 1812 3289 abat
1855 3244 1941 3288 ne
1982 3225 2391 3308 punirentur.
2483 3226 2843 3292 charitatis

1645 3314 1893 3376 virtute
1966 3312 2295 3377 subnixus
2353 3315 2511 3379 vicit
2578 3316 2839 3379 saulum

1647 3401 2057 3468 sevientem:
2102 3410 2172 3465 et
2216 3422 2417 3484 quem
2478 3403 2710 3468 habuit
2772 3406 2839 3467 in

1649 3499 1826 3553 terra
1872 3500 2356 3572 persecutorem
2400 3492 2468 3554 in
2514 3492 2657 3555 celo
2704 3513 2841 3556 rne-

1647 3578 1780 3641 ruit
1868 3577 2113 3641 habere
2199 3590 2593 3644 consortem,
2725 3582 2839 3645 Re.

1651 3665 2035 3751 Stephanus
2099 3676 2346 3733 autem,
2440 3684 2489 3754 γ
2550 3668 2641 3732 Et
2702 3688 2838 3733 non

1648 3763 1977 3838 poterant.
2494 3756 2711 3821 Lectio
2741 3758 2837 3841 iij.

1644 3845 1873 3976 Ipsa
1898 3851 2127 3907 sancta
2160 3852 2229 3907 et
2270 3844 2599 3909 indefessa
2628 3845 2839 3909 chari-

1747 3942 1851 3995 tas
1908 3932 2331 3995 desiderabat
2394 3934 2649 3997 orando
2722 3936 2841 3999 ad.

1648 4020 1981 4102 quirerez²
2058 4040 2227 4102 quos
2287 4023 2583 4105 nequivit
2650 4044 2839 4089 mon-

1647 4108 1825 4171 endo
1882 4118 2281 4174 convertere,
2396 4110 2551 4175 Hoc
2612 4124 2837 4179 autem

1649 4196 1897 4260 faciens
1920 4205 1988 4263 et
2011 4199 2428 4279 presentibus
2448 4200 2839 4270 charitatem

1844 4381 1869 4475 2
1905 4380 2167 4477 ‘episcopi’
2186 4398 2311 4431 oin..-
2344 4383 2485 4435 EG.

1846 4513 1863 4541 '
1896 4484 2182 4578 acquirere-2
2220 4511 2351 4565 EsG.
2361 4514 2445 4565 W.
