3375 5100
1083 232 1707 291 EXPOSITIONES
1751 232 1813 287 E
1820 233 2433 292 VANGELJORUM

1039 342 1187 397 647

521 453 794 587 Tunc
824 448 1000 513 enim
1037 448 1418 531 spiritaliter
1445 468 1696 513 venun-

665 540 862 603 datur
891 556 1116 601 servus
1161 538 1430 621 quando
1467 558 1699 621 pecca-

501 640 608 695 tor
658 648 778 711 per
823 626 1258 709 penitentiam
1307 628 1393 690 de
1439 643 1700 709 posses-

503 719 686 782 sione
746 712 995 778 diaboli
1069 716 1155 779 ad
1217 715 1697 797 possessionem

503 804 906 872 convertitur
975 804 1100 868 dei.
1213 804 1703 867 Venundantur

504 914 774 978 quoque
816 911 991 955 uxor
1033 899 1102 955 et
1147 890 1308 957 filii:
1351 911 1506 955 cum
1547 910 1703 955 caro

506 1004 638 1067 que
691 980 978 1064 peccatis
1026 980 1150 1043 suit
1190 980 1456 1043 subdita
1500 1000 1704 1063 opera

507 1082 578 1135 et
625 1068 1061 1152 cogitationes
1110 1068 1406 1132 carnales
1455 1068 1522 1131 in
1571 1088 1705 1132 ser-

507 1158 750 1224 vicium
781 1156 888 1221 dei
933 1156 1257 1222 immutat.
1353 1156 1707 1221 Procidens

508 1255 734 1312 autem
785 1265 1011 1309 servus
1063 1244 1174 1308 ille
1225 1244 1504 1327 rogabat
1551 1265 1706 1309 eum

510 1337 753 1401 dicens,
829 1333 1226 1397 Patientiam
1257 1333 1430 1397 habe
1460 1334 1526 1396 in
1557 1352 1709 1397 me:

513 1434 582 1489 et
612 1422 838 1487 omnia
868 1421 1144 1486 reddam
1175 1422 1314 1486 tibi.
1375 1421 1591 1486 Lectio
1619 1421 1707 1487 ix.

667 1510 899 1575 rocidit
913 1510 1088 1573 enim
1101 1530 1323 1575 servus
1341 1520 1498 1574 ante
1509 1510 1711 1573 deum

649 1618 800 1664 cum
832 1608 1141 1681 peccator
1173 1619 1363 1662 suam
1397 1598 1712 1681 fragilita·

513 1698 654 1753 tem
701 1706 1176 1770 recognoscens
1223 1686 1560 1751 humiliter
1601 1706 1713 1750 ve-

518 1778 700 1842 niam
759 1774 1068 1859 postulat.
1161 1776 1389 1858 Rogat
1448 1796 1715 1859 quoque

518 1866 954 1950 patientiam:
1028 1873 1105 1928 ut
1171 1864 1445 1947 dignam
1505 1864 1716 1947 possit

521 1954 840 2019 exhibere
869 1953 1326 2036 penitentiam.
1406 1953 1719 2017 Misertus

523 2053 750 2107 autem
782 2043 1090 2106 dominus
1121 2043 1290 2105 servi
1321 2040 1494 2105 illius
1526 2041 1719 2105 dimi-

523 2134 611 2195 sit
669 2150 822 2194 eum
872 2139 941 2194 et
988 2130 1285 2194 debitum
1339 2130 1590 2194 dimisit
1639 2129 1718 2195 ei.

527 2222 702 2285 Ecce
726 2219 904 2283 enim
935 2238 1070 2282 non
1093 2218 1308 2282 solum
1331 2219 1722 2300 patientiam
1756 2256 1759 2259 ·

525 2329 730 2391 quam
808 2318 1152 2388 rogaverat
1225 2307 1516 2371 invenit:
1603 2306 1723 2371 sed

527 2398 730 2461 etiam
783 2396 993 2459 debiti
1045 2394 1550 2460 absolutionem.
1637 2396 1725 2459 In

525 2505 776 2566 evange.
822 2492 928 2548 αῆ.
1007 2484 1204 2547 Dixit
1245 2492 1471 2547 autem
1512 2484 1726 2548 domi-

529 2595 654 2638 nus
685 2593 874 2636 servo
905 2573 1110 2636 redde
1139 2573 1318 2655 quod
1351 2573 1554 2638 debes
1577 2593 1729 2656 pro-

528 2663 757 2726 cidens
800 2669 1024 2724 autem
1056 2681 1280 2725 servus
1311 2661 1418 2725 ille
1450 2664 1731 2744 rogabat

530 2769 684 2816 eum
716 2749 978 2812 dicens:
1024 2748 1412 2832 patientiam
1443 2750 1616 2815 habe
1662 2751 1731 2813 in

533 2859 643 2902 me
691 2846 759 2900 et
806 2837 1032 2900 omnia
1082 2837 1355 2902 reddam
1415 2840 1553 2904 tibi.
1629 2848 1734 2922 pf.

537 2926 954 2992 Benedictus
1367 2975 1374 2984 .
1486 2928 1734 2994 Gratia.

535 3013 982 3148 Familiam
1014 3022 1200 3078 tuam
1233 3035 1589 3097 quesumus
1619 3018 1737 3080 do-

691 3103 870 3166 mine
922 3103 1236 3166 continua
1284 3104 1532 3187 pietate
1591 3125 1739 3170 cus·

537 3191 722 3256 todi:
767 3199 842 3254 ut
872 3211 912 3254 a
941 3192 1194 3255 cunctis
1235 3193 1739 3258 adversitatibus

538 3289 609 3344 te
641 3289 1031 3364 protegente
1061 3280 1149 3344 sit
1179 3280 1386 3345 libera
1425 3291 1493 3346 et
1523 3283 1590 3345 in
1620 3283 1740 3346 bo-

542 3370 642 3432 nis
673 3369 931 3432 actibus
948 3377 1067 3432 tuo
1091 3368 1342 3433 nomini
1373 3371 1459 3434 sit
1479 3371 1737 3435 devota.

545 3459 671 3523 Per
719 3457 1083 3522 dominum.
1172 3458 1298 3522 Ad
1335 3470 1628 3540 vesperas
1670 3460 1743 3523 in

542 3565 796 3627 evange.
829 3554 934 3610 aii.
1005 3545 1208 3610 Serve
1240 3547 1567 3630 nequam¹
1600 3569 1743 3612 om-

545 3657 630 3700 ne
662 3635 965 3699 debitum
995 3635 1215 3698 dimisi
1260 3636 1383 3699 tibi
1429 3637 1743 3719 quoniam

544 3724 794 3807 rogasti
841 3743 950 3786 me
995 3743 1215 3787 nonne
1260 3744 1418 3807 ergo
1454 3727 1749 3808 oportuit

544 3822 615 3877 et
645 3821 714 3876 te
759 3812 1049 3875 misereri
1095 3814 1389 3877 conservi
1436 3815 1532 3878 tui
1577 3814 1751 3878 sicut

545 3912 618 3965 et
665 3920 794 3983 ego
842 3901 939 3964 tui
988 3901 1294 3966 misertus
1341 3923 1506 3967 sum.
1588 3903 1751 3966 alle·

549 3989 704 4053 luia.
781 3997 883 4069 pf.
933 3988 1337 4070 Magnificat.

555 4083 620 4155 (I
642 4075 989 4140 Dominica
1010 4078 1203 4160 xxiy'.
1237 4079 1369 4144 Sec.
1385 4079 1756 4144 mattheum.

556 4169 710 4300 ln
784 4164 931 4267 illo·
973 4174 1315 4269 tempore:
1406 4167 1757 4233 Abeuntes

647 4253 933 4338 pharisei
1011 4256 1356 4320 consilium
1433 4257 1758 4322 inierunt:

951 4432 965 4462 ¹
1001 4447 1313 4498 nequaquam
1342 4450 1354 4485 :
1391 4433 1455 4484 N.

2314 344 2468 399 648

1792 456 1869 513 ut
1912 459 2223 533 caperent
2268 452 2497 535 Jesum
2551 450 2620 514 in
2669 468 3013 514 sermone.

1798 538 1887 603 Et
1948 540 2223 603 mittunt
2270 541 2331 603 ei
2378 538 2737 621 discipulos
2798 558 3015 603 suos:

1794 646 1945 691 cum
1978 628 2354 692 herodianis
2381 629 2693 692 dicentes.
2744 628 3019 708 Magis-

1796 725 1900 779 ter
1918 717 2162 779 scimus
2184 718 2341 799 quia
2362 738 2569 781 verax
2590 737 2693 781 es:
2724 725 2793 779 et
2817 717 3015 779 viam

1798 805 1906 868 dei
1954 806 2021 868 in
2050 804 2327 868 veritate
2370 804 2572 869 doces
2616 814 2685 867 et
2714 824 2852 867 non
2896 812 3019 867 est

1800 894 1921 957 tibi
1950 912 2108 957 cura
2139 893 2225 957 de
2254 893 2495 975 aliquo.
2572 893 2667 957 Et
2696 893 2982 974 reliqua.

1807 981 2062 1047 Omelia
2112 981 2495 1045 venerabilis·
2559 981 2707 1046 bede
2742 980 3017 1063 presby-

1802 1070 1943 1135 teri.
2642 1070 2858 1133 Latio
2886 1068 3017 1150 vg’j.

1802 1159 1957 1291 Α
1970 1158 2015 1222 b
2058 1156 2174 1222 illo
2218 1178 2377 1241 ergo
2406 1166 2707 1241 tempore
2737 1178 2874 1239 quo
2904 1166 3019 1219 to-

1969 1248 2101 1310 tius
2154 1248 2383 1311 mundi
2438 1244 2817 1311 monarchia
2878 1245 3019 1307 sub

1804 1336 1997 1399 unius
2027 1334 2313 1399 hominis
2335 1336 2707 1419 principatu
2738 1334 3021 1397 redacta

1804 1433 1945 1489 est:
2012 1433 2283 1507 propter
2340 1443 2574 1507 pacem
2622 1432 2691 1487 et
2734 1442 3019 1486 concor-

1808 1512 1989 1576 diam
2036 1513 2105 1576 in
2136 1511 2399 1595 populis
2446 1511 2839 1576 servandam
2872 1520 3017 1573 sta-

1808 1610 2029 1665 tutum
2078 1610 2181 1665 est
2228 1610 2303 1665 ut
2348 1600 2798 1683 unusquisque
2856 1618 3020 1663 cen·

1810 1710 1959 1753 sum
1991 1688 2227 1772 capitis
2272 1690 2373 1753 sui
2414 1689 2731 1753 redderet.
2826 1688 3019 1769 Ergo

1813 1778 2197 1862 predicante
2256 1776 2532 1841 domino
2576 1785 2803 1840 nostro
2848 1776 3021 1857 Jaeu

1816 1866 2084 1932 Christo
2140 1866 2479 1931 contentio
2540 1884 2787 1947 magna
2844 1865 3025 1933 inter

1810 1955 2051 2039 judeos
2082 1964 2240 2018 nata
2271 1955 2523 2019 suerat:
2568 1963 2841 2037 propter
2868 1953 3025 2015 red-

1817 2044 2140 2108 ditionem
2170 2063 2423 2107 censuS.
2628 2041 2847 2105 Lectio
2874 2041 3025 2123 viij.

1816 2131 2055 2265 Alii
2086 2151 2243 2195 vero
2274 2131 2586 2196 dicebant
2614 2150 2739 2213 pro
2778 2130 3027 2193 securi-

1986 2227 2127 2284 tate
2156 2229 2226 2283 et
2255 2220 2519 2302 quiete:
2565 2219 2725 2301 quia
2760 2216 3025 2281 romani

1820 2308 2151 2393 principes
2194 2328 2314 2391 pro
2356 2309 2449 2372 eis
2501 2307 2865 2370 militarent
2902 2306 3029 2369 de-

1822 2400 1977 2462 bere
2000 2396 2247 2460 tributa
2269 2396 2451 2461 solvi.
2507 2396 2799 2459 Econtra
2818 2415 2983 2478 ergo
3000 2394 3031 2431 ²

1824 2485 2035 2550 scribe
2076 2494 2143 2549 et
2174 2484 2459 2568 pharisei
2489 2484 2842 2548 dicebant:
2888 2502 3029 2545 non

1824 2576 2067 2639 debere
2098 2574 2419 2657 populum
2449 2574 2557 2637 dei
2594 2571 2903 2637 humanis
2936 2573 3027 2636 le-

1826 2664 2019 2748 gibus
2048 2663 2407 2744 subjacere.
2498 2661 2641 2728 Sub
2671 2662 2796 2725 hac
2836 2681 3026 2724 occa-

1826 2754 2011 2817 sione
2040 2750 2386 2815 consilium
2418 2751 2720 2814 ineuntes
2752 2750 3031 2812 mittunt

1830 2842 1890 2905 ei
1936 2839 2293 2923 discipulos
2330 2859 2487 2903 suos
2531 2859 2683 2902 cum
2722 2837 3027 2902 herodia-

1832 2930 1934 2993 nis
1994 2930 2304 2994 dicenteS.
2404 2927 2727 3010 Magister
2784 2927 3029 2991 scimus

1834 3017 1991 3102 quia
2065 3037 2271 3080 verax
2344 3037 2417 3082 es
2490 3025 2794 3081 etcetera.
2904 3014 3031 3078 Dic

1836 3127 1993 3188 ergo
2054 3106 2283 3170 nobis:
2353 3105 2512 3188 quid
2574 3105 2695 3168 tibi
2754 3103 3035 3168 videtur.

1836 3196 2031 3260 Licet
2103 3213 2372 3257 censum
2448 3193 2591 3258 dari
2664 3194 2871 3256 cesari
2946 3211 3031 3254 an

1838 3304 1970 3348 non
1994 3282 2018 3346 ἓ
2087 3280 2290 3365 Quod
2321 3282 2473 3345 ideo
2503 3280 3035 3364 interrogabant:

1840 3382 1916 3436 ut
1960 3373 2122 3436 dum
2166 3370 2474 3435 dominus
2534 3390 2742 3434 unum
2802 3389 2891 3432 ex
2938 3367 3035 3430 eis

1840 3461 2233 3524 affirmaret:
2290 3467 2408 3522 aut
2437 3457 2701 3522 illorum
2733 3467 2848 3522 aut
2879 3457 3035 3520 isto-

1842 3569 1986 3612 rum
2039 3547 2264 3611 odium
2320 3547 2677 3611 incurreret
2726 3545 2835 3610 vel
2880 3564 3033 3608 con-

1842 3638 2082 3702 trarius
2111 3636 2217 3698 dei
2250 3635 2379 3718 legi
2410 3655 2555 3699 esse
2584 3635 2933 3699 videretur.

1858 3725 2212 3860 Cognita
2242 3734 2467 3788 autem
2497 3724 2691 3806 Jesus
2727 3723 2921 3806 [Lect.
2954 3721 3040 3785 ix.

1981 3813 2278 3896 nequitia
2320 3833 2549 3876 eorum
2594 3812 2788 3876 dixit.
2862 3809 3040 3893 Quid

1850 3922 1959 3966 me
2018 3902 2363 3985 temptatis
2422 3899 2817 3983 hypocrite?
2909 3899 3044 3962 Pri-

1852 4011 2034 4055 mum
2112 4011 2270 4070 ergo
2342 3990 2536 4072 Jesus
2612 3987 3043 4071 cogitationes

1854 4087 2330 4162 temptatorum
2383 4078 2791 4142 denudavit:
2838 4085 2914 4140 ut
2954 4076 3045 4140 sic

1854 4169 2093 4233 saltem
2134 4168 2200 4230 in
2252 4187 2333 4230 eo
2380 4175 2772 4250 cogerentur
2816 4164 3046 4228 divini-

1856 4266 2065 4322 tatem
2113 4275 2485 4338 agnoscere.
2576 4254 2841 4339 Quibus
2893 4271 3047 4336 ergo

2245 4435 2266 4464 ²
2298 4449 2415 4482 vero
2436 4450 2449 4482 ε
2486 4433 2554 4482 Ν.
