3375 5100
1346 321 1764 377 DoMlNscA
1823 324 2155 393 QUARYA

1022 431 1159 485 219

496 546 776 620 agantur
805 557 924 619 pro
956 538 1161 601 nobis
1258 538 1433 601 Nam
1472 538 1682 619 gloria

494 636 720 690 nostra
746 625 869 689 hec
900 635 999 689 est
1029 626 1481 689 testimonium
1526 646 1680 688 con-

496 716 767 779 scientie
798 724 1016 778 nostre
1062 714 1239 796 quod
1274 716 1339 777 in
1372 714 1681 795 simplici-

496 812 635 867 tate
684 813 753 866 et
798 804 1195 884 synceritate
1243 803 1389 867 dei-z
1437 812 1503 866 et
1550 822 1681 865 non

496 892 563 954 in
596 891 919 973 sapientia
947 890 1233 953 carnali.¹
1319 890 1451 955 Sec.
1484 890 1685 953 Matt.

496 981 645 1111 In
722 978 834 1041 illo
919 989 1215 1060 tempore
1250 1000 1263 1042 :
1342 998 1493 1042 cum
1567 979 1684 1042 de-

602 1067 963 1131 scendisset
1023 1067 1216 1149 Jesus
1277 1066 1362 1129 de
1420 1076 1683 1129 monte:

498 1164 722 1219 secute
752 1164 905 1218 sunt
930 1175 1081 1219 eum
1102 1154 1294 1218 turbe
1316 1155 1537 1218 multe.
1596 1154 1688 1217 Et

499 1264 650 1307 ecce
711 1243 1005 1325 leprosus
1050 1244 1318 1306 veniens
1368 1243 1687 1307 adorabat

501 1352 653 1395 eum
686 1330 949 1395 dicens:
985 1332 1273 1395 Domine
1303 1332 1357 1394 si
1377 1332 1473 1394 vis
1496 1340 1687 1414 potes

502 1441 609 1483 me
640 1420 975 1483 mundare.
1068 1420 1159 1482 Et
1189 1420 1455 1501 reliqua.

508 1507 763 1573 Omelia
786 1507 1088 1589 Ongrmis
1102 1508 1389 1571 doctoris.
1420 1507 1561 1571 Lec.
1574 1508 1687 1590 vij.

500 1596 1049 1729 Descendente
1080 1596 1352 1659 domino
1386 1597 1471 1659 de
1502 1616 1692 1659 mon-

657 1694 761 1748 te:
809 1683 934 1747 hoc
965 1694 1067 1748 est
1118 1684 1472 1749 inclinante
1502 1706 1574 1748 se
1605 1684 1690 1747 ad

501 1772 985 1836 humanitatem
1022 1794 1035 1837 :
1110 1792 1263 1837 ecce
1337 1773 1540 1837 homo
1598 1770 1694 1835 le-

479 1880 735 1956 prosus
768 1881 937 1924 unus
968 1882 1057 1925 ex
1088 1860 1213 1924 illis
1258 1862 1369 1944 qui
1408 1862 1692 1925 curatio-

504 1970 658 2013 nem
732 1949 1095 2033 querebant
1124 1972 1137 2013 :
1202 1952 1315 2032 qui
1389 1949 1690 2014 levamen

503 2038 1005 2102 desiderabant:
1044 2039 1363 2103 adorabat
1409 2059 1561 2103 eum
1592 2038 1691 2101 di-

505 2146 661 2191 cens
724 2124 1014 2190 Domine
1073 2127 1127 2189 si
1186 2128 1286 2191 vis
1346 2136 1535 2210 potes
1585 2147 1692 2190 me

505 2214 841 2279 mundare.
1379 2217 1519 2280 Lec.
1552 2214 1693 2297 viij.

526 2304 711 2435 Tu
761 2303 1029 2366 domine
1060 2305 1274 2386 inquit
1303 2304 1503 2386 digne
1532 2304 1696 2367 ado-

672 2392 869 2455 raris:
915 2392 1026 2474 qui
1062 2394 1296 2456 merito
1326 2393 1594 2457 coleris:
1626 2401 1696 2455 te

508 2498 636 2562 ego
666 2488 739 2541 ut
766 2480 1113 2542 dominum
1138 2481 1379 2545 adoro:
1412 2480 1696 2564 ideoque

508 2578 577 2632 et
624 2568 967 2632 dominum
1017 2569 1205 2634 dico:
1255 2590 1457 2652 opera
1517 2571 1696 2652 prius

510 2664 919 2720 contestans:
952 2657 1131 2721 etsie
1162 2660 1361 2722 verba
1381 2659 1654 2739 loquens
1682 2679 1694 2720 :

513 2745 637 2807 Per
654 2753 723 2807 te
742 2745 918 2806 enim
950 2746 1175 2808 omnia
1193 2745 1369 2810 facta
1389 2756 1557 2810 sunt.
1590 2745 1714 2809 Tu‘

512 2851 673 2914 ergo
733 2832 1001 2895 domine
1062 2833 1115 2896 si
1175 2835 1273 2898 vis
1332 2843 1523 2918 potes
1591 2855 1698 2898 me

514 2918 851 2984 mundare.
969 2921 1298 2986 Voluntas
1358 2932 1473 2986 tua
1532 2944 1700 3006 opus

512 3017 653 3071 est:
700 3009 856 3090 quia
885 3018 953 3072 et
982 3030 1183 3092 opera
1218 3011 1543 3075 voluntati
1586 3020 1700 3074 tue

490 3095 873 3160 obediunt:
934 3099 1215 3180 ideoque
1262 3100 1317 3162 si
1366 3102 1463 3164 vis
1512 3111 1701 3182 potes

518 3205 626 3248 me
658 3185 989 3250 mundare.
1370 3189 1581 3253 Lectio
1609 3189 1701 3252 ix.

515 3273 969 3406 Respondit
1000 3285 1223 3339 autem
1261 3277 1567 3341 dominus
1612 3277 1702 3340 le-

523 3422 531 3430 ,
664 3382 897 3443 proso:
972 3363 1303 3429 confiteris
1363 3367 1517 3449 quia
1578 3385 1704 3448 ego

516 3471 803 3533 possum.
897 3451 1258 3533 profiteris:
1304 3457 1461 3537 quia
1492 3455 1544 3518 si
1578 3475 1705 3537 ego

517 3538 668 3602 volo
698 3539 799 3603 fit:
832 3540 1113 3624 ideoque
1142 3543 1310 3607 volo,
1362 3543 1706 3607 Mundare.

516 3626 950 3692 Voluntatem
982 3631 1302 3713 precaris:
1338 3635 1707 3715 potentiam

517 3715 887 3781 confiteris:
917 3720 1072 3782 volo
1103 3721 1433 3785 mundare.
1514 3721 1704 3803 Mag-

519 3803 710 3868 nifice
741 3807 987 3871 credis:
1038 3808 1385 3891 magnifice
1417 3819 1484 3872 et
1518 3829 1710 3873 mun-

519 3893 711 3956 daris
850 3895 1232 3961 Plenissime
1324 3897 1653 3962 confiteris
1697 3920 1711 3962 ε

521 3981 899 4061 plenissime
931 3985 1259 4050 letificaris
1286 4009 1299 4049 :
1338 3987 1489 4049 volo
1522 4007 1712 4049 mun-

522 4068 698 4132 dare.
790 4069 875 4132 In
896 4074 1220 4154 evangelio
1248 4084 1353 4138 αῆ.
1396 4076 1565 4139 Cum
1599 4075 1713 4137 de-

521 4157 883 4222 scendisset
910 4159 1103 4241 Jesus
1134 4161 1219 4225 de
1250 4175 1514 4228 monte:
1562 4183 1713 4227 ecce

623 4325 635 4354 ¹
674 4323 865 4374 ‘sedin
889 4327 1051 4390 gratia
1090 4327 1172 4376 dei
1208 4330 1490 4380 conversati
1518 4329 1716 4379 sumus'

520 4390 653 4440 add:
690 4391 919 4442 E.G.W.

620 4459 640 4488 ²
674 4473 796 4507 nos:
834 4458 987 4508 G.w.

621 4525 642 4554 ⁸
676 4523 965 4576 vobiscum:
1003 4527 1062 4576 G.

2281 430 2440 485 220

1788 539 2082 622 leprosus
2129 539 2399 602 veniens
2461 534 2780 600 adorabat
2825 554 2976 599 eum

1786 629 2049 690 dicens:
2095 628 2363 691 domine
2409 625 2463 687 si
2494 625 2592 687 vis
2637 634 2826 706 potes
2873 644 2979 686 me

1788 716 2106 779 mundare
2141 738 2154 779 :
2230 725 2300 779 et
2359 713 2727 776 extendens
2787 713 2980 793 Jesus

1790 824 2059 867 manum
2091 804 2312 886 tetigit
2341 822 2494 865 eum
2526 802 2751 865 dicens
2780 822 2794 863 :
2824 799 2980 863 volo

1789 893 2108 955 mundare
2127 892 2404 955 alleluia.
2431 899 2533 971 pf.
2567 888 2978 952 Benedictus,

1795 980 2016 1046 Cetera
2065 979 2160 1043 ad
2195 978 2558 1042 matutinas
2585 987 2646 1039 et
2671 976 2868 1039 horas
2909 986 2985 1039 ut

1791 1069 1860 1131 in
1877 1070 2106 1151 prima
2133 1066 2455 1131 dominica
2483 1086 2626 1129 cum
2655 1065 2942 1127 oratione
2961 1088 2986 1126 .·

1791 1157 2234 1239 Omnipotens
2264 1155 2660 1237 sempiterne
2690 1154 2855 1216 deus
2887 1154 2982 1215 in-

1791 1245 2184 1309 firmitatem.
2233 1244 2356 1307 Ad
2380 1254 2668 1325 vesperas
2693 1241 2762 1303 in
2791 1262 2982 1303 evan-

1781 1354 1878 1415 ge.
1909 1342 2018 1397 aii.
2114 1333 2402 1396 Domine
2443 1351 2605 1414 puer
2652 1350 2839 1393 meus
2879 1329 2980 1411 ja-

1793 1431 1896 1487 cet
1944 1422 2321 1505 paraliticus
2367 1420 2431 1483 in
2479 1418 2683 1482 domo
2713 1426 2780 1481 et
2813 1416 2984 1480 male

1793 1519 2172 1593 torquetur:
2235 1528 2430 1572 amen
2478 1508 2628 1571 dico
2677 1505 2797 1569 tibi
2857 1525 2985 1587 ego

1794 1602 2057 1664 veniam
2133 1608 2203 1661 et
2275 1596 2522 1661 curabo
2593 1614 2763 1658 eum.
2880 1601 2981 1675 ps‘z

1798 1686 2200 1770 Magnificat.
2297 1684 2524 1751 Oratio
2553 1692 2629 1747 ut
2653 1693 2868 1764 supra.

1798 1780 1862 1854 (Ι
1875 1776 2194 1839 Lectiones
2211 1772 2292 1837 de
2291 1772 2494 1855 feria.
2527 1771 2736 1835 Lectio
2741 1770 2860 1852 pri
2860 1790 2986 1833 ma.

1797 1863 2008 1997 Dei
2039 1864 2216 1927 enim
2247 1862 2418 1925 filius
2449 1861 2640 1942 Jesus
2687 1859 2986 1923 Christus

1950 1952 2062 2035 qui
2118 1953 2184 2014 in
2232 1949 2420 2015 vobis
2471 1970 2587 2031 per
2619 1967 2742 2011 nos
2774 1947 2988 2029 predi-

1795 2050 1982 2107 catus
2013 2048 2114 2104 est
2144 2059 2262 2122 per
2291 2058 2398 2101 me
2427 2048 2497 2100 et
2543 2037 2866 2099 silvanum
2919 2044 2987 2098 et

1794 2128 2190 2194 timotheum
2241 2146 2374 2190 non
2421 2126 2544 2189 suit
2575 2126 2641 2188 in
2689 2124 2801 2187 illo
2847 2133 2982 2186 est:

1795 2228 1863 2283 et
1895 2237 2027 2281 non
2059 2216 2176 2280 sed
2195 2225 2326 2280 est:
2358 2214 2424 2277 in
2448 2214 2562 2278 illo
2584 2213 2725 2276 suit.
2775 2212 2986 2294 Quot-

1796 2316 1962 2390 quot
1985 2306 2160 2369 enim
2186 2304 2650 2387 promissiones
2671 2301 2776 2365 dei
2801 2309 2985 2363 sunt:

1799 2396 1864 2459 in
1915 2393 2028 2457 illo
2077 2404 2216 2457 est:
2266 2393 2429 2455 Ideo
2477 2401 2546 2455 et
2593 2408 2710 2472 per
2771 2391 2986 2471 ipsum

1799 2483 2078 2547 dicimus
2136 2502 2331 2545 amen
2395 2480 2523 2543 deo
2570 2477 2654 2542 ad
2709 2478 2986 2561 gloriam

1801 2581 2114 2635 nostram.
2677 2567 2892 2630 Lectio
2924 2565 2990 2647 ij.

1939 2661 2002 2723 ui
2041 2670 2264 2723 autem
2309 2656 2658 2721 confirmat
2687 2655 2842 2720 vos²
2873 2675 2990 2717 no-

1937 2747 2234 2811 biscum⁸
2295 2749 2362 2810 in
2424 2745 2689 2811 Christo
2750 2745 2863 2826 qui
2923 2750 2990 2806 et

1805 2838 1998 2900 unxit
2027 2835 2177 2900 vos⁴
2202 2837 2366 2899 deus
2397 2843 2498 2898 est
2529 2842 2598 2897 et
2629 2833 2741 2916 qui
2773 2833 2991 2914 signa-

1804 2927 1901 2989 vit
1945 2925 2095 2989 vos⁴
2141 2933 2209 2988 et
2241 2923 2425 2988 dedit
2456 2923 2698 3006 pignus
2728 2922 2994 3003 spiritus

1807 3013 1871 3076 in
1903 3013 2209 3076 cordibus
2240 3011 2517 3076 vestris⁵
2591 3011 2739 3092 Ego
2770 3019 2992 3072 autem

1807 3110 2044 3166 testem
2076 3103 2276 3165 deum
2311 3103 2544 3164 invoco
2589 3100 2656 3162 in
2705 3099 2994 3161 animam

1809 3211 2025 3254 meam
2087 3191 2242 3271 quia
2301 3208 2574 3272 parcens
2626 3187 2814 3250 vobis
2863 3203 2994 3248 non

1806 3279 1958 3342 veni
1983 3279 2156 3342 ultra
2187 3277 2574 3342 corinthum.
2658 3275 2871 3340 Lectio
2902 3271 2997 3353 iij.

1809 3367 2081 3500 Non
2149 3367 2303 3448 quia
2366 3365 2787 3429 dominamur
2847 3361 3000 3424 fidei

1992 3465 2238 3520 vestre:
2271 3455 2386 3518 sed
2409 3453 2746 3534 adjutores
2775 3469 3002 3514 sumus

1809 3543 2033 3626 gaudii
2079 3545 2295 3607 vestri.
2387 3543 2564 3606 Nam
2616 3541 2747 3605 fide
2794 3539 3000 3602 statiS.

1815 3631 2096 3698 Statim⁶
2134 3641 2357 3696 autem
2389 3631 2515 3694 hoc
2563 3631 2776 3713 ipsum
2823 3626 3000 3709 apud

1814 3740 1923 3783 me
1954 3740 2038 3783 ne
2059 3721 2296 3784 iterum
2320 3722 2384 3784 in
2406 3720 2681 3783 tristicia
2711 3717 3002 3781 venirem

1817 3809 1901 3871 ad
1933 3829 2070 3874 vos·
2167 3809 2240 3874 Si
2285 3810 2463 3873 enim
2513 3829 2639 3890 ego
2688 3804 3006 3870 contristo

1817 3895 2000 3961 vos⁷:
2035 3897 2180 3980 quis
2201 3908 2300 3961 est
2325 3897 2436 3980 qui
2458 3917 2566 3960 me
2591 3893 2858 3959 letificet
2883 3893 3004 3954 nisi

1817 3986 1928 4068 qui
1961 3988 2383 4050 contristatur
2407 4007 2494 4048 ex
2527 4005 2652 4048 me.

1819 4079 1883 4152 ([
1929 4075 2276 4138 Dominica
2309 4073 2429 4156 iiij.

1821 4163 2116 4227 sabbato.
2179 4163 2301 4227 Ad
2325 4174 2630 4246 vesperas,
2707 4161 2751 4224 I
2748 4182 2788 4223 n
2821 4178 3012 4222 evan-

2057 4331 2074 4358 ⁴
2109 4345 2230 4379 nos:
2267 4327 2491 4377 E.G.W.

2053 4397 2072 4425 ⁸
2105 4395 2318 4444 nostris:
2355 4394 2580 4444 E.G.w.

2056 4463 2075 4490 ⁸
2109 4461 2300 4511 Statui:
2339 4461 2468 4509 E.G.

2057 4531 2072 4556 ²
2116 4533 2128 4556 ‘
2149 4527 2228 4576 et'
2255 4526 2385 4576 add:
2423 4527 2646 4578 E.G.W.
