3375 5100
1681 280 1957 337 SABBA
1971 280 2072 337 TO

1151 388 1310 447 849

611 507 716 564 est
745 506 978 565 venter
1009 516 1196 562 meus
1225 518 1240 563 :
1287 517 1328 561 a
1359 516 1524 561 voce
1555 505 1816 561 contre-

615 597 926 653 muerunt
957 586 1134 650 labia
1169 606 1337 651 mea.
1383 586 1815 668 Ingrediatur

615 677 899 760 putredo
918 678 986 739 in
1009 676 1270 739 ossibus
1301 676 1506 739 meis:
1553 684 1621 738 et
1653 673 1805 737 sub-

614 776 717 829 ter
749 786 855 829 me
901 772 1171 830 scateat.
1275 763 1368 828 Ut
1399 764 1808 845 requiescam

615 856 681 918 in
703 856 812 919 die
831 853 1276 917 tribulationis
1303 873 1318 916 :
1360 860 1428 916 et
1451 851 1809 916 ascendam

614 944 702 1007 ad
735 943 1058 1026 populum
1092 941 1463 1005 accinctum
1489 951 1808 1006 nostrum.

611 1032 816 1097 Ficus
847 1032 1024 1095 enim
1057 1049 1190 1093 non
1238 1029 1535 1094 florebit:
1583 1038 1651 1092 et
1674 1048 1811 1092 non

614 1120 740 1184 erit
757 1139 1026 1203 germen
1052 1120 1120 1182 in
1137 1118 1363 1182 vineis
1439 1118 1531 1181 M
1526 1118 1814 1181 entietur

611 1229 782 1292 opus
813 1208 1027 1273 olive:
1074 1216 1142 1270 et
1170 1227 1330 1270 arva
1352 1225 1488 1269 non
1534 1206 1812 1269 afferent

613 1298 857 1361 cibum.
948 1294 1440 1360 Abscindetur¹
1491 1295 1577 1358 de
1601 1294 1758 1358 ovili
1790 1295 1815 1331 ²

612 1405 855 1469 pecus:
901 1394 972 1447 et
1012 1404 1146 1447 non
1177 1384 1302 1447 erit
1331 1391 1709 1447 armentum
1744 1382 1811 1446 in

613 1472 1015 1557 presepibuS.
1089 1472 1250 1555 Ego
1309 1481 1534 1535 autem
1581 1471 1648 1534 in
1692 1470 1814 1535 do-

616 1563 798 1627 mino
857 1561 1210 1643 gaudebo:
1257 1568 1326 1625 et
1367 1559 1692 1623 exultabo
1744 1560 1811 1623 in

613 1652 744 1715 deo
773 1650 936 1733 Jesu
991 1670 1159 1714 meo,
1249 1648 1438 1713 Deus
1498 1648 1813 1713 dominus

615 1738 934 1804 fortitudo
985 1758 1176 1803 mea:
1222 1747 1292 1801 et
1351 1745 1556 1820 ponet
1607 1736 1814 1820 pedes

611 1847 796 1893 meos
829 1826 1018 1910 quasi
1041 1845 1399 1891 cervorum.
1486 1826 1587 1890 Et
1615 1845 1816 1908 super

611 1916 880 1981 excelsa
911 1935 1062 1979 mea
1104 1915 1390 1981 deducet
1420 1934 1529 1979 me
1559 1914 1811 1979 victor:

611 2006 678 2069 in
700 2004 975 2088 psalmis
1007 2003 1406 2069 canentem.¹¹
1452 2004 1588 2067 Ar'i.
1668 2004 1811 2067 Do-

611 2095 792 2158 mine
836 2092 1058 2157 audivi
1130 2093 1432 2158 auditum
1493 2100 1686 2155 tuum
1740 2099 1810 2155 et

609 2184 820 2247 timui.
909 2182 1050 2246 Αῆ.
1173 2180 1254 2244 In
1329 2187 1657 2263 tympano
1733 2188 1803 2245 et

611 2271 813 2335 choro
862 2270 929 2333 in
978 2269 1242 2333 chordis
1271 2278 1340 2332 et
1384 2288 1636 2351 organo
1667 2266 1809 2332 lau-

611 2361 770 2423 date
889 2358 1115 2423 deum.
1237 2366 1339 2441 pf.
1481 2356 1805 2421 Laudate.

617 2446 822 2525 Capit.
889 2446 1227 2529 Vigilate.⁴
1477 2446 1804 2527 Hymnus.

609 2538 950 2671 Etema
981 2536 1103 2601 celi
1136 2533 1390 2618 gloria³
1420 2534 1619 2599 beata
1651 2555 1805 2618 spes

765 2626 1156 2690 mortalium.
1248 2623 1404 2689 celsi
1501 2624 1802 2688 tonantis

609 2716 802 2780 unice
855 2723 1167 2796 casteque
1225 2712 1444 2797 proles
1517 2711 1807 2796 virginis

608 2803 722 2868 Da
753 2804 1104 2867 dexteram
1151 2801 1574 2883 surgentibus
1606 2821 1803 2865 exur-

608 2901 728 2974 gat
757 2902 824 2955 et
871 2910 1060 2956 mens
1111 2891 1332 2955 sobria
1384 2889 1805 2973 flagransque

611 2982 678 3044 in
739 2977 1005 3044 laudem
1055 2979 1162 3043 dei
1206 2987 1430 3062 grates
1483 2979 1807 3061 rependat

608 3069 888 3134 debitas,
983 3067 1184 3133 Ortus
1240 3067 1523 3150 refulget
1577 3067 1809 3132 lucifer

607 3156 1266 3241 sparsamquelucem
1289 3157 1560 3221 nunciat
1570 3156 1807 3220 cadat⁶

608 3247 824 3332 caligo
873 3245 1166 3312 noctium
1227 3245 1348 3309 lux
1401 3253 1632 3310 sancta
1685 3264 1807 3308 nos

610 3335 954 3400 illuminet.
1043 3335 1473 3418 Manensque
1563 3333 1805 3396 nostris

609 3425 912 3489 sensibus
971 3431 1239 3488 noctem
1275 3421 1552 3505 repellat
1598 3420 1804 3486 seculi

607 3514 925 3596 omnique
955 3511 1087 3576 fine
1110 3511 1243 3576 diei
1273 3518 1559 3594 purgata
1587 3519 1807 3574 servet

575 3607 898 3686 pectora.
995 3599 1268 3680 Quesita
1311 3599 1452 3682 jam
1515 3599 1804 3681 primum

607 3691 775 3757 fides
818 3689 1070 3755 radicet
1117 3689 1270 3754 altis
1318 3688 1658 3752 sensibus:
1706 3707 1805 3752 se-

601 3780 823 3845 cunda
841 3799 994 3863 spes
1013 3777 1434 3862 congaudeat
1457 3785 1526 3840 et
1543 3775 1568 3816 ⁷
1592 3775 1809 3857 major

607 3879 802 3934 extat
832 3869 1090 3933 caritas.
1177 3867 1334 3932 Deo
1387 3865 1578 3950 patri.
1623 3882 1673 3951 7
1720 3865 1803 3930 In

703 4052 718 4083 ¹
757 4049 1094 4101 Abscidetur:
1127 4048 1260 4100 E.G.
1269 4049 1352 4100 W.
1363 4047 1414 4100 S.

700 4119 724 4217 ἶ
755 4115 1475 4232 ῗῗιὲἒῗῗιῗῗῗξᾶᾱὲεβ
1499 4179 1534 4231 s

703 4255 722 4284 ⁴
761 4254 776 4279 ⁸
789 4209 842 4299 Ᾰ
867 4197 1086 4298 Domine
1108 4263 1172 4297 ne
1195 4247 1246 4297 in
1271 4217 1343 4296 ira
1377 4217 1528 4311 usqice
1541 4216 1622 4295 ‘aa'
1646 4245 1801 4310 quad-

601 4317 895 4396 rqgesimam
917 4314 1115 4379 quando
1135 4314 1192 4363 de
1213 4321 1348 4362 sexta
1369 4313 1512 4402 seri?
1533 4313 1711 4405 agifur
1727 4312 1801 4428 cg·

598 4392 736 4546 εἶφ’
747 4378 1629 4563 ἒῖέῗῗῗξιῖἕεῖῗὲἐῖἔὲἴ“ἑ.ὃῗᾰ·
1653 4379 1721 4428 E·
1780 4414 1794 4428 ·

752 4530 812 4564 ca
848 4529 866 4562 ι
909 4531 922 4562 =
1007 4548 1018 4563 .
1080 4549 1092 4563 .

2428 391 2587 447 830

1917 496 2279 563 matutinis.
2324 497 2459 563 Αῆ.
2509 499 2633 563 Per
2652 498 2909 564 viscera
2930 500 3119 565 mise-

1916 586 2195 650 ricordie
2243 586 2352 650 dei
2412 588 2659 653 nostri:
2734 588 2803 651 in
2881 591 3118 671 quibus

1913 674 2204 738 visitavit
2237 695 2357 739 nos
2388 676 2605 739 oriens
2636 696 2725 740 ex
2756 677 2915 743 alto,
3004 680 3115 743 Pr.

1916 762 2335 827 Benedictus,

1918 851 2205 915 Sabbata
2232 852 2331 915 ad
2345 852 2727 919 matutinas.

1914 939 2403 1005 Invitatorium.
2496 942 2869 1006 Dominum
2910 942 3111 1008 deum

1914 1038 2231 1094 nostrum.
2276 1029 2521 1095 Venite
2550 1031 2924 1097 adoremus.
3014 1043 3112 1115 pf.

1914 1116 2205 1182 Venite.⁸
2786 1120 3109 1202 Hymnus.

2036 1225 2262 1269 umme
2322 1206 2487 1271 deus
2535 1206 2892 1273 clementie
2922 1231 3111 1279 mun-

2025 1294 2227 1376 dique
2287 1293 2498 1359 sactor
2564 1296 2873 1361 machine
2942 1320 3111 1363 unus

1912 1384 2365 1465 potentialiter
2394 1384 2735 1469 trinusque
2754 1388 3113 1468 personali-

1912 1480 2029 1535 ter.
2120 1472 2411 1537 Nostros
2440 1473 2585 1556 pios
2604 1473 2629 1511 ⁹
2660 1480 2812 1539 cu'm
2840 1477 3113 1540 canticis

1914 1558 2110 1625 fletus
2141 1561 2427 1643 benigne
2466 1561 2726 1644 suscipe
2756 1584 2893 1647 quo
2916 1568 3111 1629 corde

1914 1669 2084 1731 puro
2106 1649 2412 1714 sordibus
2442 1660 2510 1714 te
2543 1650 2961 1733 perfruamur
2990 1652 3115 1717 lar-

1916 1737 2081 1820 gius,
2171 1737 2477 1803 Lumbos
2514 1737 2833 1823 jecurque
2864 1743 3113 1805 morbi-

1914 1826 2078 1889 dum
2138 1826 2343 1891 adure
2385 1827 2521 1910 igni
2550 1828 2595 1865 ¹⁰
2660 1848 2963 1913 congruo
3008 1853 3111 1896 ac-

1914 1913 2114 1979 cincti
2148 1924 2221 1979 ut
2258 1916 2391 1981 sint
2440 1918 2766 2000 perpetim
2798 1918 2971 1983 luxu
3016 1942 3115 1983 re·-

1913 2012 2100 2067 moto
2120 2004 2429 2087 pessimo·
2526 2006 2622 2071 Ut
2641 2007 2891 2089 quique
2914 2008 3115 2073 horas

1912 2093 2209 2157 noctium
2224 2112 2397 2157 nunc
2405 2095 2866 2161 concinnendo
2879 2096 2921 2135 ¹¹
2938 2119 3117 2161 rum-

1912 2180 2135 2262 pimus
2152 2182 2347 2245 donis
2371 2182 2569 2247 beate
2591 2185 2803 2265 patrie
2822 2186 3118 2252 ditemur

1912 2288 2147 2333 omnes
2168 2270 2445 2335 affatim.
2464 2271 2707 2337 Presta
2717 2284 2927 2355 pater.
2947 2277 3117 2340 Pffi¹²

1922 2358 2255 2492 Caritate
2299 2360 2575 2424 domino
2627 2364 2963 2428 canticum
2998 2385 3119 2429 no-

2026 2466 2183 2510 vum
2213 2468 2228 2512 :
2317 2448 2476 2530 quia
2548 2449 2877 2515 mirabilia
2940 2453 3117 2518 fecit.

1914 2534 2221 2600 Salvavit
2283 2536 2411 2602 sibi
2473 2536 2759 2605 dextera
2806 2540 2995 2624 ejus:
3044 2553 3115 2606 et

1910 2624 2253 2689 brachium
2274 2635 2579 2691 sanctum
2604 2627 2769 2710 ejus.
2840 2631 3111 2695 Notum

1910 2713 2065 2777 fecit
2098 2713 2409 2778 dominus
2438 2714 2728 2782 salutare
2758 2739 2993 2784 suum:
3044 2721 3111 2784 in

1910 2812 2270 2884 conspectu
2302 2805 2603 2885 gentium
2627 2807 2945 2872 revelavit
2968 2809 3115 2891 jus-

1905 2890 2124 2954 titiam
2184 2911 2395 2956 suam.
2514 2893 2935 2960 Recordatus
3010 2907 3113 2961 est

1909 2979 2353 3046 misericordie
2384 3002 2533 3046 sue:
2580 2994 2648 3047 et
2670 2985 2970 3048 veritatis
2991 3007 3114 3050 sue

1908 3067 2138 3133 domui
2203 3070 2411 3134 israel.
2520 3069 2844 3136 Viderunt
2874 3093 3115 3138 omnes

1906 3157 2170 3220 termini
2201 3165 2373 3221 terre
2402 3157 2689 3223 salutare
2719 3162 2829 3225 dei
2858 3165 3073 3226 nostri
3100 3187 3115 3228 :

1902 3243 2185 3326 jubilate
2234 3246 2363 3310 deo
2422 3249 2639 3312 omnis
2689 3258 2907 3315 terra:
2952 3273 3117 3316 can-

1906 3340 2051 3397 tate
2124 3342 2193 3398 et
2266 3335 2567 3398 exultate
2656 3346 2726 3401 et
2822 3339 3117 3422 psallite.

1907 3420 2192 3487 Psallite
2248 3422 2524 3487 domino
2584 3424 2650 3488 in
2710 3427 2993 3509 cythara
3045 3432 3113 3493 in

1910 3510 2187 3593 cythara
2217 3521 2286 3576 et
2315 3531 2479 3577 voce
2499 3513 2781 3596 psalmi:
2825 3516 2895 3579 in
2926 3519 3114 3582 tubis

1906 3598 2267 3664 ductilibus
2304 3610 2373 3664 et
2402 3621 2566 3666 voce
2599 3603 2758 3666 tube
2788 3608 3118 3670 cornue.¹³

1914 3687 2224 3762 Jubilate
2254 3689 2321 3752 in
2354 3701 2712 3774 conspectu
2767 3695 2942 3776 regis
2990 3697 3113 3760 do-

1909 3777 2111 3841 mini:
2158 3787 2505 3842 moveatur
2552 3799 2732 3843 mare
2776 3791 2847 3845 et
2896 3783 3115 3866 pleni-

1906 3865 2076 3930 tudo
2106 3865 2293 3949 ejus:
2337 3868 2519 3931 orbis
2548 3876 2871 3934 terrarum
2904 3882 2977 3936 et
2996 3875 3115 3958 qui

2003 4050 2025 4145 ζ
2058 4063 2149 4163 1313
2168 4047 2475 4164 ὸῗιζιίᾜὲοηέ
2487 4047 2657 4164 {cira
2690 4131 2846 4181 usque
2868 4120 2943 4168 ad
2956 4123 3121 4185 quad·

1904 4181 2197 4259 ragtst‘marfz
2218 4181 2417 4245 quando
2430 4181 2495 4266 ‘dc
2515 4181 2707 4230 sabbato
2728 4185 2909 4272 agitur
2922 4187 3129 4238 dic-thar

1902 4247 1975 4296 ad
1992 4254 2269 4298 matutmas
2288 4263 2487 4312 sequens
2503 4247 2743 4311 Hymnus
2798 4251 2907 4300 add
2918 4269 2937 4301 :
2984 4255 3046 4304 G.

1984 4315 2020 4409 ’ἶ
2054 4313 2366 4430 ἷὲῗιῖἰηξίἓὲ
2391 4397 2403 4412 ·
2440 4379 2488 4430 G
2510 4381 2547 4432 s
2706 4315 2744 4346 ι’
2778 4317 2933 4382 ἱμεῗ
2972 4320 3119 4373 E'G’

1984 4445 2025 4542 :⁸¹
2046 4452 2124 4562 {g
2121 4445 2357 4562 nigei}
2372 4446 2431 4497 G.
2498 4448 2685 4512 xcviyz:
2708 4449 2765 4501 S.
