3375 5100
708 335 722 351 .
756 339 772 354 .
811 340 853 372 ⁰.
882 336 958 387 0⁰:
987 341 1210 421 ···.·‡-,³
1586 353 1695 410 [Ν
1730 352 2003 412 FESTO

542 570 732 634 nobis
793 589 1172 652 quesumus.
1262 569 1593 634 Memoria
1649 567 1733 633 de

537 670 756 722 sancto
794 659 1100 741 johanne.
1189 667 1295 722 αῆ.
1363 659 1538 723 Ecce
1599 677 1727 740 ego

531 747 859 830 johannes
890 748 1025 810 vidi
1047 748 1288 810 ostium
1321 756 1624 829 apertum
1657 747 1723 810 in

539 836 720 900 celo:
771 845 840 900 et
885 855 1037 899 ecce
1083 836 1272 898 sedes
1317 836 1536 918 posita
1582 844 1727 899 erat

538 925 606 988 in
667 945 787 988 eo:
849 933 918 986 et
979 923 1048 986 in
1109 925 1332 988 medio
1405 925 1582 988 sedis
1657 932 1727 987 et

539 1014 606 1075 in
668 1013 940 1075 circuitu
1001 1011 1145 1092 ejus
1209 1021 1525 1094 quattuor
1586 1013 1725 1075 ani-

539 1101 740 1164 malia
771 1099 968 1182 plena
999 1101 1204 1164 oculis
1237 1109 1391 1163 ante
1421 1109 1489 1164 et
1519 1115 1725 1165 retro:

537 1197 606 1252 et
660 1188 912 1252 dabant
960 1189 1238 1270 gloriam
1285 1198 1354 1252 et
1406 1188 1726 1252 honorem

537 1286 606 1339 et
652 1276 1178 1340 benedictionem
1227 1278 1483 1340 sedenti
1530 1297 1727 1360 super

535 1364 849 1428 thronum
880 1365 1125 1428 viventi
1167 1366 1234 1428 in
1279 1365 1498 1430 secula
1543 1386 1727 1430 secu-

537 1452 766 1517 lorum.
909 1471 958 1540 γ
1025 1454 1244 1517 Valde
1301 1453 1727 1518 honorandus

534 1561 679 1605 cum
712 1541 879 1606 all’a.
1477 1541 1723 1607 Oratio.

535 1630 991 1762 Ecclesiam
1097 1638 1282 1693 tuam
1365 1649 1725 1712 quesumus

687 1719 957 1782 domine
1039 1717 1364 1801 benignus
1431 1718 1724 1783 illustra:

538 1816 615 1870 ut
645 1806 826 1870 beati
853 1806 1163 1888 johannis
1211 1807 1491 1889 apostoli
1523 1809 1622 1870 tui
1655 1816 1725 1871 et

537 1895 981 1977 evangelistae
1002 1895 1369 1959 illuminata
1387 1896 1724 1960 doctrinis:

535 1985 623 2046 ad
685 1986 866 2047 dona
918 1984 1259 2066 perveniat
1303 1985 1724 2066 sempiterna.

539 2071 663 2136 Per
695 2072 1047 2137 Christum.
1139 2073 1470 2137 Memoria
1498 2073 1579 2135 de
1608 2093 1725 2136 na-

533 2161 808 2226 tivitate.
929 2169 1032 2224 ar‘i.
1112 2162 1176 2224 Ν
1182 2162 1432 2225 esciens
1494 2170 1723 2225 mater.

535 2265 582 2337 γ
635 2250 988 2332 Tanquam
1049 2270 1349 2332 sponsuS.

537 2339 848 2402 Concede
879 2358 1252 2420 quesumus

535 2431 600 2505 ΕΙ
641 2427 728 2489 In
755 2427 862 2490 die
887 2426 1101 2490 sancti
1114 2426 1435 2508 joliannis
1460 2426 1730 2507 apostoli

527 2524 594 2578 et
633 2516 1017 2598 evangeliste
1070 2515 1164 2579 ad
1202 2517 1565 2579 matutinas
1624 2515 1724 2579 in-

533 2603 934 2667 vz‘latorium.
1052 2602 1430 2667 Adoremus
1499 2624 1723 2685 regem

531 2692 999 2774 apostolorum.
1175 2692 1308 2775 Qui
1384 2692 1727 2775 privilegio

531 2780 776 2843 amoris
798 2780 1161 2863 johannem
1193 2780 1430 2843 dilexit
1459 2790 1725 2863 aposto-

532 2868 690 2931 lum.
835 2878 934 2950 pff.
1024 2869 1280 2932 Venite.
1417 2868 1729 2950 Hymnus

532 2956 787 3020 Eterna
848 2956 1090 3021 Christi
1152 2977 1437 3021 munera.
1560 2958 1648 3020 In
1680 2958 1737 3040 j

530 3055 833 3109 nocturno
863 3054 968 3108 αὴ.
1019 3044 1355 3127 Johannes
1387 3046 1727 3129 apostolus

532 3144 600 3196 et
633 3134 1039 3216 evangelista
1067 3134 1252 3215 virgo
1284 3144 1384 3197 est
1416 3135 1661 3199 electus
1684 3156 1727 3199 a

531 3222 802 3286 domino
823 3232 1022 3304 atque
1054 3223 1224 3286 inter
1240 3234 1490 3287 ceteros
1514 3224 1727 3307 magis

531 3310 822 3375 dilectus,
901 3321 999 3391 pff.
1048 3311 1190 3376 Celi
1224 3322 1545 3376 enarrant.
1619 3322 1725 3377 αῆ.

532 3398 783 3483 Super¹
835 3410 1064 3483 pectus
1124 3401 1376 3463 domini
1421 3400 1580 3481 Jesu
1627 3422 1725 3463 re-

531 3489 886 3553 cumbens:
933 3488 1257 3571 evangelii
1319 3488 1566 3553 fluenta
1639 3490 1727 3552 de

529 3577 674 3660 ipso
697 3598 882 3642 sacro
905 3578 1218 3642 dominici
1238 3578 1522 3660 pectoris
1539 3577 1724 3641 fonte

529 3668 800 3750 potavit.
907 3676 1007 3749 pf.
1087 3667 1496 3731 Benedictus.
1615 3674 1723 3728 αῆ.

531 3756 739 3839 Quasi
773 3777 941 3819 unus
972 3756 1056 3819 de
1103 3755 1390 3837 paradisi
1437 3754 1721 3818 flumini-

527 3844 652 3908 bus
697 3845 1104 3927 evangelista
1155 3844 1484 3927 johannes
1537 3843 1719 3907 verbi

529 3932 635 3996 dei
695 3934 976 4015 gratiam
1038 3934 1106 3996 in
1182 3943 1325 3997 toto
1397 3943 1717 3997 terrarum

528 4022 689 4085 orbe
719 4022 997 4085 diffudit.
1074 4030 1174 4103 pff.
1223 4022 1580 4085 Eructavit.
1673 4039 1721 4109 y

529 4109 610 4174 In
644 4128 930 4172 omnem.
1434 4109 1646 4173 Lectio
1655 4111 1717 4192 j.

525 4201 624 4331 l
628 4196 923 4260 ohannes
954 4195 1293 4279 apostolus
1338 4205 1405 4260 et
1437 4219 1719 4280 evange-

627 4285 778 4349 lista
810 4286 980 4349 filius
1006 4284 1267 4349 zebedei
1287 4284 1486 4349 frater
1497 4287 1718 4369 jacobi

523 4376 714 4459 virgo
743 4384 845 4439 est
890 4376 1137 4439 electus
1177 4393 1219 4437 a
1263 4375 1574 4439 domino:
1619 4385 1720 4440 at·

1475 2249 1724 2314 Oratio,

657 4582 674 4615 ¹
709 4596 877 4647 supra:
913 4580 971 4630 E.
984 4578 1136 4631 G.w.
1422 4582 1442 4611 ²
1475 4592 1635 4629 sacro:
1671 4580 1734 4629 G.

2356 465 2495 520 104

1826 589 1957 652 quc
1990 572 2159 635 inter
2186 579 2440 635 ceteros
2482 571 2693 654 magis
2724 569 3023 637 dilectus.

1830 657 1963 740 Qui
2012 661 2215 722 etiam
2261 681 2461 742 supra
2506 669 2737 742 pectus
2767 662 3023 724 domini

1826 757 1895 810 et
1952 749 2245 830 magistri
2302 748 2367 812 in
2414 769 2577 813 cena
2632 749 3024 814 recumbens

1831 837 2153 916 evangelii
2232 837 2331 899 sui
2405 835 2655 900 fluenta
2726 837 2813 901 de
2874 839 3023 921 ipso

1828 925 2031 986 sacri²
2053 923 2363 988 dominici
2387 926 2668 1007 pectoris
2694 924 2877 989 fonte
2904 947 3023 1008 po-

1827 1013 2037 1076 tavit:
2084 1021 2151 1076 et
2181 1013 2369 1096 quasi
2406 1033 2575 1076 unus
2616 1015 2700 1078 de
2732 1013 3020 1095 paradisi

1829 1099 2251 1166 fluminibus:
2296 1101 2479 1165 verbi
2502 1103 2607 1165 dei
2640 1103 2920 1184 gratiam
2953 1103 3023 1165 in

1826 1197 1972 1253 toto
2002 1199 2321 1254 terrarum
2352 1191 2511 1253 orbe
2542 1191 2821 1254 diffudit.
2898 1191 3019 1254 Re.

1826 1277 2041 1342 Valde
2116 1279 2539 1342 honorandus
2612 1288 2711 1342 est
2786 1278 3023 1343 beatus

1818 1364 2149 1447 johannes
2199 1367 2315 1450 qui
2368 1388 2567 1449 supra
2616 1377 2846 1449 pectus
2900 1367 3023 1430 do-

1828 1454 1989 1518 mini
2064 1455 2131 1518 in
2206 1475 2370 1519 cena
2445 1453 2755 1520 recubuit.
2892 1455 3020 1520 Cui

1830 1541 2126 1607 Christus
2169 1543 2237 1607 in
2274 1563 2461 1608 cruce
2503 1553 2781 1607 matrem
2822 1544 3019 1626 virgi-

1826 1650 1979 1693 nem
2052 1633 2285 1712 virgini
2362 1632 2867 1696 commendavit.
2966 1631 3021 1707 Ϋ

1828 1719 2069 1782 Mulier
2099 1741 2250 1783 ecce
2295 1720 2466 1784 filius
2508 1731 2661 1783 tuus
2702 1721 2787 1783 ad
2826 1720 3024 1784 disci-

1826 1807 2057 1889 pulum
2128 1819 2352 1872 autem
2414 1829 2567 1872 ecce
2631 1818 2845 1872 mater
2900 1818 3022 1872 tua

1828 1895 1971 1961 Cui.
2706 1897 2925 1960 Lectio
2946 1898 3018 1979 if.

1836 1984 2159 2152 Quique
2191 1985 2257 2047 in
2290 1984 2436 2049 loco
2469 1984 2752 2050 Christi:
2794 1984 3021 2051 Chris-

1961 2083 2033 2136 to
2089 2072 2367 2154 jubente
2431 2073 2783 2137 successit:
2858 2075 3017 2137 dum

1824 2162 2184 2244 suscipiens
2230 2170 2509 2225 matrem
2558 2161 2854 2242 magistri
2884 2161 3021 2224 dis-

1824 2250 2110 2331 cipulus:
2165 2270 2285 2332 par
2344 2259 2495 2332 post
2552 2249 2887 2316 Christum
2922 2250 3018 2312 al-

1825 2347 1928 2401 ter
1977 2339 2478 2421 quodammodo
2531 2338 2885 2402 derelictus
2915 2349 3018 2403 est

1825 2425 2011 2490 filius,
2109 2427 2241 2490 Hic
2296 2427 2455 2490 dum
2508 2427 2573 2491 in
2626 2428 2768 2491 asia
2819 2447 3017 2491 evan-

1823 2514 2068 2597 gelium
2103 2515 2345 2580 Christi
2388 2516 2785 2597 predicaret:
2830 2537 2871 2579 a
2900 2516 3021 2579 do-

1826 2605 2109 2666 miciano
2128 2624 2348 2668 cesare
2368 2604 2432 2667 in
2466 2604 2775 2687 pathmos
2807 2604 3021 2669 insula

1825 2692 2099 2755 metallo
2173 2694 2547 2775 relegatur:
2628 2693 2742 2756 ubi
2814 2694 3019 2756 etiam

1826 2782 2079 2863 positus
2184 2781 2635 2864 apocalypsim
2740 2782 3019 2865 scripsit.

1826 2870 1941 2933 Re.
1994 2869 2071 2933 In
2106 2869 2216 2933 illa
2246 2870 2355 2933 die
2398 2871 2751 2952 suscipiam
2788 2880 2855 2933 te
2885 2891 3017 2933 ser-

1826 2978 1983 3021 vum
2026 2978 2292 3022 meum:
2345 2968 2414 3022 et
2458 2979 2704 3041 ponam
2742 2968 2811 3022 te
2846 2960 3019 3023 sicut

1825 3046 2236 3129 signaculum
2300 3047 2366 3110 in
2434 3057 2791 3130 conspectu
2848 3067 3017 3112 me0.

1828 3134 2162 3217 Quoniam
2208 3156 2334 3217 ego
2374 3135 2543 3218 elegi
2588 3147 2656 3200 te
2700 3136 2859 3200 dicit
2900 3136 3014 3199 do-

1828 3224 2058 3287 minus,
2152 3222 2202 3297 Ῠ
2252 3225 2331 3288 In
2369 3224 2799 3287 tribulacione
2832 3225 3015 3287 invo-

1825 3314 1986 3375 casti
2022 3332 2128 3397 me
2158 3336 2171 3377 :
2219 3322 2286 3375 et
2316 3314 2626 3376 exaudivi
2659 3322 2725 3375 te
2756 3323 2824 3376 et
2856 3312 3015 3375 libe·

1826 3402 1961 3464 ravi
1993 3411 2077 3464 te.
2170 3400 2523 3485 Quoniam.
2672 3400 2887 3464 Lectio
2916 3402 3013 3483 iij.

1820 3490 2342 3622 Domicianus
2447 3499 2669 3552 autem
2776 3490 3013 3553 eodem

1978 3599 2153 3642 anno
2228 3599 2361 3661 quo
2439 3578 2635 3659 jussit
2710 3587 3012 3642 sanctum

1814 3664 2178 3746 johannem
2256 3667 2590 3731 exiliari³z
2667 3688 2708 3730 a
2776 3676 3011 3730 senatu

1821 3775 2093 3818 romano
2126 3755 2503 3818 interfectus
2534 3764 2649 3819 est.
2728 3755 2820 3819 Et
2850 3776 3012 3837 quo-

1820 3846 2000 3907 niam
2056 3845 2182 3907 deo
2220 3864 2373 3909 cura
2418 3843 2541 3906 fuit
2586 3844 2671 3907 de
2708 3844 3013 3926 apostolo

1818 3953 1975 3996 suo:
2023 3953 2110 3995 ex
2157 3934 2359 3996 totius
2402 3941 2667 3995 senatus
2708 3932 3012 3996 consultu

1818 4022 1945 4085 hoc
1996 4022 2349 4084 diffinitum
2407 4031 2525 4097 est,
2570 4030 2644 4083 ut
2696 4021 3011 4104 quicquid

1818 4112 2229 4173 domIcianus
2275 4110 2411 4173 fieri
2465 4110 2673 4172 voluit
2726 4129 3013 4173 cassare-

1816 4207 1937 4263 tur.
2036 4199 2212 4263 Hinc
2244 4199 2489 4262 facturn
2516 4208 2615 4260 est
2642 4208 2711 4260 ut
2744 4208 3013 4262 sanctus

1811 4288 2136 4370 johannes
2184 4308 2332 4350 cum
2380 4288 2627 4350 honore
2675 4286 2758 4349 ad
2810 4286 3011 4369 ephe·

1823 4397 1969 4441 sum
2018 4386 2353 4441 remearet.
2462 4376 2578 4439 Re.
2629 4376 3012 4440 Similitudo

2020 4582 2039 4609 ⁸
2072 4578 2285 4629 exulari:
2324 4578 2381 4627 E.
2458 4578 2702 4627 Exulare:
2739 4578 2801 4627 G.
