3375 5100
503 335 610 391 IN
645 335 914 391 FESTO
963 334 1279 390 SANCTJ
1319 333 1765 389 STEPHANI
1802 333 2592 390 PROTHOMARTYRJS.

846 444 947 500 93

290 555 490 685 Da
541 550 733 614 nobis
793 570 1150 632 quesumus
1197 535 1480 613 domine

449 640 688 704 imitari
720 638 900 742 quod
939 639 1214 702 colimus
1245 647 1319 700 ut
1347 637 1482 700 dis-

293 750 522 793 camus
553 739 620 792 et
650 729 950 792 inimicos
979 727 1294 806 diligere:
1327 727 1483 808 quia

293 819 436 899 ejus
497 815 807 880 natalicia
865 814 1312 879 celebramus:
1367 814 1482 896 qui

293 907 478 970 novit
507 907 710 970 etiam
756 903 908 986 pro¹
955 903 1482 986 persecutoribus

293 1014 573 1058 exorare
601 1015 618 1058 ε
667 991 1012 1057 dominum
1044 1002 1342 1055 nostrum
1373 991 1482 1071 Je-

293 1103 444 1147 sum
479 1081 815 1147 Christum
842 1080 1044 1144 filium
1072 1089 1279 1144 tuum.
1351 1079 1484 1163 Qui

291 1182 517 1237 tecum
548 1171 710 1234 vivit
740 1179 808 1234 et
839 1177 1088 1252 regnat.

295 1265 360 1340 ([
406 1261 494 1322 In
551 1258 659 1322 die
715 1258 927 1322 sancti
991 1255 1298 1338 stephani.
1398 1254 1497 1319 ad

291 1347 658 1411 matutinas
680 1346 1132 1411 invitatorium
1151 1345 1484 1410 Christum

295 1446 529 1501 natum
572 1435 685 1518 qui
729 1435 999 1500 beatum
1061 1433 1259 1497 hodie
1303 1453 1486 1497 coro-

293 1526 479 1589 navit
507 1524 923 1606 stephanum.
986 1523 1227 1587 Venite
1257 1522 1486 1584 adore-

297 1634 462 1677 mus.
511 1621 610 1694 pf.
637 1613 894 1676 Venite.
925 1609 1248 1692 Hymnus.
1298 1610 1484 1673 Deus

295 1713 562 1767 tuorum
684 1702 770 1763 In
799 1700 1018 1782 primo
1048 1709 1350 1762 nocturno
1377 1719 1483 1762 an.

294 1795 630 1923 Beatus
649 1787 1050 1871 stephanus
1024 1789 1167 1870 Jugi
1189 1786 1353 1869 legis
1375 1787 1483 1850 dei

443 1878 875 1942 meditatione
935 1878 1278 1940 roboratus
1337 1884 1482 1938 tan-

296 1987 501 2051 quam
551 1966 802 2048 lignum
851 1964 1253 2028 fructiferum
1293 1984 1482 2027 secus

297 2055 684 2119 salutarium
739 2073 1055 2136 aquarum
1105 2052 1480 2135 plantatum

297 2145 648 2208 decursus:
712 2142 996 2206 fructum
1061 2141 1353 2222 martyrii
1413 2141 1480 2203 in

298 2243 598 2315 tempore
641 2251 763 2296 suo
806 2231 993 2294 dedit
1037 2228 1305 2312 primus
1379 2238 1482 2311 pf.

301 2323 546 2396 Beatus
593 2323 705 2384 vir.
796 2327 901 2382 aii.
966 2318 1380 2384 Constitutus
1441 2339 1484 2381 a

298 2412 427 2474 deo
459 2409 828 2491 predicator
851 2415 1309 2490 preceptorum
1341 2405 1481 2488 ejus

300 2501 366 2563 in
398 2498 636 2563 timore
677 2505 907 2561 sancto
939 2495 1030 2560 illi
1061 2495 1300 2559 servire
1346 2503 1483 2559 stu-

296 2589 486 2652 duit:
518 2587 862 2670 officioque
892 2584 1173 2648 fideliter
1216 2592 1484 2666 peracto

299 2678 364 2740 in
397 2684 624 2740 monte
668 2684 899 2738 sancto
945 2673 1085 2755 ejus
1129 2673 1482 2737 ascendere

297 2766 538 2846 dignus
573 2763 712 2827 fuit.
787 2772 888 2846 pff.
936 2762 1160 2845 Quare
1203 2760 1484 2824 fremue-

299 2862 462 2919 runt.
509 2860 615 2915 aii.
640 2852 718 2914 In
742 2850 1168 2915 tribulatione
1185 2848 1480 2931 lapidum

295 2963 368 3005 se
407 2941 846 3024 prementium
871 2939 1122 3021 positus
1155 2938 1338 3001 milia
1367 2957 1484 3020 po-

297 3030 437 3114 puli
482 3050 555 3092 se
599 3028 1038 3093 circundantis
1082 3046 1216 3090 non
1262 3026 1484 3090 timuit

296 3120 453 3202 quia
475 3126 920 3199 susceptorem
941 3135 1133 3179 suum
1154 3115 1384 3196 Jesum
1410 3124 1486 3179 ut

297 3206 486 3270 eum'
515 3205 769 3269 salvum
795 3204 1039 3268 faceret
1061 3222 1385 3285 exurgere
1415 3204 1481 3266 in

296 3295 438 3359 celo
467 3294 650 3358 vidit.
725 3302 824 3375 ps':
865 3292 1154 3356 Domine
1183 3291 1362 3373 quid.
1433 3307 1484 3377 γ

299 3384 524 3448 Gloria
572 3392 640 3445 et
685 3379 952 3444 honore.
1041 3380 1272 3445 Sermo
1315 3378 1488 3443 beati

295 3470 640 3555 augustini
663 3470 938 3552 episcopi.
1195 3468 1410 3531 Lectio
1421 3468 1484 3550 j.

295 3562 654 3693 Fratres
701 3556 1060 3622 charissimi
1108 3556 1484 3622 Celebravi-

448 3668 596 3711 mus
641 3648 948 3710 hesterna
995 3646 1102 3709 die
1152 3644 1482 3709 natalem:

294 3757 428 3819 quo
448 3737 734 3800 eximius
766 3745 1133 3817 martyrum
1153 3744 1348 3797 natus
1381 3742 1480 3797 est

295 3826 361 3889 in
441 3825 733 3888 mundo:
809 3823 1008 3887 hodie
1075 3821 1484 3886 celebramus

295 3913 632 3977 natalem:
679 3932 813 3995 quo
858 3912 1262 3994 primicerius
1311 3931 1484 3974 mar-

292 4012 516 4083 tyrum
625 4002 930 4084 migravit
1026 4020 1116 4063 ex
1215 4000 1484 4063 mundo,

291 4090 669 4174 Oportebat
743 4098 966 4153 autem
1043 4097 1119 4151 ut
1193 4089 1480 4170 primum

287 4178 682 4243 immortalis
700 4179 1057 4260 susciperet
1075 4196 1340 4239 carnem
1361 4196 1482 4258 pro

287 4267 719 4331 mortalibus:
788 4276 855 4330 et
916 4266 1066 4330 ideo
1126 4275 1321 4328 natus
1379 4274 1481 4327 est

282 4357 597 4420 dominus
620 4357 688 4418 in
709 4354 960 4418 mundo
983 4376 998 4417 t
1021 4363 1095 4419 ut
1122 4364 1486 4416 moreretur

522 4500 534 4529 ¹
575 4495 739 4546 ‘suis‘
762 4494 884 4544 add:
918 4492 980 4543 G.

519 4567 540 4595 ²
577 4562 736 4613 ‘eum'
761 4578 858 4612 om.
890 4578 904 4611 ε
931 4558 1077 4609 E.w.
1121 4574 1209 4622 pro
1240 4562 1252 4584 ⁸
1272 4571 1385 4605 eum
1406 4554 1418 4576 '
1438 4571 1512 4605 se:
1539 4556 1603 4605 G.

2132 444 2231 497 94

1583 569 1706 630 pro
1765 568 1992 612 servo:
2070 568 2155 612 ne
2226 569 2451 612 servus
2510 549 2777 615 timeret

1583 637 1750 699 mori
1772 657 1891 718 pro
1909 637 2198 701 domino.
2248 637 2357 702 Re.
2391 637 2773 720 Stephanus

1582 733 1809 789 autem
1853 725 2087 808 plenus
2134 727 2348 809 gratia
2396 736 2463 790 et
2513 726 2772 791 fortitu-

1583 814 1755 877 dine.
1832 815 2148 879 Faciebat
2168 813 2467 897 prodigia
2490 824 2558 879 et
2581 817 2773 899 signa

1585 922 1829 984 magna
1886 903 1953 966 in
2016 902 2279 985 populo,
2370 920 2418 989 γ
2478 903 2571 967 Et
2635 924 2767 968 non

1581 999 1891 1072 poterant
1938 993 2237 1055 resistere
2308 993 2636 1074 sapiencie
2701 1003 2768 1058 et

1583 1079 1839 1160 spiritui
1879 1100 2014 1163 quo
2045 1079 2452 1163 loquebatur.
2543 1081 2768 1146 Facie-

1583 1166 1717 1230 bat.
2456 1169 2669 1233 Lectio
2700 1171 2767 1253 ij.

1581 1257 1917 1388 Natus
1948 1266 2051 1320 est
2084 1256 2383 1323 Christus
2428 1257 2495 1321 in
2540 1261 2770 1323 terris:

1770 1354 1844 1408 ut
1880 1346 2240 1428 stephanus
2282 1356 2657 1410 nasceretur
2700 1348 2768 1411 in

1585 1431 1757 1495 celiS.
1873 1433 2217 1517 Ingressus
2286 1444 2387 1499 est
2462 1436 2771 1499 dominus

1584 1522 1945 1586 mundum:
1977 1531 2052 1585 ut
2081 1522 2441 1604 stephanus
2471 1523 2769 1606 ingrede-

1585 1618 1764 1672 retur
1797 1609 2030 1675 celum.
2118 1611 2322 1676 Altus
2368 1613 2453 1676 ad
2494 1612 2772 1676 humilia
2830 1655 2839 1662 -

1581 1697 1963 1763 descendit:
2032 1708 2102 1762 ut
2163 1699 2429 1764 humilis
2488 1701 2571 1764 ad
2636 1702 2773 1764 alta

1581 1786 1980 1851 ascenderet.
2053 1789 2255 1852 Filius
2285 1789 2392 1852 dei
2425 1787 2636 1852 factus
2668 1800 2772 1854 est

1582 1872 1753 1938 filius
1801 1873 2085 1939 hominis
2136 1886 2209 1940 ut
2262 1876 2435 1940 filius
2483 1877 2769 1941 hominis

1580 1961 1768 2026 fieret
1823 1962 1994 2027 filius
2054 1964 2178 2029 dei.
2268 1965 2382 2029 Re.
2428 1965 2770 2030 Videbant

1580 2070 1813 2114 omnes
1862 2051 2259 2135 stephanum
2304 2053 2418 2136 qui
2464 2063 2651 2118 erant
2700 2056 2767 2118 in

1579 2139 1905 2203 concili0.⁸
1958 2139 2048 2202 Et
2067 2140 2493 2205 intuebantur
2507 2141 2765 2206 vultum

1579 2227 1721 2307 ejus
1809 2237 2127 2310 tanquam
2210 2229 2465 2293 vultum
2547 2231 2765 2312 angeli

1579 2316 1818 2379 stantis
1850 2315 2021 2380 inter
2049 2318 2210 2381 illos,
2300 2335 2348 2404 γ
2384 2318 2767 2401 Stephanus

1578 2413 1805 2468 autem
1854 2405 2087 2486 plenus
2133 2407 2348 2488 gratia
2392 2415 2461 2472 et
2508 2406 2768 2471 sortitu-

1580 2493 1737 2558 dine
1789 2492 2073 2559 faciebat
2119 2495 2423 2580 prodigia
2466 2504 2533 2560 et
2577 2495 2767 2579 signa

1582 2602 1831 2665 magna
1896 2582 1966 2646 in
2026 2584 2294 2667 populo,
2385 2586 2479 2649 Et
2552 2585 2765 2649 intue-

1581 2670 1837 2735 bantur.
2427 2674 2641 2737 Lectio
2669 2674 2768 2757 izj.

1580 2761 1850 2892 Eya⁴
1895 2770 2123 2827 sancte
2150 2762 2475 2844 stephane
2504 2762 2610 2825 dic
2648 2761 2768 2826 ali-

1729 2849 1889 2932 quid
1927 2849 2146 2932 judeis
2186 2860 2258 2914 ut
2300 2850 2571 2935 incipias
2604 2850 2767 2933 lapi-

1581 2936 1767 3000 dari:
1813 2946 1881 3001 et
1934 2938 2144 3021 possis
2193 2940 2397 3003 etiam
2450 2941 2767 3005 coronari.

1582 3024 1714 3088 Dic
1742 3024 1991 3108 aliquid
2038 3028 2125 3091 de
2164 3048 2245 3091 eo
2294 3028 2478 3111 cujus
2522 3048 2767 3097 nomen

1582 3112 1820 3177 nolunt
1894 3116 2134 3179 audire.
2246 3117 2373 3180 Dic
2432 3117 2527 3180 eis
2584 3117 2765 3199 quod

1582 3200 1744 3264 nihil
1804 3210 1906 3267 est
1964 3205 2143 3285 quod
2196 3199 2533 3269 fecerunt:
2603 3207 2766 3270 vivit

1578 3309 1779 3372 quem
1811 3292 2207 3357 occiderunt.
2284 3294 2411 3358 Dic
2440 3294 2536 3357 eis
2562 3316 2577 3357 ε
2609 3296 2767 3376 quia

1579 3378 1803 3442 vidisti
1836 3381 1919 3444 ad
1966 3381 2312 3444 dexteram
2350 3383 2555 3463 patris
2584 3392 2766 3445 stan-

1580 3474 1765 3531 tem:
1811 3488 2009 3549 quem
2064 3471 2397 3533 irriserunt
2448 3472 2513 3533 in
2572 3490 2765 3534 cruce

1581 3556 2001 3637 pendentem.
2138 3558 2229 3621 Et
2308 3556 2419 3621 ille
2500 3559 2763 3641 inquit:

1583 3643 1760 3707 Ecce
1777 3645 1975 3708 video
1999 3645 2173 3709 celos
2204 3655 2467 3726 apertos
2495 3666 2510 3710 :
2542 3655 2609 3710 et
2639 3645 2765 3708 fili-

1581 3752 1695 3795 um
1748 3732 2034 3797 hominis
2086 3743 2376 3797 stantem
2419 3754 2460 3797 a
2508 3734 2763 3797 dextris

1580 3820 1707 3883 dei.
1766 3820 1876 3883 Re.
1914 3821 2335 3903 Lapidabant
2366 3822 2761 3904 stephanum

1581 3907 2002 3972 invocantem
2064 3918 2131 3973 et
2184 3910 2531 3975 dicentem.
2626 3913 2767 3975 Do-

1583 3997 1762 4060 mine
1809 3998 1965 4078 Jesu
2023 3998 2284 4063 Christe
2325 3999 2549 4081 accipe
2580 4002 2765 4083 spiri-

1580 4094 1724 4148 tum
1758 4106 1978 4149 meum
2002 4095 2068 4149 et
2094 4108 2176 4151 ne
2207 4096 2459 4153 statuas
2492 4089 2617 4152 illis
2642 4090 2768 4153 hoc

1582 4182 1945 4255 peccatum.
2034 4176 2169 4239 Iste
2238 4198 2461 4241 versus
2531 4177 2777 4241 dicetur

1585 4262 1652 4325 in
1728 4263 1836 4325 die
1906 4274 2181 4329 tantum.
2271 4284 2319 4351 y
2397 4267 2580 4330 Inter
2650 4268 2773 4330 hec

1563 4350 1843 4414 'frendet
1905 4355 2191 4435 populus
2244 4355 2311 4417 in
2373 4354 2770 4438 stephanum

1810 4488 2091 4538 ⁸consilio:
2128 4488 2187 4539 E.
2196 4488 2259 4538 G.
2266 4488 2351 4539 W.

1813 4554 1959 4617 ⁴Eja
1984 4570 1993 4601 :
2030 4556 2093 4607 G.
