3375 5100
1174 290 1429 347 FERJA
1490 290 1798 347 TERTIA
1853 288 1978 344 AD
2019 288 2568 345 MAYUTJNAS.

1146 400 1301 457 789

608 514 917 571 sanctum
946 514 1141 571 tuum
1174 526 1258 571 ne
1298 506 1557 571 auferas
1601 526 1643 570 a
1684 524 1812 571 me.

609 595 851 661 Redde
922 595 1086 659 mihi

604 685 744 749 tui:
820 693 890 749 et
949 684 1183 768 spiritu
1244 684 1590 769 principali
1652 704 1810 748 con-

606 770 797 836 firma
846 792 967 837 me.
1044 772 1329 837 Docebo
1374 774 1635 856 iniquos
1666 774 1809 837 vias

602 870 793 925 tuas:
840 871 907 925 et
952 862 1140 945 impii
1186 864 1271 926 ad
1313 871 1381 925 te
1420 870 1808 925 converten-

602 959 726 1016 tur.
818 950 1063 1014 Libera
1110 970 1218 1014 me
1256 952 1343 1015 de
1374 950 1808 1032 sanguinibus

602 1039 769 1102 deus
800 1038 965 1103 deus
1000 1038 1233 1103 salutis
1280 1058 1471 1103 mee:
1516 1049 1584 1102 et
1612 1039 1808 1103 exul-

600 1127 773 1191 tabit
804 1127 1033 1210 lingua
1064 1148 1213 1191 mea
1238 1126 1567 1209 justitiam
1597 1136 1806 1193 tuam.

598 1214 897 1279 Domine
949 1216 1127 1279 labia
1180 1236 1331 1279 mea
1380 1217 1681 1297 aperies:
1735 1226 1804 1280 et

599 1322 677 1365 os
742 1324 965 1367 meum
1040 1304 1472 1368 annunciabit
1532 1304 1800 1367 laudem

596 1400 803 1455 tuam.
887 1391 1215 1472 Quoniam
1246 1393 1301 1456 si
1332 1392 1651 1457 voluisses
1697 1413 1803 1457 sa·-

600 1480 916 1545 orificium
948 1482 1320 1545 dedissem:
1354 1482 1583 1563 utique
1612 1481 1802 1545 holo-

596 1570 843 1633 caustis
880 1589 1013 1633 non
1048 1569 1498 1634 delectaberis,
1576 1570 1800 1634 Sacri·

594 1656 819 1721 ficium
880 1660 1011 1723 deo
1062 1658 1329 1741 spiritus
1396 1658 1800 1723 contribula-

593 1754 733 1810 tus:
764 1766 879 1810 cor
901 1747 1257 1811 contritum
1283 1756 1352 1811 et
1372 1746 1796 1811 humiliatum

592 1834 757 1898 deus
790 1856 922 1899 non
954 1835 1294 1919 despicies.
1356 1835 1659 1919 Benigne
1691 1836 1797 1901 fac

592 1923 862 1988 domine
922 1924 989 1988 in
1052 1925 1231 1987 bona
1279 1924 1623 1987 voluntate
1676 1933 1796 1988 tua

590 2032 761 2093 syon
787 2034 803 2078 :
848 2021 922 2076 ut
954 2012 1344 2077 edificentur
1374 2014 1543 2076 muri
1576 2013 1796 2077 hieru-

588 2101 816 2165 salem.
904 2102 1089 2167 Tunc
1120 2102 1501 2184 acceptabis
1544 2100 1792 2164 sacrifi·-

588 2192 765 2253 cium
792 2189 1048 2272 justitie
1091 2188 1464 2254 oblationes
1504 2198 1573 2253 et
1603 2189 1795 2253 holo-

586 2286 865 2342 causta:
938 2288 1099 2342 tunc
1174 2279 1521 2361 imponent
1594 2298 1793 2361 super

588 2366 797 2430 altare
829 2376 1017 2430 tuum
1050 2366 1334 2431 vitulos¹
1430 2367 1792 2431 psalmus!

724 2456 835 2519 uid
874 2456 1175 2539 gloriaris
1223 2457 1287 2519 in
1320 2454 1625 2519 malicia:
1670 2454 1788 2539 qui

723 2555 959 2627 potens
990 2566 1061 2609 es
1092 2546 1158 2609 in
1190 2543 1556 2628 iniquitate.
1616 2544 1790 2610 Tota

584 2633 695 2696 die
740 2634 1139 2715 injusticiam
1193 2635 1513 2716 cogitavit
1560 2633 1788 2718 lingua

584 2729 703 2784 tua
730 2743 745 2786 ε
792 2723 963 2786 sicut
996 2723 1317 2786 novacula
1348 2731 1543 2786 acuta
1574 2721 1785 2788 fecisti

582 2810 830 2873 dolum.
878 2810 1199 2875 Dilexisti
1224 2811 1555 2874 maliciam
1588 2831 1788 2896 super

582 2897 1097 2980 benignitatem:
1128 2900 1542 2981 iniquitatem
1572 2901 1786 2982 magis

582 3006 787 3069 quam
820 2985 1000 3069 loqui
1032 2989 1413 3070 equitatem.
1464 2987 1784 3052 Dilexisti

582 3075 809 3139 omnia
838 3077 1041 3140 verba
1072 3077 1629 3159 precipitationis:
1662 3076 1786 3140 lin-

582 3185 716 3246 gua
746 3165 995 3229 dolosa.
1073 3166 1443 3247 Propterea
1475 3166 1638 3228 deus
1670 3165 1786 3229 de·-

583 3262 793 3317 struet
838 3264 907 3317 te
952 3255 1017 3317 in
1052 3252 1251 3317 finem
1282 3275 1297 3319 :
1348 3253 1585 3318 evellet
1619 3262 1685 3317 te
1715 3263 1785 3318 et

582 3343 935 3424 emigrabit
958 3352 1027 3408 te
1057 3342 1141 3406 de
1165 3343 1595 3407 tabernaculo
1624 3352 1784 3407 tuo:

581 3440 650 3494 et
682 3433 970 3496 radicem
1016 3442 1203 3496 tuam
1235 3432 1321 3495 de
1352 3440 1528 3495 terra
1555 3430 1784 3494 viven-

578 3520 767 3584 tium.
861 3521 1205 3585 Videbunt
1249 3519 1411 3602 justi
1462 3528 1529 3584 et
1587 3521 1784 3583 time·

580 3608 792 3672 bunt:
839 3618 906 3672 et
937 3631 1134 3691 super
1174 3629 1328 3672 eum
1373 3609 1684 3672 ridebunt
1715 3617 1784 3673 et

578 3698 847 3763 dicent:
894 3717 1048 3762 ecce
1088 3699 1292 3760 homo
1338 3697 1451 3780 qui
1498 3716 1631 3760 non
1665 3717 1784 3779 po-

579 3788 713 3849 suit
744 3788 942 3850 deum
974 3786 1347 3869 adjutorem
1374 3805 1583 3850 suum.
1636 3787 1778 3850 Sed

579 3877 871 3955 speravit
923 3876 989 3938 in
1046 3875 1471 3939 multitudine
1519 3875 1780 3938 divitia-

578 3983 726 4026 rum
802 3985 1107 4030 suarum:
1184 3971 1251 4026 et
1312 3963 1637 4046 prevaluit
1709 3964 1778 4028 in

574 4052 876 4116 vanitate
919 4073 1055 4117 sua.
1144 4053 1305 4135 Ego
1351 4062 1575 4115 autem
1606 4051 1778 4116 sicut

575 4140 754 4205 oliva
812 4141 1145 4206 fructifera
1204 4143 1271 4205 in
1323 4140 1529 4204 domo
1580 4141 1779 4206 dei³:

676 4305 690 4334 ¹
734 4309 748 4333 ‘
772 4304 948 4353 Gloria
1004 4305 1146 4369 patri.
1234 4304 1341 4354 Asi.
1394 4303 1631 4354 Miserere
1676 4302 1776 4353 mei

574 4371 697 4422 deus
722 4371 735 4395 ’
768 4370 903 4420 add:
941 4371 1072 4420 E.G.

674 4441 695 4468 ⁸
718 4445 795 4502 pf.
828 4447 920 4500 51?
954 4439 1019 4486 E.
1037 4438 1093 4486 G.
1168 4437 1259 4486 1ι·..·
1294 4437 1345 4486 S.

670 4507 692 4536 ³
724 4503 917 4554 domini
943 4521 955 4553 :
992 4503 1125 4554 E.G.

2437 398 2598 453 790

1911 502 2175 587 speravi
2241 502 2308 567 in
2371 504 2838 569 misericordia
2909 506 3030 571 dei
3089 509 3148 571 in

1160 596 1441 661 letitiam
1504 595 1814 660 salutaris
1915 602 2216 655 eternum
2279 601 2349 655 et
2410 594 2476 655 in
2539 594 2854 658 seculum
2927 598 3146 660 seculi.

1915 678 2298 749 confitebor
2341 682 2464 745 tibi
2511 683 2576 744 in
2627 684 2952 747 seculum
2993 688 3144 768 quia

1910 770 2176 834 fecisti:
2252 780 2320 834 et
2401 772 2790 852 expectabo
2893 794 3142 837 nomen

1909 866 2100 922 tuum
2173 859 2490 941 quoniam
2552 860 2814 924 bonum
2887 874 2999 927 est
3077 866 3138 926 in

1909 956 2270 1029 conspectu
2339 958 2724 1011 sanctorum
2807 956 3136 1015 tuorum*

1905 1036 2043 1099 Ανῑ.
2099 1036 2286 1099 Deus
2325 1036 2602 1099 deorum
2657 1037 2997 1104 dominus
3049 1041 3136 1103 lo-

1905 1132 2100 1187 cutus
2129 1134 2248 1188 est.
2339 1141 2388 1210 γ
2436 1125 2726 1187 Immola
2759 1127 2908 1190 deo
2937 1132 3132 1193 sacri-

1907 1210 2130 1275 ficium
2192 1212 2425 1277 laudis.
2527 1214 2676 1276 Re.³
2757 1214 2858 1278 Et
2929 1220 3130 1281 redde

1903 1301 2232 1364 altissimo
2282 1311 2442 1365 vota
2495 1310 2628 1365 tua.
2749 1302 3130 1369 Veri—aulus

1899 1388 2290 1453 sacerdotis-,⁶
2323 1390 2476 1453 Fiat
2499 1390 2976 1457 misericordia
2997 1406 3122 1459 tua„

1901 1477 1986 1541 In
2015 1478 2338 1543 laudibus.

1899 1575 2006 1631 αῆ.
2063 1568 2448 1632 Secundum
2493 1586 2816 1649 magnam
2873 1571 3122 1635 miseri·

1899 1655 2196 1719 cordiam
2217 1666 2402 1719 tuam
2431 1656 2744 1719 miserere
2771 1661 2914 1721 mei
2943 1662 3120 1725 deus

1896 1743 2218 1807 psalmus
2261 1744 2591 1808 Miserere.
2625 1748 2765 1809 Αῆ.
2803 1746 3120 1813 Salutate

1897 1832 2122 1896 vultus
2175 1834 2306 1897 mei
2359 1842 2430 1896 et
2473 1834 2640 1896 deus
2691 1854 2916 1900 meus.
3013 1840 3116 1902 ΡΞ.

1895 1918 2138 2001 Judica
2181 1941 2288 1985 me
2327 1922 2510 1985 deus,
2577 1930 2688 1985 αῆ.
2763 1922 3009 1990 sitivit
3057 1929 3114 1989 in

1896 2017 1968 2071 te
2019 2010 2245 2073 anima
2296 2030 2448 2073 mea
2499 2010 2668 2074 deus
2717 2032 2942 2079 meus,
3019 2024 3117 2115 ptr}

1899 2097 2084 2161 Deus
2113 2100 2280 2163 deus
2313 2118 2514 2161 meus,
2989 2104 3116 2186 pi!

1891 2188 2088 2319 Eg
2043 2208 2130 2269 go
2175 2187 2360 2251 dixi:
2407 2187 2474 2249 in
2513 2186 2800 2251 dimidio
2843 2190 3112 2256 dierum

2043 2294 2340 2339 meorum
2399 2276 2644 2339 vadam
2707 2278 2802 2340 ad
2883 2292 3114 2360 porta

1893 2362 2102 2427 inferi.
2201 2363 2468 2443 Quesivi
2515 2364 2856 2429 residuum
2899 2388 3112 2433 anno-

1893 2472 2038 2515 rum
2087 2472 2430 2516 meorum·
2414 2503 2429 2516 .
2494 2453 2637 2515 dixi
2687 2474 2826 2517 non
2859 2458 3112 2522 videbo

1891 2540 2238 2606 dominum
2285 2544 2486 2607 deum
2535 2543 2604 2605 in
2649 2550 2834 2608 terra
2879 2548 3112 2611 viven-

1889 2631 2076 2695 tium.
2165 2631 2327 2694 Non
2384 2631 2700 2713 aspiciam
2751 2632 3108 2700 hominem

1891 2718 2106 2784 ultra:
2167 2728 2237 2783 et
2309 2719 2758 2783 habitatorem
2837 2725 3106 2804 quietis.

1895 2807 2252 2872 Generatio
2326 2827 2478 2872 mea
2551 2808 2782 2872 ablata
2859 2824 2973 2877 est
3039 2825 3106 2877 et

1889 2897 2246 2960 convoluta
2292 2907 2394 2961 est
2443 2917 2484 2960 a
2534 2917 2685 2961 me:
2749 2903 2950 2980 quasi
3001 2911 3105 2966 ta-

1889 2983 2318 3049 bernaculum
2363 2993 2724 3067 pastorum.
2818 2987 3102 3054 Precisa

1888 3083 1992 3136 est
2037 3073 2221 3137 velut
2273 3095 2316 3138 a
2365 3083 2644 3138 texente
2702 3075 2844 3139 vita
2899 3098 3101 3144 mea:

1885 3163 2050 3226 dum
2083 3163 2300 3226 adhuc
2343 3163 2594 3226 ordirer
2635 3165 2926 3228 succidit
2973 3189 3098 3232 me.

1885 3250 1998 3315 De
2071 3271 2266 3314 mane
2327 3271 2538 3333 usque
2595 3253 2684 3316 ad
2747 3273 3099 3335 vesperam

1887 3337 2078 3403 finies
2129 3359 2280 3404 me.
2267 3361 2282 3375 ·
2337 3341 2690 3422 sperabam
2735 3361 2958 3443 usque
3009 3347 3098 3410 ad

1887 3447 2087 3492 mane
2117 3429 2306 3512 quasi
2339 3428 2444 3492 leo
2480 3431 2575 3493 sic
2603 3431 2918 3494 contrivit
2953 3453 3098 3497 om-

1886 3519 1998 3580 nia
2039 3537 2192 3580 ossa
2237 3536 2403 3581 mea.
2493 3517 2604 3581 De
2649 3539 2850 3582 mane
2879 3541 3102 3604 usque

1883 3608 1970 3669 ad
2031 3625 2376 3688 vesperam
2439 3603 2627 3669 finies
2687 3626 2844 3672 me:
2921 3611 3100 3675 sicut

1885 3694 2104 3778 pullus
2151 3694 2584 3776 hyrundinis.
2635 3695 2728 3757 sic
2775 3695 3098 3763 clamabo

1884 3782 2260 3847 meditabor
2319 3793 2392 3846 ut
2449 3783 2776 3848 columba.
2883 3788 3094 3852 Atte-

1882 3873 2070 3937 nuati
2128 3881 2283 3935 sunt
2332 3872 2504 3935 oculi
2565 3873 2746 3936 mei:
2809 3877 3096 3958 suspici-

1881 3972 2069 4025 entes
2119 3961 2184 4024 in
2234 3959 2518 4024 excelso,
2607 3961 2905 4027 Domine
2949 3967 3104 4032 vim

1881 4051 2100 4132 patior
2153 4049 2482 4132 responde
2533 4069 2655 4131 pro
2707 4069 2856 4114 me:
2921 4055 3105 4136 quid*

1881 4140 2100 4204 dicam
2127 4147 2242 4202 aut
2271 4138 2432 4221 quid
2459 4138 2890 4220 respondebit
2923 4143 3090 4208 mihi

1912 4303 1930 4333 ⁴
1970 4306 1986 4330 ‘
2009 4300 2186 4350 Gloria
2202 4299 2364 4365 patri'
2399 4299 2500 4350 add
2526 4315 2539 4351 :
2573 4299 2707 4352 EG.

1912 4372 1932 4398 ⁸
1971 4373 1986 4396 ⁴
2003 4367 2111 4416 Re.’
2134 4383 2228 4417 om.
2246 4381 2264 4415 .·
2298 4367 2350 4416 S.

1910 4437 1934 4466 ί
1953 4441 2052 4512 prq
2079 4439 2093 4462 ‘
2107 4449 2236 4512 ⁸vers.
2266 4431 2470 4483 sacerd.’
2503 4433 2638 4482 Ante
2660 4434 2831 4484 lauelcs
2845 4449 2865 4484 .·
2897 4437 2969 4488 E.
2978 4439 3036 4489 G.

1910 4505 1928 4530 ⁷
1969 4503 2139 4549 ‘Esaee
2161 4499 2250 4563 38’
2273 4501 2401 4548 add:
2423 4499 2557 4549 EG.
2588 4501 2713 4549 ‘Esa
2733 4505 3004 4568 xxxmy.'.·
3023 4507 3079 4558 S.
