3375 5100
1513 366 1638 422 AD
1677 364 1791 421 LA
1802 365 2037 421 UDES.

1099 474 1258 531 929

560 582 1140 667 superexaltemus
1193 602 1347 647 eum
1397 582 1464 646 in
1517 581 1761 647 secula.

557 672 964 736 Benedictus
994 692 1066 735 es
1110 672 1381 735 domine
1425 672 1492 733 in
1540 671 1763 734 firma-

561 770 792 824 mento
805 759 959 823 celi:
984 769 1052 823 et
1072 757 1422 823 laudabilis
1433 768 1502 823 et
1520 760 1762 842 glorio-

559 870 672 912 sus
692 858 762 912 et
790 848 1327 931 superexaltatus
1357 848 1423 911 in
1455 848 1717 911 secula.¹
1738 848 1763 884 ²

556 938 760 1070 M
773 936 1126 1020 agnificat:
1174 938 1399 1000 anima
1459 956 1608 999 mea
1639 936 1761 999 do-

743 1028 1017 1090 minum.
1106 1025 1204 1089 Et
1250 1024 1578 1089 exultavit
1627 1025 1763 1107 spi-

558 1112 722 1177 ritus
755 1133 986 1179 meus:
1033 1114 1099 1176 in
1133 1114 1261 1177 deo
1279 1112 1550 1177 salutari
1587 1132 1757 1177 meo.

564 1200 738 1279 Quia
797 1203 1090 1285 respexit
1149 1201 1593 1265 humilitatem
1639 1221 1762 1264 an-

555 1291 709 1354 cille
767 1312 925 1355 sue:
971 1310 1126 1355 ecce
1185 1291 1364 1355 enim
1424 1310 1514 1353 ex
1588 1288 1761 1353 hac⁸

557 1379 826 1443 beatam
876 1398 983 1442 me
1028 1380 1253 1443 dicent
1297 1398 1528 1441 omnes
1557 1398 1759 1461 gene-

559 1468 866 1531 rationeS.
936 1466 1106 1546 Quia
1135 1466 1292 1531 fecit
1325 1466 1486 1529 mihi
1513 1485 1759 1548 magna

556 1556 671 1637 qui
703 1566 941 1639 potens
986 1564 1131 1619 est:
1177 1563 1246 1618 et
1289 1564 1594 1619 sanctum
1641 1574 1759 1617 no-

561 1664 712 1707 men
747 1643 904 1726 ejus.
997 1644 1092 1707 Et
1137 1642 1584 1706 misericordia
1613 1642 1757 1724 ejus

555 1752 598 1795 a
631 1732 946 1814 progenie
977 1734 1042 1796 in
1077 1732 1469 1815 progenies:
1517 1732 1759 1795 timen-

558 1821 742 1884 tibus
772 1841 945 1885 eum.
1033 1821 1224 1885 Fecit
1279 1820 1652 1903 potentiam
1686 1821 1755 1883 in

556 1908 828 1973 brachio
867 1930 1028 1974 suo:
1073 1908 1384 1992 dispersit
1433 1908 1757 1991 superbos

555 2007 787 2062 mente
819 1999 1036 2061 cordis
1062 1998 1177 2062 sui.
1270 1996 1603 2080 Deposuit
1635 2017 1757 2079 po-

553 2094 772 2150 tentes
835 2088 920 2151 de
980 2086 1180 2150 sede:
1269 2093 1338 2150 et
1429 2084 1756 2149 exaltavit

552 2174 854 2239 humiles.
988 2174 1380 2238 Esurientes
1455 2174 1755 2255 implevit

555 2263 751 2327 bonis
779 2287 796 2327 :
849 2272 917 2327 et
949 2264 1190 2327 divites
1220 2262 1474 2325 dimisit
1505 2262 1753 2328 inaneS.

555 2350 872 2435 Suscepit
926 2351 1118 2416 israel
1173 2370 1450 2433 puerum
1511 2369 1754 2415 suum:

551 2441 932 2505 recordatus
979 2439 1423 2503 misericordie
1453 2458 1588 2503 sue.
1639 2438 1753 2503 Si-

548 2538 664 2593 cut
696 2527 954 2594 locutus
985 2538 1087 2594 est
1119 2528 1204 2592 ad
1237 2538 1460 2610 patres
1491 2537 1754 2592 nostros

553 2618 880 2682 abraham
894 2628 962 2682 et
986 2617 1222 2681 semini
1245 2615 1386 2698 ejus
1407 2617 1472 2679 in
1483 2616 1750 2680 secula.⁴

546 2709 695 2840 B
711 2707 1050 2770 enedictus
1061 2705 1370 2769 dominus
1391 2705 1554 2768 deus
1611 2704 1753 2788 [ρέ.Β

695 2795 925 2859 israel:
973 2795 1130 2877 quia
1173 2794 1464 2857 visitavit
1495 2802 1566 2857 et
1594 2793 1752 2858 fecit

547 2883 1074 2966 redemptionem
1138 2881 1348 2964 plebis
1407 2901 1541 2945 sue.
1648 2883 1751 2946 Et

548 2973 766 3036 erexit
816 2991 1018 3036 cornu
1079 2969 1312 3034 salutis
1365 2971 1602 3034 nobis:
1680 2971 1748 3033 in

549 3060 756 3124 domo
809 3061 1010 3125 david
1066 3059 1250 3143 pueri
1311 3059 1429 3122 sui.
1553 3057 1751 3122 Sicut

545 3148 806 3213 locutus
869 3158 968 3212 est
1021 3167 1139 3231 per
1197 3167 1272 3211 os
1324 3155 1747 3211 sanctorum:

543 3238 658 3319 qui
692 3259 732 3301 a
784 3236 1008 3301 seculo
1053 3245 1209 3299 sunt
1269 3235 1747 3319 prophetarum

545 3326 708 3408 ejus.
802 3324 1110 3389 Salutem
1144 3345 1234 3388 ex
1283 3323 1564 3388 inimicis
1597 3343 1749 3386 nos-

543 3416 701 3478 tris:
749 3423 816 3478 et
877 3415 963 3478 de
1025 3433 1226 3477 manu
1277 3413 1576 3476 omnium
1631 3411 1748 3494 qui

542 3503 829 3566 oderunt
903 3522 1042 3566 nos,
1179 3501 1296 3564 Ad
1367 3499 1745 3565 faciendam

544 3591 1061 3656 misericordiam
1089 3609 1240 3654 cum
1261 3588 1562 3672 patribus
1595 3608 1750 3651 nos-

546 3680 702 3744 tris:
750 3689 818 3744 et
843 3679 1194 3743 memorari
1226 3679 1610 3742 testamenti
1641 3677 1743 3740 sui

541 3769 768 3832 sancti.
870 3767 1358 3848 Jusjurandum
1413 3765 1598 3848 quod
1637 3765 1746 3848 ju·

541 3857 712 3922 ravit
766 3857 852 3922 ad
903 3855 1220 3920 abraham
1271 3864 1530 3938 patrem
1591 3873 1745 3918 nos-

540 3956 754 4010 trum:
829 3946 1142 4010 daturum
1204 3963 1276 4007 se
1338 3943 1546 4007 nobis.
1650 3942 1745 4007 Ut

537 4037 683 4098 sine
714 4035 950 4098 timore
981 4035 1066 4098 de
1092 4052 1294 4096 manu
1325 4031 1743 4096 inimicorum

641 4173 654 4203 ¹
698 4170 924 4220 ‘Amen’
958 4169 1094 4219 add:
1130 4169 1264 4219 EG.

638 4240 659 4268 ⁸
693 4243 710 4266 ‘
719 4239 946 4302 psalmus
969 4252 987 4286 .·
1010 4236 1146 4284 Luce
1174 4235 1218 4283 ι’
1232 4250 1250 4284 .·
1271 4233 1339 4284 E.
1353 4232 1412 4284 G.
1459 4238 1475 4263 ‘
1493 4233 1745 4283 canticum

535 4303 666 4402 beat?
688 4306 859 4354 marie.
890 4302 1074 4368 luc-ej)
1090 4317 1108 4350 .·
1141 4301 1192 4352 S.

637 4439 658 4467 ⁴
693 4368 1094 4499 Ϋῗιὲῑὲἕζὶῗῐ
1119 4431 1255 4483 add:
1291 4431 1426 4483 ao.

636 4503 658 4532 ⁸
695 4501 936 4588 ‘’lfa-ej!
952 4517 970 4549 .·
995 4501 1062 4550 E.
1077 4499 1134 4549 G.
1171 4505 1185 4527 ⁸
1206 4499 1471 4548 Canticum
1496 4497 1736 4548 zacharie.

538 4567 672 4661 Lm:
685 4581 790 4696 ‘gv-ro:
813 4569 962 4680 ‘ad’
984 4633 1032 4678 A
1063 4648 1076 4682 ι
1111 4629 1194 4680 W.

2374 475 2535 531 930

1864 588 2241 645 nostrorum
2318 580 2619 647 liberati:
2700 584 3062 648 serviamus

1864 669 1977 733 illi.
2084 670 2170 733 In
2246 671 2600 735 sanctitate
2672 680 2744 735 et
2805 672 3065 754 justitia

1864 776 2091 822 coram
2169 758 2347 841 ipso:
2440 760 2749 824 omnibus
2824 761 3062 826 diebus

1864 848 2123 911 nostris.
2216 848 2315 911 Et
2373 856 2446 911 tu
2510 868 2675 931 puer
2735 849 3061 931 propheta

1862 935 2165 999 altissimi
2197 936 2576 1000 vocaberis:
2622 938 2865 1020 preibis
2884 940 3059 1002 enim

1864 1032 2019 1088 ante
2080 1024 2316 1087 faciem
2376 1026 2628 1088 domini
2660 1046 2893 1109 parare
2922 1028 3061 1091 vias

1860 1112 2023 1193 ejus.
2111 1112 2230 1176 Ad
2263 1112 2289 1151 ⁶
2334 1113 2631 1177 dandam
2706 1115 3053 1179 scientiam

1861 1200 2094 1264 salutis
2147 1200 2325 1283 plebi
2373 1201 2555 1283 ejus:
2601 1202 2669 1265 in
2727 1204 3059 1267 remissio-

1862 1308 2015 1351 nem
2080 1298 2505 1371 peccatorum
2568 1310 2817 1355 eorum.
2924 1292 3061 1356 Per

1860 1378 2111 1440 viscera
2136 1378 2578 1442 misericordie
2596 1380 2704 1442 dei
2718 1382 2959 1445 nostri:
2994 1382 3058 1444 in

1862 1466 2103 1547 quibus
2158 1466 2449 1530 visitavit
2512 1488 2635 1530 nos
2687 1470 2905 1533 oriens
2967 1490 3057 1532 ex

1861 1552 2017 1617 alto,
2108 1553 2503 1619 Illuminare
2527 1555 2629 1619 his
2652 1557 2764 1638 qui
2785 1558 2851 1619 in
2877 1566 3060 1620 tene-

1860 1642 1996 1705 bris
2047 1640 2165 1705 et⁷
2208 1644 2445 1707 umbra
2494 1646 2727 1708 mortis
2780 1646 3059 1711 sedent:

1858 1730 1945 1793 ad
1980 1732 2361 1813 dirigendos
2423 1732 2630 1815 pedes
2678 1743 2944 1798 nostros
2992 1736 3056 1797 in

1859 1818 2035 1882 viam
2068 1820 2295 1903 pacis!
2928 1820 3059 1904 pff?

1878 1908 2064 2041 Te
2094 1909 2295 1971 deum
2320 1907 2711 1973 laudamus:
2756 1918 2825 1973 te
2844 1910 3059 1974 domi-

2025 2016 2185 2060 num
2228 1995 2639 2061 confitemur.
2758 1998 2853 2063 Te
2884 2008 3059 2063 eter-

1858 2103 2020 2148 num
2056 2094 2315 2167 patrem
2336 2086 2556 2149 omnis
2580 2094 2754 2150 terra
2782 2108 3062 2151 venera-

1858 2182 1979 2237 tur.
2112 2173 2264 2237 Tibi
2325 2194 2559 2239 omnes
2619 2174 2887 2258 angeli:
2934 2176 3059 2241 tibi

1854 2260 1978 2325 celi
2012 2270 2080 2324 et
2110 2262 2827 2345 universe'potestateS.
2908 2265 3061 2329 Tibi

1856 2350 2171 2413 cherubin
2232 2359 2301 2414 et
2358 2351 2707 2434 seraphin:
2768 2354 3063 2417 incessa-

1857 2435 1975 2500 bili
2006 2458 2169 2503 voce
2214 2438 2647 2522 proclamant.
2743 2440 3061 2508 Sanctus.

1859 2526 2169 2592 Sanctus,
2218 2526 2511 2593 Sanctus
2542 2529 2851 2594 dominus
2866 2530 2915 2570 ¹⁰
2944 2533 3063 2597 de-

1856 2636 1933 2679 us
1980 2615 2280 2680 sabaoth.
2370 2617 2569 2681 Pleni
2622 2627 2777 2682 sunt
2816 2619 2945 2684 celi
2992 2631 3065 2688 et

1853 2713 2027 2768 terra
2075 2705 2441 2786 majestatis
2487 2705 2699 2788 glorie
2729 2717 2859 2774 tue.
2965 2709 3063 2773 Te

1852 2792 2223 2874 gloriosus:
2288 2794 2745 2876 apostolorum
2796 2797 3063 2863 chorus.

1862 2881 1958 2944 Te
1978 2881 2455 2964 prophetarum
2484 2905 2499 2947 :
2533 2883 2885 2950 laudabilis
2938 2907 3065 2950 nu-

1854 2990 2091 3061 merus,
2167 2969 2261 3033 Te
2282 2981 2694 3053 martyrum:
2738 2975 3064 3039 candida-

1854 3067 1965 3121 tus
2020 3058 2251 3122 laudat
2310 3061 2659 3124 exercitus·
2767 3062 2863 3126 Te
2914 3083 3065 3148 “r

1852 3145 2079 3210 orbem
2102 3156 2418 3211 terrarum
2452 3159 2683 3214 sancta
2702 3149 3066 3216 confltetur

1854 3236 2150 3299 ecclesia.
2225 3237 2501 3300 Patrem
2559 3237 2883 3303 immense
2916 3261 3065 3304 ma-

1848 3323 2128 3405 jestatis.
2202 3324 2666 3389 Venerandum
2699 3336 2891 3391 tuum
2948 3349 3065 3392 ve-

1856 3431 2044 3476 rum:
2092 3421 2159 3474 et
2202 3413 2469 3477 unicum
2517 3413 2743 3479 filium.
2840 3415 3067 3483 Sanc-

1854 3508 1999 3563 tum
2021 3521 2288 3583 quoque
2310 3502 2702 3584 paraclitum
2728 3504 3063 3585 spiritum.

1863 3587 1959 3652 Tu
1996 3609 2118 3652 rex
2163 3588 2372 3672 glorie
2422 3589 2703 3655 Christe.
2801 3591 2905 3659 Tu
2942 3616 3065 3678 pa-

1852 3677 2009 3741 tris:
2054 3679 2493 3760 sempiternus
2538 3699 2611 3743 es
2660 3678 2849 3746 filius,
2960 3683 3063 3746 Tu

1852 3766 1937 3828 ad
1989 3765 2403 3830 liberandum
2464 3779 2891 3851 suscepturus
2940 3771 3065 3836 ho-

1852 3855 2145 3919 minem:
2207 3875 2341 3918 non
2402 3856 2710 3920 horruisti
2767 3857 3070 3943 virginis

1850 3951 2131 4008 uterum.
2224 3943 2327 4006 Tu
2352 3943 2617 4008 devicto
2636 3947 2871 4012 mortis
2900 3969 3067 4014 acu-

1850 4028 1999 4094 leo:
2046 4031 2361 4114 aperuisti
2399 4033 2818 4099 credentibus
2850 4056 3067 4121 regna

1948 4166 1968 4194 '
2007 4167 2120 4216 ‘in'
2144 4167 2285 4218 add:
2320 4167 2603 4220 E.G.W.S.

1944 4232 1966 4263 ⁸
2002 4238 2019 4262 ‘
2044 4233 2219 4282 Gloria
2262 4233 2390 4299 patri
2436 4235 2636 4302 [E.G.].
2676 4237 2879 4288 &ratur
2924 4243 3067 4290 an&-

1838 4297 2015 4364 pbona
2035 4309 2186 4364 super
2194 4302 2453 4364 psalmum
2479 4302 2777 4353 Benedictus
2792 4311 3067 4372 uttempus

1844 4365 2005 4426 exigit
2023 4381 2137 4414 cum
2171 4368 2394 4416 oratione
2408 4367 2423 4390 ’
2454 4368 2582 4418 add:
2622 4369 2679 4418 G.

1944 4435 1965 4463 ⁸
1988 4439 2086 4496 pro
2114 4431 2237 4497 ‘pk’
2280 4434 2563 4483 cantis-um:
2597 4435 2736 4487 1326.
2782 4435 3065 4490 Canticum

1844 4497 2085 4547 ambrosii
2102 4505 2148 4547 et
2168 4500 2467 4562 augustini:
2498 4501 2550 4551 S.

1930 4565 1968 4595 ¹⁰
2008 4565 2295 4615 ‘Dominus
2320 4584 2331 4616 ε
2370 4565 2501 4616 E.G.
