3375 5100
1213 320 1337 377 AD
1384 320 1918 379 MATUTINAS.

840 428 989 487 743

309 535 501 601 orbis
519 534 724 603 adure
766 532 919 619 igne
950 534 1063 620 pio
1093 555 1383 620 purgans
1414 542 1513 599 at-

309 646 443 709 que
502 625 860 689 cremando
904 624 1209 707 probans,
1317 623 1512 687 Psal-

308 714 696 847 Diligam
727 723 796 777 te
835 714 1105 777 domine
1138 711 1266 777 sor·
1300 711 1510 795 [mus.¹

469 804 687 868 titudo
756 822 947 866 mea:
1023 802 1330 865 dominus
1406 800 1511 863 fir-

316 901 729 955 mamentum
784 910 1005 954 meum
1060 899 1129 953 et
1186 889 1511 971 refugium

314 1000 539 1043 meum
578 990 648 1043 et
677 979 987 1043 liberator
1031 998 1233 1043 meus,
1322 978 1511 1042 Deus

316 1088 506 1131 meus
550 1068 817 1149 adjutor
856 1088 1083 1131 meus:
1130 1076 1198 1131 et
1228 1067 1513 1149 sperabo

316 1156 383 1219 in
416 1176 587 1220 eum.
673 1156 1027 1220 Protector
1056 1175 1243 1219 meus
1275 1164 1341 1218 et
1370 1174 1512 1218 cor·

316 1264 407 1307 nu
468 1243 702 1309 salutis
770 1264 969 1309 mee:
1044 1253 1113 1308 et
1173 1251 1515 1325 susceptor

316 1353 522 1398 meus,
628 1332 951 1397 Laudans
1013 1332 1336 1395 invocabo
1396 1332 1515 1394 do-

317 1423 625 1487 minum:
700 1431 769 1486 et
832 1420 920 1485 ab
993 1421 1275 1484 inimicis
1348 1420 1515 1482 meis

315 1510 538 1575 salvus
576 1530 707 1575 ero·
802 1507 1375 1576 circundederunt
1407 1528 1514 1570 me

313 1599 580 1662 dolores
613 1598 845 1662 mortis
873 1619 888 1663 :
934 1606 1003 1661 et
1032 1606 1357 1661 torrentes
1388 1597 1514 1659 ini-

318 1686 591 1769 quitatis
620 1686 1179 1751 conturbaverunt
1200 1706 1323 1749 me.
1370 1686 1514 1748 Do-

316 1775 489 1839 lores
521 1774 755 1839 inferni
785 1775 1335 1839 circundederunt
1367 1794 1513 1837 me:

317 1872 925 1947 preoccupaverunt
954 1883 1063 1926 me
1092 1863 1309 1946 laquei
1343 1882 1516 1925 mor-

316 1952 420 2016 tis,
507 1952 595 2015 In
646 1951 1071 2016 tribulatione
1131 1971 1280 2014 mea
1334 1951 1515 2015 invo-

316 2040 462 2107 cavi
534 2040 933 2105 dominum:
1008 2049 1078 2103 et
1150 2040 1237 2103 ad
1313 2041 1513 2104 deum

318 2148 541 2193 meum
602 2127 899 2193 clamavi.
1009 2128 1112 2192 Et
1172 2128 1516 2192 exaudivit

314 2217 404 2280 de
469 2218 725 2300 templo
801 2224 1033 2281 sancto
1099 2236 1221 2280 suo
1281 2236 1511 2280 vocem

318 2325 582 2370 meam:
629 2315 696 2369 et
734 2304 984 2370 clamor
1026 2325 1214 2369 meus
1258 2304 1325 2368 in
1356 2325 1509 2368 con-

318 2404 549 2477 spectu
610 2393 751 2476 ejus
826 2394 1119 2458 introivit
1178 2394 1247 2458 in
1322 2414 1513 2457 aures

318 2481 476 2565 ejus,
573 2482 922 2548 Commota
980 2490 1083 2546 est
1143 2491 1210 2547 et
1258 2490 1515 2545 contre-

320 2573 489 2635 muit
547 2581 763 2636 terra:
832 2571 1266 2636 fundamenta
1327 2591 1513 2636 mon-

318 2661 485 2724 tium
540 2661 935 2758 conturbata
993 2669 1146 2724 sunt
1207 2671 1274 2723 et
1333 2680 1513 2724 com-

320 2755 507 2812 mota
557 2758 751 2813 sunt:
798 2750 1113 2832 quoniam
1168 2750 1370 2812 iratus
1414 2759 1515 2813 est

320 2837 430 2901 eis,
519 2838 849 2902 Ascendit
881 2836 1100 2901 fumus
1147 2839 1212 2901 in
1246 2838 1341 2900 ira
1371 2837 1514 2919 ejus

320 2934 389 2989 et
448 2924 619 3007 ignis
680 2947 721 2990 a
780 2925 947 2988 facie
1007 2925 1149 3007 ejus
1211 2928 1512 2990 exarsit:

319 3013 639 3079 carbones
698 3016 991 3078 succensi
1052 3023 1208 3078 sunt
1266 3014 1353 3078 ab
1414 3034 1510 3078 eo,

317 3101 676 3168 Inclinavit
706 3102 884 3166 celos
915 3111 983 3166 et
1013 3103 1357 3166 descendit
1384 3124 1399 3167 ε
1446 3112 1515 3166 et

317 3190 532 3272 caligo
561 3190 688 3254 sub
716 3191 997 3274 pedibus
1028 3190 1188 3272 ejus,
1278 3190 1377 3254 Et
1409 3212 1523 3276 as·-

319 3280 541 3342 eendit
570 3299 769 3363 super
798 3278 1109 3344 cherubin
1136 3288 1203 3343 et
1233 3280 1512 3344 volavit:

316 3365 563 3431 volavit
608 3388 808 3452 super
848 3388 1103 3451 pennas
1143 3378 1513 3433 ventorum.

318 3455 413 3519 Et
487 3456 707 3539 posuit
782 3456 1088 3521 tenebras
1163 3456 1511 3521 latibulum

317 3564 510 3607 suum
559 3545 627 3608 in
680 3545 953 3608 circuitu
1012 3544 1155 3626 ejus
1208 3545 1515 3609 taberna-

318 3631 537 3696 culum
592 3632 773 3715 ejus:
824 3633 1175 3697 tenebrosa
1222 3654 1397 3716 aqua
1447 3635 1514 3697 in

318 3721 604 3785 nubibus
661 3722 847 3786 aeriS.
944 3720 1339 3805 Prefulgure
1365 3723 1388 3759 ²
1448 3723 1515 3785 in

320 3819 676 3892 conspectu
754 3809 897 3892 ejus
972 3810 1183 3873 nubes
1244 3811 1517 3874 transie-

319 3908 513 3962 runt:
558 3898 815 3980 grando
850 3906 919 3963 et
963 3899 1282 3963 carbones
1326 3900 1513 3981 ignis,

316 3986 416 4050 Et
446 3986 735 4050 intonuit
776 3987 862 4051 de
903 3987 1048 4052 celo
1086 3989 1402 4052 dominus
1447 3997 1517 4051 et

316 4073 674 4138 altissimus
749 4075 934 4139 dedit
999 4097 1231 4140 vocem
1282 4096 1515 4140 suam:

316 4163 575 4246 grando
638 4172 707 4227 et
760 4165 1077 4228 carbones
1138 4165 1327 4248 ignis,
1414 4164 1517 4228 Et

318 4251 499 4316 misit
546 4253 825 4335 sagittas
884 4272 1039 4316 suas
1101 4263 1169 4317 et
1235 4252 1514 4336 dissipa-

316 4341 415 4405 vit
489 4361 641 4406 eos:
719 4340 980 4422 fulgura
1054 4340 1518 4425 multiplicavit

618 4507 633 4536 1
854 4522 867 4533 .

616 4575 638 4602 ²
658 4505 1041 4637 &Zigfifss
1057 4571 1117 4623 Ε.
1127 4574 1188 4624 G.
1200 4574 1280 4638 w„
1290 4575 1341 4624 s.

2140 432 2284 485 744

1615 543 1682 599 et
1742 536 2163 601 conturbavit
2223 556 2354 600 eos,
2449 534 2546 599 Et
2607 555 2814 620 appa-

1615 633 1884 690 ruerunt
1914 626 2132 689 sontes
2161 643 2483 707 aquarum
2505 624 2568 689 ⁸:
2614 634 2684 688 et
2714 636 2815 689 re·—

1613 712 1832 776 velata
1899 723 2055 778 sunt
2128 712 2566 777 fundamenta
2637 713 2816 777 orbis

1612 808 1952 866 terrarum.
2039 802 2161 865 Ab
2207 802 2655 884 increpatione
2696 811 2814 865 tua

1614 889 1886 953 domine
1912 912 1927 955 :
1959 890 2047 954 ab
2079 890 2508 973 inspiratione
2543 890 2812 973 spiritus

1614 978 1708 1041 ire
1739 988 1868 1043 tue.
1957 979 2166 1043 Misit
2194 980 2279 1043 de
2310 998 2576 1041 summo
2605 987 2675 1042 et
2705 999 2815 1043 ac-

1612 1068 1792 1148 cepit
1851 1086 1960 1131 me
2019 1076 2089 1131 et
2140 1068 2497 1150 assumpsit
2556 1086 2668 1130 me
2727 1066 2814 1130 de

1614 1156 1804 1238 aquis
1879 1154 2122 1220 multis.
2213 1155 2486 1239 Eripuit
2553 1174 2662 1218 me
2724 1156 2812 1219 de

1612 1242 1896 1308 inimicis
1942 1246 2106 1308 meis
2151 1243 2566 1308 fortissimis:
2611 1250 2680 1307 et
2725 1243 2813 1307 ab

1613 1332 1741 1395 hiis
1807 1333 1921 1415 qui
1989 1334 2270 1398 oderunt
2325 1353 2433 1396 me
2493 1331 2809 1416 quoniam

1612 1418 1967 1486 confortati
2013 1430 2168 1485 sunt
2197 1440 2396 1503 super
2427 1440 2550 1485 me.
2640 1421 2810 1485 Pre-

1613 1519 1938 1573 venerunt
1997 1530 2106 1574 me
2164 1510 2233 1574 in
2285 1512 2395 1574 die
2440 1508 2812 1573 afflictionis

1618 1617 1805 1661 mee:
1850 1608 1919 1661 et
1950 1598 2161 1662 sactus
2192 1606 2294 1661 est
2323 1598 2632 1662 dominus
2665 1618 2815 1681 pro-

1615 1694 1830 1749 tector
1875 1706 2078 1750 meus.
2166 1686 2268 1750 Et
2313 1686 2550 1751 eduxit
2592 1707 2702 1750 me
2744 1687 2814 1750 in

1617 1773 2090 1838 latitudinem:
2165 1775 2424 1839 salvum
2489 1794 2598 1837 me
2658 1773 2814 1839 fecit

1617 1864 1934 1945 quoniam
1985 1862 2196 1927 voluit
2256 1883 2383 1927 me.
2474 1863 2576 1927 Et
2629 1864 2813 1927 retri-

1616 1951 1778 2015 buet
1842 1950 2004 2015 mihi
2072 1951 2384 2015 dominus
2450 1952 2814 2015 secundum

1610 2039 1946 2122 justiciam
1997 2060 2256 2104 meam:
2318 2048 2388 2103 et
2447 2040 2812 2103 secundum

1616 2130 1972 2211 puritatem
2007 2148 2322 2192 manuum
2373 2148 2668 2191 mearum
2716 2148 2818 2191 re-

1615 2216 1864 2281 tribuet
1939 2217 2117 2281 mihi.
2236 2216 2408 2296 Quia
2488 2216 2814 2281 custodivi

1614 2306 1756 2370 vias
1815 2306 2119 2370 domini:
2194 2324 2318 2370 nec
2377 2304 2579 2387 impie
2639 2305 2816 2387 gessi

1614 2414 1657 2457 a
1717 2395 1847 2458 deo
1906 2414 2076 2459 me0.
2192 2393 2522 2473 Quoniam
2592 2394 2818 2457 omnia

1608 2482 1864 2567 judicia
1907 2482 2050 2567 ejus
2102 2483 2170 2546 in
2219 2491 2574 2566 conspectu
2623 2502 2815 2556 meo:

1615 2582 1686 2636 et
1698 2573 1999 2655 justicias
2029 2571 2088 2654 ej
2097 2572 2208 2635 us⁴
2233 2591 2367 2634 non
2395 2571 2602 2654 repuli
2623 2592 2664 2635 a
2689 2591 2814 2635 me.

1617 2661 1717 2725 Et
1749 2681 1861 2725 ero
1905 2661 2368 2724 immaculatus
2399 2680 2548 2724 cum
2583 2679 2702 2724 eo:
2747 2668 2816 2723 et

1616 2749 1987 2814 observabo
2019 2769 2127 2813 me
2158 2749 2244 2813 ab
2275 2748 2622 2831 iniquitate
2646 2768 2812 2812 mea.

1616 2837 1718 2901 Et
1767 2838 2081 2902 retribuet
2133 2836 2291 2901 mihi
2346 2838 2657 2901 dominus
2710 2857 2812 2900 se-

1614 2926 1909 2989 cundum
1981 2926 2316 3008 justiciam
2393 2945 2658 2990 meam:
2749 2934 2816 2989 et

1614 3016 1980 3079 secundum
2057 3017 2416 3098 puritatem
2493 3034 2814 3078 manuum

1617 3124 1913 3167 mearum
1963 3105 2029 3167 in
2073 3112 2433 3186 conspectu
2473 3102 2815 3167 oculorum

1614 3191 1775 3274 ejus,
1873 3191 2036 3258 Cum
2082 3201 2314 3256 sancto
2355 3201 2620 3256 sanctus
2652 3193 2816 3256 eris:

1616 3289 1685 3344 et
1730 3301 1882 3346 cum
1914 3283 2054 3344 viro
2101 3281 2451 3344 innocente
2497 3281 2816 3343 innocens

1616 3369 1760 3432 eris,
1819 3370 1922 3433 Et
1951 3388 2102 3432 cum
2136 3369 2348 3432 electo
2377 3367 2625 3432 electus
2657 3368 2815 3431 eris:

1615 3465 1685 3520 et
1703 3477 1854 3521 cum
1873 3477 2180 3540 perverso
2199 3457 2602 3539 perverteris,
2639 3455 2820 3533 Quo-

1616 3547 1798 3609 niam
1837 3555 1912 3608 tu
1959 3545 2278 3628 populum
2326 3543 2643 3608 humilem
2687 3543 2818 3607 sal-

1615 3654 1773 3697 vum
1820 3632 2062 3698 facies:
2108 3643 2176 3697 et
2221 3633 2448 3698 oculos
2501 3632 2816 3714 superbo·

1616 3743 1763 3786 rum
1824 3721 2219 3785 humiliabis,
2334 3720 2665 3801 Quoniam
2741 3728 2814 3783 tu

1616 3811 1953 3874 illuminas
2013 3809 2346 3872 lucernam
2417 3829 2634 3872 meam
2697 3809 2818 3871 do-

1618 3901 1834 3964 mine:
1881 3900 2045 3962 deus
2087 3918 2272 3961 meus
2305 3896 2603 3962 illumina
2635 3907 2818 3961 tene-

1615 3987 1771 4051 bras
1817 4007 2016 4051 meas,
2112 3985 2440 4066 Quoniam
2489 3987 2554 4048 in
2584 3995 2654 4048 te
2696 3986 2822 4048 eri-

1616 4075 1763 4159 piar
1791 4096 1832 4139 a
1862 4075 2232 4139 tentatione
2259 4097 2275 4140 :
2321 4083 2390 4139 et
2415 4075 2481 4137 in
2506 4075 2634 4138 deo
2667 4093 2819 4136 meo

1616 4165 2064 4246 transgrediar
2087 4184 2365 4228 murum.
2417 4163 2608 4227 Deus
2633 4181 2820 4225 meus

1618 4253 1971 4335 impolluta
2017 4253 2125 4316 via
2173 4252 2315 4335 ejus
2375 4251 2640 4334 eloquia
2699 4251 2820 4314 do-

1620 4342 1782 4405 mini
1830 4340 1984 4424 igne
2013 4343 2440 4404 examinata:
2487 4347 2822 4424 protector

1846 4505 1868 4603 ἶ
1899 4505 2306 4636 imma
