3375 5100
1584 291 1844 348 FERIA
1895 290 2066 349 SEX
2071 294 2178 349 TA

1156 404 1317 463 888

624 520 914 577 terram:
958 512 1275 596 quoniam
1308 521 1383 577 tu
1422 508 1832 575 hereditabis

627 600 694 664 in
727 601 1036 665 omnibus
1060 600 1411 685 gentibus,¹
1455 608 1567 665 αῆ.
1618 597 1832 663 Exul-

624 700 766 753 tate
796 691 926 755 deo
956 690 1243 773 adjutori
1277 698 1523 753 nostro,
1704 688 1833 769 pii*

624 780 899 910 Deus
930 780 1077 863 quis
1106 778 1341 843 similis
1382 778 1505 841 erit
1534 776 1698 839 tibi:
1745 794 1830 838 ne

782 878 1005 932 taceas
1088 886 1305 951 neque
1386 865 1830 948 compescaris

623 955 807 1021 deus,
902 956 1231 1036 Quoniam
1263 975 1419 1020 ecce
1448 954 1697 1017 inimici
1728 954 1826 1017 tui

624 1055 1036 1109 sonuerunt:
1108 1054 1178 1108 et
1238 1045 1352 1127 qui
1410 1044 1697 1107 oderunt
1756 1051 1827 1105 te

624 1133 1012 1198 extulerunt
1046 1142 1264 1216 caput.
1361 1133 1585 1215 Super
1612 1150 1826 1213 popu-

623 1220 761 1285 lum
796 1231 987 1286 tuum
1034 1221 1565 1305 malignaverunt
1611 1218 1825 1283 consi-

622 1308 825 1375 lium:
879 1320 948 1376 et
1000 1310 1459 1393 cogitaverunt
1508 1307 1826 1371 adversus

622 1408 889 1462 sanctos
949 1406 1117 1462 tuos,
1198 1398 1543 1463 Dixerunt
1600 1397 1824 1459 venite

620 1496 691 1551 et
738 1486 1199 1570 disperdamus
1251 1506 1367 1551 eos
1429 1485 1516 1549 de
1580 1494 1822 1567 gente:

620 1583 690 1639 et
722 1596 856 1640 non
903 1586 1306 1639 memoretur
1350 1592 1595 1639 nomen
1628 1572 1820 1636 israel

622 1664 811 1729 ultra.
941 1664 1271 1743 Quoniam
1363 1664 1823 1745 cogitaverunt

620 1752 1023 1817 unanimiter
1089 1753 1285 1817 simul
1364 1752 1677 1815 adversus
1752 1758 1822 1814 te

620 1850 1097 1906 testamentum
1148 1842 1657 1923 disposuerunt:
1720 1846 1822 1903 ta-

620 1930 973 1995 bernacula
1006 1932 1419 1994 idumeorum
1440 1930 1466 1969 ⁸
1482 1937 1551 1991 et
1582 1929 1821 1991 ismae-

618 2018 777 2085 lite.⁴
886 2020 1105 2084 Moab
1166 2028 1234 2082 et
1295 2016 1563 2100 agareni
1622 2016 1822 2099 gebal

618 2116 686 2172 et
718 2128 919 2173 amon
958 2118 1026 2173 et
1058 2105 1359 2171 amalech
1386 2128 1402 2171 ε
1448 2105 1822 2187 alienigene

619 2216 773 2261 cum
819 2196 1276 2261 habitantibus
1318 2205 1566 2275 tyrum.
1656 2194 1823 2257 Ete-

618 2288 757 2349 nim
800 2306 987 2351 assur
1016 2286 1198 2350 venit
1243 2304 1394 2347 cum
1443 2282 1613 2346 illis:
1660 2282 1819 2346 facti

619 2384 775 2439 sunt
829 2375 896 2438 in
980 2374 1383 2457 adjutorium
1445 2370 1598 2434 filiis
1658 2370 1819 2435 loth.

614 2462 757 2528 Fac
788 2464 917 2527 illis
947 2464 1116 2527 sicut
1148 2462 1417 2525 madian
1447 2470 1515 2523 et
1546 2460 1820 2525 sisare⁵z

616 2553 789 2617 sicut
837 2553 1023 2635 jabin
1068 2555 1135 2615 in
1180 2559 1472 2616 torrente
1524 2546 1818 2614 cisson⁸z

616 2641 1082 2725 Disperierunt
1112 2643 1179 2705 in
1212 2639 1450 2704 endor:
1482 2637 1639 2702 sacti
1662 2647 1820 2702 sunt

617 2739 693 2794 ut
724 2741 975 2795 stercus
1006 2739 1195 2794 terre.
1271 2728 1464 2791 Pone
1488 2726 1820 2811 principes

618 2839 887 2883 eorum:
933 2819 1101 2882 sicut
1132 2816 1292 2881 oreb
1336 2825 1404 2880 et
1444 2815 1566 2879 zeb
1610 2824 1679 2879 et
1709 2835 1819 2878 ze-

616 2907 740 2972 bee
801 2917 869 2970 et
918 2906 1234 2970 salmana.
1331 2905 1579 2970 Omnes
1640 2905 1817 2986 prin-

615 2997 797 3078 cipes
830 3016 1057 3060 eorum
1088 3017 1103 3059 :
1153 2993 1266 3077 qui
1290 2994 1609 3057 dixerunt
1630 2993 1818 3056 here-

617 3084 831 3149 ditate
872 3084 1328 3168 possideamus
1368 3081 1815 3146 sanctuarium

617 3174 743 3238 dei.
845 3174 1035 3239 Deus
1086 3193 1271 3236 meus
1320 3191 1496 3255 pone
1546 3170 1694 3234 illos
1743 3180 1818 3234 ut

616 3273 878 3328 rotam:
935 3271 1003 3325 et
1058 3263 1228 3325 sicut
1288 3259 1601 3343 stipulam
1658 3269 1816 3323 ante

614 3351 851 3416 faciem
914 3352 1113 3416 venti.
1212 3349 1408 3414 Sicut
1468 3349 1639 3430 ignis
1703 3348 1816 3431 qui

615 3442 945 3505 comburit
976 3440 1249 3504 silvam:
1296 3446 1364 3502 et
1410 3437 1579 3501 sicut
1626 3435 1817 3498 flam-

616 3549 727 3593 ma
760 3530 1151 3594 comburens
1184 3535 1461 3590 montes,
1526 3525 1637 3590 Ita
1668 3545 1818 3608 per-

613 3620 907 3701 sequeris
939 3618 1085 3682 illos
1118 3617 1183 3680 in
1218 3624 1617 3697 tempestate
1658 3623 1814 3678 tua:

613 3716 684 3770 et
702 3704 727 3745 ⁷
758 3708 855 3771 ira
885 3717 1000 3771 tua
1030 3704 1327 3770 turbabis
1368 3723 1501 3767 eos,
1590 3701 1816 3785 Imple

615 3795 815 3860 facies
846 3815 1073 3859 eorum
1107 3793 1509 3877 ignominia:
1556 3801 1626 3856 et
1653 3812 1815 3874 que-

614 3893 762 3949 rent
790 3904 1035 3948 nomen
1067 3892 1257 3947 tuum
1288 3881 1575 3945 domine.
1642 3881 1816 3944 Eru-

616 3972 889 4038 bescant
919 3983 989 4037 et
1018 3972 1497 4037 conturbentur
1525 3970 1591 4033 in
1630 3989 1816 4034 secu-

847 4175 863 4206 Ι
904 4177 920 4202 ‘
941 4173 989 4222 G
998 4171 1126 4222 lotia
1146 4169 1277 4238 patri
1296 4169 1309 4194 ¹
1334 4170 1435 4220 add
1457 4189 1470 4222 ε
1507 4171 1567 4222 Ε
1577 4170 1642 4222 G.

846 4242 870 4337 ἰ
891 4237 1269 4372 ξὲιιιῗεοτξωσε
1300 4238 1541 4356 Ψξκὲῗκυ.
1560 4253 1579 4288 ⁰·
1612 4239 1665 4290 S·

842 4377 866 4470 ἒ
895 4373 1199 4488 fimi-uzi}
1222 4370 1366 4422 W.S.

843 4509 866 4537 ⁸
896 4455 1171 4558 {gffg.e·
1201 4475 1213 4489 ⁸
1242 4519 1428 4568 cyson:
1462 4503 1607 4556 W.S.

2449 406 2609 463 834

1937 506 2076 573 lum
2121 511 2368 577 seculi:
2415 521 2484 578 et
2535 512 3076 579 confundantur
3115 528 3170 579 et

1935 609 2226 681 pereant.
2347 600 2444 665 Et
2515 614 2958 684 cognoscant
3021 608 3170 688 quia

1935 706 2180 751 nomen
2230 688 2352 753 tibi
2401 690 2611 754 deus:
2674 700 2754 754 tu
2811 691 3022 757 solus
3087 696 3170 756 al·

1934 776 2232 841 tissimus
2261 778 2329 840 in
2362 781 2544 842 omni
2577 788 2774 844 terra.
2969 782 3168 845 Psai·

1943 864 2224 1033 Quam
2275 866 2520 931 dilecta
2565 868 2898 932 taberna·
2949 870 3168 954 [πασέ

2068 955 2220 1018 cula
2271 964 2388 1018 tua
2434 956 2708 1020 domine
2773 958 3164 1023 virtutum:

1933 1044 2342 1125 concupiscit
2371 1054 2441 1119 et
2469 1043 2696 1108 deficit
2728 1048 2984 1111 anima
3019 1070 3162 1111 ma

1933 1130 2000 1193 in
2043 1132 2211 1196 atria
2253 1133 2520 1197 domini.
2617 1132 2755 1199 Cor
2801 1156 3056 1200 meum
3105 1150 3162 1199 et

1929 1238 2084 1282 caro
2131 1240 2280 1284 mea
2326 1221 2805 1286 exultaverunt
2843 1226 2928 1287 in
2961 1227 3160 1289 deum

1927 1308 2171 1371 vivum.
2275 1308 2551 1373 Etenim
2604 1332 2846 1394 passer
2905 1314 3162 1378 invenit

1928 1397 2055 1460 sibi
2113 1396 2431 1461 domum:
2494 1408 2566 1462 et
2624 1409 2854 1463 turtur
2923 1404 3158 1466 nidum

1927 1484 2053 1549 sibi
2131 1486 2242 1549 ubi
2314 1496 2594 1569 reponat
2667 1489 2906 1571 pullos
2988 1512 3156 1555 suos.

1926 1574 2192 1639 Altaria
2251 1583 2369 1639 tua
2427 1575 2698 1639 domine
2763 1578 3156 1643 virtutum:

1929 1682 2049 1725 rex
2093 1684 2282 1727 meus
2325 1672 2394 1727 et
2440 1665 2606 1727 deus
2653 1686 2872 1731 meus,
2961 1669 3152 1733 Beati

1926 1752 2042 1833 qui
2089 1750 2398 1816 habitant
2457 1754 2522 1815 in
2574 1754 2787 1818 domo
2828 1764 2966 1820 tua
2995 1781 3012 1822 :
3037 1757 3066 1795 ⁹
3095 1762 3152 1820 in

1925 1839 2150 1903 secula
2201 1840 2574 1905 seculorum
2627 1841 3034 1909 laudabunt
3077 1858 3153 1911 te.
3242 1852 3243 1889 l

1925 1928 2180 1991 Beatus
2239 1931 2338 1992 vir
2393 1930 2582 2012 cujus
2642 1940 2749 1995 est
2813 1936 3150 1998 auxilium
3242 2004 3243 2013 χ

1925 2016 2048 2080 abs
2078 2026 2180 2081 te:
2227 2020 2648 2083 ascensiones
2679 2020 2748 2082 in
2785 2026 3006 2086 corde
3035 2044 3150 2087 suo
3242 2022 3243 2025 ’

1926 2104 2293 2189 disposuit:
2341 2108 2407 2169 in
2437 2107 2610 2171 valle
2641 2108 3150 2191 lachrymarum

1926 2192 1994 2257 in
2057 2196 2204 2258 loco
2265 2216 2464 2278 quem
2519 2198 2760 2279 posuit.
2859 2200 3146 2265 Etenim

1926 2282 2459 2347 benedictionem
2475 2284 2522 2322 ¹⁰
2544 2285 2736 2349 dabit
2759 2285 3147 2369 legislator:

1925 2370 2118 2435 ibunt
2176 2374 2262 2435 de
2323 2374 2566 2437 virtute
2629 2374 2700 2437 in
2761 2377 3146 2442 virtutem:

1922 2460 2254 2524 videbitur
2291 2462 2456 2525 deus
2504 2462 2788 2526 deorum
2837 2466 2912 2528 in
2957 2488 3140 2548 syon.

1923 2548 2221 2614 Domine
2280 2550 2442 2614 deus
2491 2553 2820 2616 virtutum
2885 2558 3140 2621 exaudi

1923 2640 2293 2702 orationem
2344 2659 2606 2705 meam:
2661 2643 2947 2706 auribus
2999 2666 3138 2728 per-

1924 2727 2072 2810 cipe
2100 2728 2264 2791 deus
2289 2728 2505 2810 jacob.
2595 2729 2971 2795 Protector
2993 2755 3136 2796 nos-

1922 2823 2026 2879 ter
2075 2817 2298 2898 aspice
2345 2818 2553 2880 deus:
2623 2826 2692 2881 et
2745 2822 3014 2903 respice
3071 2825 3128 2885 in

1923 2903 2160 2968 faciem
2205 2904 2427 2968 christi
2474 2907 2590 2970 tui.
2685 2906 2866 2986 Quia
2905 2911 3132 2975 melior

1923 3002 2026 3056 est
2056 2993 2200 3057 dies
2231 3013 2362 3057 una
2395 2995 2462 3058 in
2495 2995 2680 3058 atriis
2711 2998 2888 3062 tuis:
2941 3021 3130 3083 super

1923 3083 2121 3146 milia.
2224 3081 2426 3165 Elegi
2488 3084 2792 3166 abjectus
2855 3107 3011 3152 esse
3068 3091 3126 3150 in

1924 3170 2128 3234 domo
2159 3171 2267 3235 dei
2299 3170 2429 3235 mei
2458 3193 2473 3235 :
2521 3175 2736 3255 magis
2771 3195 2990 3257 quam
3019 3178 3124 3240 ha·

1923 3259 2135 3323 bitare
2195 3259 2262 3323 in
2312 3259 2756 3326 tabernaculis
2819 3277 3126 3345 peceato-

1922 3368 2086 3412 rum.
2203 3347 2376 3428 Quia
2457 3350 2984 3417 misericordiam
3065 3363 3126 3418 et

1921 3437 2270 3500 veritatem
2320 3438 2538 3520 diligit
2582 3440 2792 3504 deus:
2841 3445 3124 3524 gratiam

1921 3533 1991 3587 et
2021 3524 2302 3608 gloriam
2335 3526 2522 3591 dabit
2553 3526 2888 3593 dominus.
2971 3533 3124 3594 Non

1922 3613 2208 3696 privabit
2240 3614 2432 3678 bonis
2477 3636 2592 3679 eos
2629 3617 2742 3699 qui
2776 3617 3128 3684 ambulant

1922 3703 1990 3764 in
2024 3703 2440 3768 innocentia:
2487 3704 2760 3769 domine
2803 3707 3124 3773 virtutum

1921 3789 2158 3854 beatus
2203 3791 2406 3855 homo
2447 3795 2560 3876 qui
2608 3804 2834 3876 sperat
2882 3797 2952 3860 in
3000 3800 3122 3862 te.¹¹

1920 3881 2056 3943 Ανῑ.
2131 3879 2237 3943 Tu
2287 3881 2466 3945 solus
2519 3882 2882 3948 altissimus
2936 3907 3131 3970 super

1921 3988 2192 4033 ornnem
2227 3977 2488 4036 terram.
2985 3976 3128 4059 pit„

2151 4168 2172 4198 '
2211 4167 2327 4218 ‘in’
2354 4168 2491 4218 add:
2527 4168 2661 4220 E.G.

2148 4234 2171 4331 ζ
2191 4233 2600 4352 ξῇοῗιῑιςίξιεξξὲὰ
2625 4235 2862 4355 :LtE-x'gfj·
2884 4255 2905 4290 .-
2941 4241 3000 4294 S·

2127 4367 2166 4398 ¹⁰
2199 4367 2609 4418 benedictiones:
2643 4368 2726 4418 W.

2128 4436 2162 4465 ¹¹
2204 4435 2412 4485 ‘Gloria
2432 4434 2591 4500 patri'
2614 4435 2754 4486 add:
2791 4436 2936 4494 E.G.

2130 4503 2170 4533 '2
2193 4509 2276 4565 pf.
2300 4501 2401 4562 84:
2433 4501 2571 4552 EG.
2645 4502 2878 4570 Lxxxiizj.
2903 4522 2923 4556 .·
2955 4509 3010 4560 S.
