3375 5100
1235 353 1358 409 AD
1404 352 1536 407 MA
1549 352 1934 409 TUTJNAS.

865 460 1016 516 763

333 585 467 630 non
524 564 878 651 imputavit
936 567 1246 632 dominus
1306 588 1539 651 pecca-

333 664 533 719 tum:
599 676 722 719 nec
794 668 896 721 est
967 659 1032 720 in
1099 657 1330 739 spiritu
1393 657 1538 738 ejus

334 744 542 808 dolus·
657 744 986 824 Quoniam
1047 747 1222 809 tacui
1284 746 1537 809 invete-

335 842 646 896 raverunt
675 854 826 897 ossa
858 854 1008 897 mea
1037 854 1051 898 ε
1097 836 1259 899 dum
1292 833 1539 898 clama-

335 941 476 984 rem
519 930 663 985 tota
703 921 830 985 die.
928 920 1256 1001 Quoniam
1303 923 1412 986 die
1459 943 1536 987 ac

336 1019 531 1073 nocte
575 999 852 1092 gravata
897 1021 998 1074 est
1028 1031 1228 1093 super
1259 1031 1365 1075 me
1396 1031 1536 1074 ma-

335 1118 458 1160 nus
483 1107 636 1162 tua:
667 1118 1022 1164 conversus
1051 1119 1197 1163 sum
1223 1100 1289 1162 in
1323 1120 1539 1163 erum-

335 1206 422 1250 na
484 1206 635 1250 mea
693 1187 856 1251 dum
917 1187 1270 1270 configitur
1327 1188 1538 1270 spina.

333 1274 674 1339 Delictum
739 1296 959 1339 meum
1023 1277 1364 1358 cognitum
1413 1276 1536 1339 tibi

335 1363 502 1428 feci:
556 1373 624 1427 et
678 1364 1079 1445 injusticiam
1129 1384 1348 1428 meam
1401 1384 1534 1428 non

333 1453 668 1516 abscondi.
761 1452 929 1516 Dixi
990 1452 1360 1517 confitebor
1419 1454 1536 1517 ad-

333 1561 594 1604 versum
657 1560 765 1605 me
839 1541 1238 1622 injusticiam
1316 1562 1534 1605 meam

333 1630 648 1694 domino:
703 1639 773 1694 et
818 1638 892 1693 tu
943 1630 1250 1693 remisisti
1304 1631 1536 1712 impie-

333 1726 545 1781 tatem
606 1718 860 1801 peccati
935 1719 1084 1783 mei.
1194 1720 1338 1783 Pro
1412 1718 1536 1783 hac

333 1807 551 1870 orabit
591 1807 676 1869 ad
733 1815 798 1870 te
848 1809 1065 1871 omnis
1111 1817 1421 1871 sanctus:
1469 1808 1536 1870 in

335 1903 635 1977 tempore
682 1894 1100 1978 opportuno,¹
1219 1897 1537 1961 Verunta-

337 2003 490 2046 men
537 1984 602 2047 in
632 1983 884 2047 diluvio
929 2004 1250 2067 aquarum
1298 1983 1538 2049 multa-

336 2091 522 2135 rum:
583 2073 668 2136 ad
719 2092 873 2135 eum
922 2092 1058 2135 non
1107 2074 1538 2156 approxima-

335 2161 520 2223 bunt.
634 2161 730 2225 Tu
792 2182 862 2225 es
923 2161 1250 2245 refugium
1313 2182 1538 2225 meum

337 2270 379 2313 a
440 2249 867 2315 tribulatione
934 2272 1066 2333 que
1126 2252 1540 2315 circundedit

340 2358 490 2401 me:
539 2339 870 2403 exultatio
918 2360 1070 2404 mea
1130 2360 1285 2403 erue
1337 2360 1445 2403 me
1499 2360 1540 2403 a

337 2427 874 2491 circundantibus
905 2448 1030 2492 me.
1109 2428 1537 2492 Intellectum

338 2514 460 2579 tibi
507 2515 682 2581 dabo
733 2525 802 2581 et
847 2516 1166 2582 instruam
1212 2526 1282 2583 te
1329 2518 1394 2582 in
1431 2516 1540 2581 via

336 2604 464 2669 hac
517 2625 650 2687 qua
692 2605 1053 2688 gradieris:
1101 2605 1380 2671 firmabo
1432 2627 1540 2669 su·

340 2713 459 2776 per
532 2702 598 2757 te
674 2694 901 2758 oculos
981 2715 1182 2758 meos
1301 2693 1538 2758 Nolite

340 2781 476 2844 fieri
523 2783 694 2846 sicut
737 2802 948 2865 equus
993 2792 1061 2846 et
1093 2783 1349 2847 mulus:
1395 2783 1541 2865 qui-

338 2870 465 2932 bus
497 2889 628 2932 non
660 2879 762 2934 est
793 2871 1178 2936 intellectus».
1268 2871 1353 2934 In
1386 2871 1540 2935 cha-

341 2978 452 3022 mo
485 2968 553 3023 et
582 2957 767 3022 freno
791 2959 1102 3023 maxillas
1132 2979 1359 3023 eorum
1386 2979 1542 3024 con-

341 3047 642 3128 stringe:
705 3048 819 3130 qui
875 3067 1008 3110 non
1065 3050 1540 3131 approximant

339 3134 426 3198 ad
473 3146 558 3199 te.
647 3135 878 3200 Multa
927 3134 1190 3218 flagella
1237 3145 1542 3219 peccato·

337 3223 474 3288 ris:
521 3235 898 3305 sperantem
946 3233 1170 3288 autem
1217 3226 1284 3288 in
1327 3226 1542 3289 domi-

341 3332 430 3376 no
462 3313 908 3377 misericordia
929 3314 1358 3377 circundabit.
1410 3313 1542 3376 Le-

341 3402 573 3464 tamini
636 3401 702 3464 in
765 3401 1039 3466 domino
1113 3411 1182 3465 et
1242 3401 1542 3465 exultate

335 3489 542 3571 justi:
590 3498 658 3553 et
687 3490 1062 3572 gloriamini
1109 3510 1342 3554 omnes
1384 3492 1542 3554 recti

340 3578 584 3640 corde.²
645 3580 776 3642 An.
829 3580 910 3642 In
941 3588 1057 3642 tua
1082 3579 1348 3660 justicia
1381 3578 1542 3641 libe-

343 3686 415 3729 ra
446 3687 552 3730 me
585 3667 870 3733 domine.
1184 3667 1544 3730 Psalmus.³

340 3754 754 3886 Exultate
781 3755 942 3836 justi
991 3755 1055 3818 in
1088 3756 1362 3819 domino
1408 3775 1544 3820 rec-

493 3853 596 3907 tos
635 3844 825 3907 decet
857 3844 1278 3908 collaudatio.
1375 3843 1544 3909 Con-

343 3929 620 3994 fitemini
670 3932 946 3996 domino
997 3933 1061 3996 in
1113 3933 1429 4014 cythara:
1477 3933 1544 3995 in

342 4020 653 4102 psalterio
685 4020 914 4084 decem
941 4021 1335 4085 chordarum
1368 4020 1540 4103 psal-

344 4109 458 4171 lite
518 4107 626 4172 illi.
751 4108 1029 4174 Cantate
1089 4111 1149 4173 ei
1209 4111 1540 4172 canticum

344 4216 585 4260 novum
616 4219 631 4261 :
679 4198 847 4261 bene
880 4199 1140 4281 psallite
1171 4199 1230 4261 ei
1269 4199 1336 4261 in
1367 4199 1542 4261 voci-

343 4285 680 4350 feratione.
777 4285 947 4365 Quia
985 4297 1236 4351 rectum
1269 4294 1369 4351 est
1399 4306 1544 4350 ver-

609 4422 629 4519 2
659 4423 1174 4552 ‘2¹33'123120p3232‘2'ad
1199 4506 1211 4535 2
1235 4487 1300 4538 G.

607 4555 627 4584 ³
649 4563 729 4620 ps.
752 4566 816 4618 32
837 4569 855 4604 .·
889 4555 956 4605 E.
970 4556 1026 4605 G.
1089 4555 1256 4618 xxxij.
1282 4569 1300 4603 .·
1320 4555 1372 4604 S.

2158 450 2305 513 764

1639 566 1801 631 bum
1854 566 2147 631 domini:
2222 579 2289 629 et
2351 567 2577 629 omnia
2636 586 2839 649 opera

1640 656 1784 737 ejus
1831 656 1897 718 in
1952 654 2101 719 fide.
2190 655 2433 737 Diligit
2479 656 2841 717 misericor-

1639 745 1822 808 diam
1872 754 1942 807 et
1983 744 2346 825 judicium:
2394 743 2841 807 misericordia

1639 833 1893 896 domini
1942 832 2141 915 plena
2184 841 2287 895 est
2324 841 2515 895 terra.
2624 832 2841 896 Verbo

1638 921 1894 985 domini
1927 920 2048 985 celi
2082 920 2324 983 firmati
2362 930 2517 983 sunt
2546 941 2561 983 ε
2607 928 2675 983 et
2705 920 2842 1002 spi-

1638 1011 1767 1073 ritu
1799 1010 1931 1073 oris
1960 1010 2103 1091 ejus
2128 1009 2343 1073 omnis
2362 1010 2567 1073 virtus
2593 1027 2839 1073 eorum.

1645 1099 2069 1181 Congregans
2116 1099 2289 1161 sicut
2330 1099 2393 1160 in
2440 1106 2587 1161 utre
2632 1115 2841 1179 aquas

1641 1189 1880 1252 maris:
1913 1207 2167 1269 ponens
2202 1187 2269 1249 in
2293 1186 2619 1249 thesauris
2642 1186 2841 1267 abys-

1639 1296 1765 1340 sos,
1869 1276 2141 1339 Timeat
2200 1276 2545 1339 dominum
2623 1275 2841 1337 omnis

1639 1374 1849 1429 terra:
1905 1364 1993 1427 ab
2053 1384 2135 1427 eo
2187 1373 2413 1427 autem
2463 1383 2843 1427 commove-

1637 1462 1837 1517 antur
1858 1472 2091 1516 ornnes
2122 1452 2567 1517 inhabitantes
2592 1452 2841 1515 orbem.

1644 1542 1975 1620 Quoniam
2008 1542 2150 1624 ipse
2173 1542 2349 1604 dixit
2368 1551 2435 1603 et
2456 1540 2635 1605 sacta
2656 1549 2842 1605 sunt:

1639 1631 1781 1713 ipse
1858 1631 2201 1693 mandavit
2261 1638 2327 1693 et
2388 1638 2611 1692 creata
2668 1638 2841 1693 sunt.

1639 1718 1975 1781 Dominus
2028 1719 2307 1800 dissipat
2360 1717 2634 1781 consilia
2680 1738 2843 1799 gen-

1637 1809 1861 1871 tium:
1924 1806 2235 1888 reprobat
2296 1814 2520 1871 autem
2592 1806 2843 1887 cogita-

1639 1897 1855 1960 tiones
1904 1894 2342 1977 populorum:
2410 1902 2479 1957 et
2531 1894 2843 1976 reprobat

1639 1983 1917 2048 consilia
1976 1984 2365 2065 principum.
2480 1980 2841 2046 Consilium

1640 2082 1868 2135 autem
1918 2072 2172 2136 domini
2234 2072 2301 2133 in
2350 2079 2651 2136 eternum
2704 2091 2847 2135 ma·-

1641 2170 1800 2225 net:
1847 2160 2287 2242 cogitationes
2334 2158 2549 2223 cordis
2594 2158 2737 2239 ejus
2774 2160 2842 2222 in

1639 2250 2067 2332 generatione
2169 2257 2239 2311 et
2326 2247 2841 2331 generationem.

1639 2338 1857 2401 Beata
1915 2357 2081 2419 gens
2142 2336 2328 2418 cujus
2376 2345 2481 2399 est
2532 2335 2845 2399 dominus

1639 2428 1805 2490 deus
1836 2425 2017 2507 ejus:
2064 2424 2349 2507 populus
2394 2444 2595 2507 quem
2642 2423 2846 2506 elegit

1641 2515 1708 2579 in
1770 2514 2209 2580 hereditatem
2272 2514 2415 2578 sibi.
2530 2512 2640 2577 De
2699 2512 2844 2577 celo

1640 2604 1937 2688 respexit
1984 2603 2334 2667 dominus:
2399 2602 2564 2667 vidit
2612 2622 2845 2665 omnes

1639 2693 1811 2756 filios
1872 2692 2233 2756 hominum.
2322 2691 2433 2754 De
2493 2701 2848 2774 preparato

1638 2782 2025 2846 habitaculo
2084 2801 2245 2846 suo:
2301 2781 2594 2863 respexit
2648 2799 2849 2862 super

1641 2891 1875 2934 omnes
1908 2871 2021 2953 qui
2054 2869 2361 2933 habitant
2390 2879 2651 2933 terram.
2718 2867 2845 2948 Qui

1643 2957 1843 3022 finxit
1890 2957 2227 3042 sigillatim
2252 2959 2275 2996 ⁴
2330 2958 2529 3022 corda
2574 2975 2847 3021 eorum:

1643 3048 1757 3130 qui
1790 3047 2102 3128 intelligit
2122 3047 2349 3110 omnia
2373 3066 2575 3129 opera
2597 3066 2845 3110 eorum.

1641 3135 1804 3200 Non
1866 3135 2159 3199 salvatur
2216 3154 2337 3198 rex
2399 3154 2516 3216 per
2564 3134 2845 3198 multam

1639 3225 1997 3288 virtutem:
2059 3233 2127 3286 et
2180 3243 2393 3305 gygas
2446 3243 2582 3285 non
2632 3222 2847 3286 salva-

1647 3312 1825 3376 bitur
1850 3313 1917 3374 in
1951 3311 2375 3375 multitudine
2406 3311 2667 3374 virtutis
2712 3330 2847 3374 sue.

1645 3400 1891 3464 Fallax
1953 3420 2161 3481 equus
2223 3399 2310 3462 ad
2373 3399 2701 3463 salutem:
2779 3399 2846 3462 in

1643 3488 2056 3553 abundantia
2114 3498 2339 3551 autern
2407 3488 2669 3551 virtutis
2730 3507 2847 3550 sue

1645 3597 1778 3641 non
1818 3576 2193 3640 salvabitur.
2284 3576 2468 3640 Ecce
2508 3576 2683 3639 oculi
2727 3576 2851 3638 do-

1645 3666 1807 3728 mini
1862 3685 2059 3748 super
2111 3673 2483 3728 metuentes
2537 3685 2731 3728 eum:
2781 3673 2850 3727 et

1647 3755 1713 3817 in
1746 3755 1841 3818 eis
1886 3754 1999 3836 qui
2045 3763 2315 3834 sperant
2360 3772 2558 3835 super
2598 3753 2849 3815 miseri-

1645 3843 1940 3906 cordiam
1966 3841 1991 3878 ὅ
2066 3841 2223 3922 ejus,
2377 3841 2471 3906 Ut
2546 3849 2733 3904 eruat
2808 3861 2850 3904 a

1647 3939 1861 3994 morte
1915 3929 2215 3993 animas⁶
2262 3949 2530 3993 eorum:
2595 3937 2663 3992 et
2712 3928 2851 3992 alat

1647 4041 1761 4083 eos
1794 4021 1859 4082 in
1892 4019 2085 4082 fame.
2164 4019 2419 4081 Anima
2450 4027 2677 4081 nostra
2708 4039 2852 4081 sus-

1643 4109 1814 4172 tinet
1858 4108 2239 4171 dominum:
2285 4108 2603 4189 quoniam
2658 4107 2851 4188 adju-

1644 4206 1751 4262 tor
1781 4205 1847 4260 et
1880 4205 2213 4278 protector
2246 4203 2473 4259 noster
2500 4204 2617 4258 est.
2678 4195 2851 4273 Quia

1645 4286 1713 4348 in
1744 4306 1825 4348 eo
1872 4285 2185 4348 letabitur
2230 4303 2341 4347 cor
2386 4294 2732 4348 nostrum:
2780 4292 2851 4347 et

1948 4423 1967 4452 ⁴
1999 4419 2287 4484 singillatim
2315 4435 2328 4468 ε
2363 4419 2423 4468 Ε.

1945 4489 1966 4518 ⁸
1998 4485 2372 4536 misericordia:
2407 4485 2535 4536 G.S.

1942 4555 1963 4583 ⁸
1994 4553 2244 4604 animam:
2278 4553 2362 4602 W.
