3375 5100
1453 335 1608 392 DIE
1654 336 2075 394 DOMJNJCA

1056 445 1200 502 787

531 567 706 622 terra
753 552 943 618 illius.
1031 553 1457 618 Desiderium
1489 573 1739 637 paupe-

527 665 676 710 rum
723 642 1068 708 exaudivit
1099 642 1454 706 dominus:
1500 663 1737 725 prepa-

528 735 855 804 rationem
910 732 1128 795 cordis
1190 750 1418 794 eorum
1480 730 1739 794 audivit

525 823 704 886 auris
753 831 890 886 tua.
988 819 1312 895 Judicare
1367 817 1622 902 pupillo
1671 829 1741 883 et

527 911 804 976 humili:
871 917 948 972 ut
1009 929 1140 972 non
1203 918 1504 991 apponat
1565 907 1741 971 ultra

531 997 958 1082 magnificare
1016 1017 1060 1060 a
1111 996 1316 1060 homo
1365 1017 1564 1078 super
1609 1005 1741 1059 ter—

533 1107 696 1154 ram.
1383 1083 1737 1148 Psalmus.¹

645 1197 689 1240 n
734 1174 1012 1238 domino
1049 1171 1355 1238 confido:
1402 1174 1741 1256 quomodo

645 1264 866 1328 dicitis
911 1263 1133 1325 anime
1177 1281 1368 1324 mee:
1432 1260 1741 1324 transmi-

536 1374 658 1437 gra
737 1353 803 1414 in
881 1359 1180 1414 montem
1263 1349 1433 1413 sicut
1496 1368 1739 1432 passer.

545 1441 874 1522 Quoniam
909 1458 1062 1503 ecce
1098 1448 1482 1520 peccatores
1529 1437 1741 1501 inten-

537 1533 782 1594 derunt
811 1547 1034 1591 arcum
1065 1548 1078 1590 :
1111 1536 1510 1609 paraverunt
1541 1527 1744 1607 sagit-

537 1628 648 1683 tas
671 1637 825 1680 suas
848 1617 916 1679 in
939 1615 1249 1698 pharetra
1276 1636 1290 1679 :
1323 1623 1398 1679 ut
1422 1615 1745 1698 sagittent

541 1708 610 1771 in
654 1706 938 1770 obscuro
985 1715 1200 1768 rectos
1253 1703 1466 1767 corde.
1563 1703 1743 1781 Quo-

542 1797 722 1859 niam
797 1814 930 1876 que
990 1791 1318 1876 perfecisti
1393 1791 1745 1855 destruxe-

543 1893 734 1948 runt:
799 1881 1018 1965 justus
1067 1892 1292 1945 autem
1347 1881 1506 1963 quid
1569 1879 1745 1944 fecit.

540 1972 878 2038 Dominus
921 1971 986 2034 in
1019 1969 1274 2052 templo
1319 1977 1552 2032 sancto
1583 1988 1745 2031 suo:

542 2061 856 2126 dominus
887 2060 954 2123 in
984 2059 1130 2123 celo
1160 2059 1354 2122 sedes
1383 2057 1542 2139 ejus.
1619 2056 1744 2120 Oc-

539 2150 634 2214 uli
665 2150 808 2232 ejus
852 2149 920 2212 in
951 2165 1312 2230 pauperem
1345 2145 1703 2228 respiciunt
1732 2165 1749 2208 τ

543 2237 860 2323 palpebre
911 2235 1054 2318 ejus
1115 2237 1526 2316 interrogant
1575 2231 1749 2296 filios

541 2327 906 2391 hominum.
995 2325 1334 2389 Dominus
1385 2323 1749 2404 interrogat

537 2415 794 2498 justum
849 2421 918 2478 et
965 2413 1288 2496 impium:
1357 2412 1472 2494 qui
1521 2418 1745 2474 autem

546 2505 765 2587 diligit
797 2502 1216 2587 iniquitatem
1262 2500 1409 2567 odit
1453 2499 1745 2563 animam

545 2614 754 2657 suam.
845 2590 1078 2656 Pluit²
1122 2610 1323 2673 super
1366 2597 1749 2671 peccatores

545 2683 866 2765 laqueos:
913 2680 1084 2762 ignis
1129 2677 1406 2761 sulphur
1443 2686 1513 2740 et
1559 2677 1749 2759 spiri·

546 2780 658 2835 tus
702 2768 1140 2853 procellarum
1173 2786 1326 2848 pars
1371 2765 1592 2829 calicis
1637 2784 1750 2828 eo-

546 2880 710 2922 rum.
807 2856 1136 2937 Quoniam
1177 2854 1394 2937 justus
1439 2854 1751 2917 dominus

547 2956 616 3012 et
672 2947 972 3029 justicias
1031 2944 1314 3009 dilexit:
1382 2944 1749 3025 equitatem

545 3037 715 3100 vidit
788 3033 1010 3097 vultus
1085 3031 1276 3115 ejus.⁸
1371 3030 1508 3095 Αῆ.
1601 3030 1752 3094 Erit

549 3126 692 3206 ipse
741 3122 1122 3205 expectatio
1169 3119 1512 3203 gentium:
1573 3117 1752 3183 lava-

547 3213 783 3295 bitque
802 3212 958 3274 vino
977 3209 1222 3273 stolam
1245 3227 1437 3271 suam
1463 3227 1478 3270 :
1509 3214 1580 3269 et
1597 3226 1751 3270 san-

549 3302 750 3385 guine
791 3320 918 3363 uve
963 3297 1238 3383 pallium
1284 3294 1524 3359 suum.⁴
1611 3294 1749 3359 Αῆ.

551 3392 738 3455 Deus
757 3389 920 3453 deus
941 3408 1128 3451 meus
1148 3386 1214 3449 in
1227 3394 1295 3450 te
1309 3382 1566 3466 speravi
1575 3382 1679 3447 .⁶A
1690 3392 1750 3447 ἢ.

549 3480 740 3562 Juste
771 3480 937 3543 deus
973 3476 1184 3558 judex
1227 3472 1414 3537 sortis
1459 3472 1751 3555 patiens·

549 3584 682 3651 que
742 3565 1111 3649 benignus:
1177 3564 1243 3626 in
1289 3571 1360 3625 te
1408 3569 1752 3644 sperantes

549 3656 732 3719 muni
749 3653 1124 3719 miserando
1135 3649 1384 3715 fideles.
1395 3648 1755 3713 Psalmus.⁶

547 3743 902 3879 Salvum
950 3762 1059 3805 me
1110 3739 1214 3803 fac
1262 3738 1536 3802 domine
1587 3756 1754 3819 quo-

681 3833 860 3896 niam
914 3828 1157 3893 defecit
1209 3836 1522 3891 sanetus:
1588 3844 1753 3908 quo·

551 3922 730 3985 niam
778 3920 1105 3986 diminute
1157 3924 1312 3980 sunt
1355 3916 1668 3979 veritates
1714 3934 1755 3977 a

551 4009 700 4073 filiis
783 4008 1148 4073 hominum.
1273 4004 1460 4070 Vana
1551 4002 1755 4066 locuti

651 4156 1130 4273 ²45.10:EE.GW
1153 4170 1206 4205 x.
1233 4171 1250 4203 .·
1273 4154 1328 4203 S.

649 4292 670 4319 ⁸
707 4296 722 4317 ‘
743 4232 932 4340 gfdria.
969 4222 1074 4337 Iqer
1090 4256 1384 4336 abvenmm'
1419 4286 1552 4335 add:
1587 4282 1727 4333 E.G.

637 4358 670 4433 ‘⁴
709 4356 810 4445 ‘Ab’
825 4362 993 4448 octavu
1002 4353 1283 4468 gygham'e
1293 4367 1444 4416 usque
1457 4352 1529 4401 ad
1539 4352 1756 4416 quadra·

541 4436 802 4537 gmffmgr
819 4420 1014 4537 effte'm
1035 4492 1080 4533 et
1100 4454 1524 4549 quadragesimam
1545 4483 1665 4547 [Per
1673 4482 1745 4531 xl.

549 4561 594 4601 et
614 4561 824 4603 estatem:
855 4552 942 4614 G.]
963 4550 1092 4600 add:
1115 4550 1182 4599 E.
1197 4548 1255 4598 G.

2356 447 2507 505 '788

1839 563 1999 618 sunt
2027 555 2481 638 unusquisque
2525 556 2614 620 ad
2657 557 3051 640 proximum

1840 663 2079 707 suum:
2127 642 2305 707 labia
2348 642 2585 710 dolosa
2628 646 2695 708 in
2744 648 2947 711 corde
2976 656 3053 711 et

1839 732 2039 796 corde
2098 731 2299 796 locuti
2362 743 2532 798 sunt.
2630 733 3003 817 Disperdat
3028 735 3055 772 ⁷

1840 820 2151 884 dominus
2191 820 2498 886 universa
2544 822 2725 886 labia
2768 823 3001 888 dolosa
3040 847 3055 888 :

1840 917 1909 972 et
1958 909 2253 991 linguam
2304 909 2824 993 magniloquam.
2922 913 3058 992 Qui

1840 997 2157 1060 dixerunt
2188 997 2484 1080 linguam
2533 1009 2830 1064 nostram
2862 1022 3059 1083 mag-

1842 1085 2299 1150 nificabimus:
2348 1085 2527 1151 labia
2572 1100 2800 1153 nostra
2843 1110 2884 1152 a
2934 1111 3058 1153 no-

1841 1173 1945 1237 bis
2004 1181 2197 1239 sunt:
2261 1175 2413 1257 quis
2461 1185 2686 1239 noster
2737 1178 3060 1242 dominus

1844 1271 1961 1326 est.
2050 1263 2343 1345 Propter
2390 1264 2723 1328 miseriam
2770 1267 3057 1349 inopum

1842 1362 1912 1414 et
1988 1351 2313 1434 gemitum
2382 1371 2796 1435 pauperum:
2872 1375 3057 1420 nunc

1844 1459 2171 1522 exurgam
2204 1439 2365 1504 dicit
2388 1440 2719 1506 dominus,
2776 1443 3055 1508 Ponam

1844 1527 1913 1590 in
1945 1528 2257 1592 salutari:
2304 1527 2700 1593 fiducialiter
2742 1551 2939 1614 agam
2980 1534 3055 1596 in

1844 1637 1945 1680 eo.
2052 1615 2352 1698 Eloquia
2438 1618 2695 1682 domini
2784 1621 3059 1702 eloquia

1846 1711 2069 1770 casta:
2111 1713 2461 1786 argentum
2503 1707 2659 1790 igne
2702 1711 3057 1773 examina-

1844 1801 2031 1857 tum:
2078 1793 2431 1876 probatum
2470 1805 2644 1858 terre
2689 1807 3053 1879 purgatum

1844 1881 2245 1966 septuplum.
2324 1881 2424 1946 Tu
2454 1882 2728 1947 domine
2756 1886 3055 1950 servabis

1847 1989 1969 2033 nos
2014 1980 2084 2032 et
2124 1971 2459 2034 custodies
2513 1991 2636 2036 nos
2682 1993 2725 2036 a
2767 1993 3055 2056 genera-

1846 2058 2029 2122 tione
2056 2057 2185 2122 hac
2212 2059 2280 2122 in
2306 2068 2629 2124 eternum.
2701 2060 2790 2124 In
2822 2063 3055 2126 circui·

1846 2157 1921 2212 tu
1942 2147 2125 2228 impii
2150 2147 2652 2213 ambulabant⁸z
2682 2152 3053 2215 secundum

1847 2234 2270 2299 altitudinem
2343 2244 2531 2300 tuam
2594 2238 3053 2322 multiplicasti

1848 2323 2021 2387 filios
2052 2323 2414 2388 hominum.
2689 2326 3055 2393 Psalmus.⁹

2022 2431 2323 2496 squequo
2352 2413 2625 2478 domine
2648 2415 3053 2481 oblivisceris

2002 2521 2111 2565 me
2135 2501 2201 2565 in
2222 2500 2423 2566 finem
2448 2523 2463 2568 ε
2494 2522 2845 2589 usquequo
2868 2525 3050 2571 aver-

1846 2588 1933 2653 tis
1965 2588 2201 2655 faciem
2233 2598 2418 2654 tuam
2450 2607 2493 2655 a
2524 2612 2648 2657 me.
2716 2593 3053 2673 Quamdiu

1850 2698 2099 2761 ponam
2145 2678 2423 2743 consilia
2476 2682 2543 2743 in
2586 2682 2813 2745 anima
2859 2704 3053 2748 mea:

1850 2766 2148 2831 dolorem
2183 2766 2249 2829 in
2282 2769 2482 2832 corde
2524 2788 2676 2834 meo
2704 2790 2826 2853 per
2854 2772 3053 2836 diem.

1862 2854 2224 2939 Usquequo
2284 2856 2695 2921 exaltabitur
2748 2860 3052 2925 inimicus

1851 2962 2039 3007 meus
2086 2964 2287 3027 super
2332 2964 2483 3009 me:
2530 2948 2783 3030 respice
2828 2959 2896 3013 et
2930 2970 3057 3011 ex-

1852 3032 2006 3095 audi
2064 3052 2171 3095 me
2212 3032 2523 3099 dominus
2545 3034 2593 3073 ¹⁰
2628 3036 2795 3101 deus
2849 3058 3053 3103 meus·

1850 3118 2181 3186 Illumina
2239 3122 2467 3186 oculos
2538 3143 2725 3189 meos
2788 3146 2872 3190 ne
2931 3146 3052 3190 un-

1850 3228 2054 3291 quam
2132 3208 2546 3275 abdormiam
2638 3213 2709 3276 in
2792 3224 3003 3279 morte
3039 3236 3055 3279 ε

1852 3298 2211 3379 nequando
2254 3298 2433 3363 dicat
2472 3300 2778 3367 inimicus
2824 3324 3055 3367 meus:

1852 3386 2149 3467 prevalui
2238 3387 2553 3453 adversus
2642 3410 2815 3457 eum.
2931 3391 3057 3472 Qui

1851 3474 2176 3538 tribulant
2208 3494 2315 3538 me
2361 3476 2766 3543 exultabunt
2814 3481 2868 3543 si
2917 3500 3056 3544 mo-

1853 3570 1962 3625 tus
1993 3561 2221 3627 fuero:
2266 3584 2394 3647 ego
2440 3575 2663 3630 autem
2707 3568 2775 3631 in
2809 3569 3059 3632 miseri-

1853 3650 2080 3715 cordia
2133 3661 2251 3715 tua
2308 3654 2583 3736 speravi.
2693 3656 3063 3721 Exultabit

1854 3758 1968 3803 cor
2000 3760 2223 3803 meum
2272 3740 2339 3805 in
2385 3741 2659 3807 salutari
2698 3754 2857 3809 tuo:
2904 3766 3062 3810 can-

1853 3826 2017 3891 tabo
2075 3828 2353 3893 domino
2412 3832 2528 3913 qui
2589 3832 2768 3895 bona
2827 3834 3063 3899 tribuit

1857 3916 2019 3979 mihi
2047 3936 2063 3980 ε
2110 3926 2179 3982 et
2202 3917 2485 4001 psallam
2519 3920 2771 3984 nomini
2804 3920 3063 3985 domini

1858 4003 2181 4071 altissimi.
2681 4010 3063 4075 Psalmus.¹¹

2154 4156 2175 4251 ζ
2196 4158 2621 4287 Ἇεὲὲιξᾱξ·ισοῦ.

2154 4290 2179 4383 2
2206 4288 2767 4405 anaquzlang:GE.G.W.

2154 4360 2458 4471 ”inmun
2485 4392 2705 4473 how.
2718 4422 2770 4473 S.

2156 4486 2185 4515 ¹¹
2214 4492 2293 4553 pf.
2329 4499 2423 4550 13.-
2448 4488 2515 4539 E.
2528 4488 2585 4538 G.
