3375 5100
261 506 332 579 {s
376 498 504 565 In¹
560 497 668 563 die
709 495 1238 562 annunciationis
1296 495 1469 563 beate

395 588 606 653 marie
630 586 932 669 virgines.

339 678 403 761 j.
452 678 598 741 Nos
643 675 834 758 juvet
895 673 1058 739 illud
1111 694 1284 739 ave:
1344 695 1464 758 per

527 783 732 847 quam
825 772 1014 848 patet
1094 762 1320 829 exitus
1420 782 1464 830 a

529 853 653 918 ve.¹

337 941 408 1026 η’.
451 942 662 1024 Virgo
706 938 1038 1005 salutata:
1076 939 1267 1023 juvet
1317 961 1463 1005 om-

528 1050 646 1094 nes
675 1028 862 1112 prole
892 1028 1108 1095 beata.

311 1118 408 1202 iij.
459 1119 564 1183 De
589 1117 919 1201 joachim⁸
950 1126 1148 1184 nata:
1195 1118 1312 1182 det
1342 1136 1460 1181 no-

526 1207 628 1272 bis
659 1226 862 1289 regna
892 1216 1143 1288 parata.

279 1294 404 1381 iiij.
449 1296 772 1361 Turmam
817 1293 1015 1359 stella
1060 1294 1298 1360 maris:
1347 1292 1462 1359 be-

527 1385 791 1449 nedicat
822 1384 1043 1448 nescia
1073 1384 1289 1447 maris,

344 1494 403 1539 v.
449 1472 773 1555 Astergat
790 1472 815 1509 ⁴
846 1470 1101 1536 luctus:
1133 1472 1351 1537 oriens
1374 1470 1461 1536 de

523 1562 777 1643 virgine
807 1559 1074 1625 fructus·

319 1650 406 1734 vj.
455 1650 758 1713 Pondera
803 1649 992 1730 virgo
1049 1648 1240 1713 leva:
1304 1667 1462 1732 pec·

524 1757 682 1801 cans
714 1756 845 1819 que
873 1736 1172 1802 subdidit
1203 1756 1342 1801 eva.

291 1826 403 1911 vij.
450 1826 551 1891 Te
597 1826 710 1908 pia
739 1826 928 1907 virgo
957 1824 1170 1891 duce:
1216 1826 1462 1889 satient

525 1934 648 1977 nos
676 1915 1000 1997 dogmata
1030 1912 1192 1979 luce.

261 2000 401 2087 vizj'.
451 2003 776 2067 Demonis
847 2021 890 2065 a
963 2001 1209 2066 scelere
1246 2022 1263 2068 t
1339 2021 1461 2065 nos

523 2092 711 2173 virgo
740 2090 855 2154 dia
875 2090 901 2128 ⁸
931 2089 1160 2155 tuere.⁶

323 2180 407 2247 ix.
455 2180 600 2243 Nos
645 2178 940 2261 gabriele
987 2188 1132 2243 rata
1165 2200 1180 2245 :
1249 2178 1461 2244 salvet
1530 2232 1545 2244 .

525 2278 719 2350 partu
749 2268 1112 2350 gravidata.

262 2361 327 2435 {I
371 2356 457 2421 In
516 2356 949 2440 assumptione
1015 2356 1190 2421 beate
1255 2354 1466 2418 marie

390 2444 677 2527 virginis·
701 2468 724 2510 .·
787 2453 853 2510 et
895 2443 1218 2509 domim‘ca
1273 2444 1460 2527 infra

389 2544 660 2600 octavas,

342 2623 406 2708 j.
455 2624 537 2687 In
597 2621 742 2687 celo
800 2622 988 2688 lata:
1061 2643 1184 2687 nos
1243 2630 1462 2688 servet

522 2712 709 2795 virgo
738 2711 954 2777 beata.

339 2800 407 2883 ij.
455 2799 634 2866 Sede
708 2799 926 2865 locata
999 2800 1160 2882 pia:

527 2907 783 2953 mernor
811 2896 956 2952 esto
986 2888 1210 2953 maria.

302 2975 397 3061 igj.
446 2976 612 3043 Celo
661 2978 851 3060 virgo
895 2977 1062 3042 sita:
1104 2997 1227 3041 nos
1272 2996 1461 3042 sacro

522 3074 884 3149 pneumate
913 3066 1071 3129 dita.

283 3154 404 3239 iizj.
452 3153 604 3238 Que
673 3173 876 3237 supra
935 3163 1113 3217 astra
1183 3161 1458 3218 manet:

521 3242 856 3326 lapsorum
888 3240 1161 3306 vulnera
1191 3249 1398 3306 sanet.

344 3351 402 3396 v.
450 3329 604 3414 Que
637 3331 782 3396 celo
823 3329 1052 3396 floret:
1099 3350 1220 3414 pro
1267 3331 1460 3395 nobis

525 3421 835 3484 omnibus
865 3427 1026 3484 oret.

320 3507 405 3591 vj.
454 3509 558 3574 Sit
604 3508 798 3572 nobis
844 3517 1076 3590 grata:
1120 3507 1308 3591 virgo
1352 3528 1461 3572 su-

526 3618 645 3680 per
671 3605 852 3661 astra
883 3596 1116 3660 levata.

292 3685 403 3767 vg'j.
452 3685 636 3751 Nato
661 3683 902 3751 marie⁷
933 3686 1132 3749 duce:
1165 3685 1463 3767 repleant

528 3794 649 3838 nos
679 3775 1002 3856 dogmata
1031 3773 1192 3838 luce.

261 3861 400 3944 viij.
450 3861 734 3928 Stellato
765 3862 972 3928 solio:
1016 3862 1309 3926 residens
1340 3881 1462 3926 nos

523 3961 802 4034 protege
831 3951 1034 4034 virgo·

1252 2799 1460 2864 nostri

557 4100 572 4130 ¹
613 4100 710 4152 ‘In
731 4099 861 4150 ’om.
887 4115 906 4147 .·
939 4100 1076 4150 E.C.

554 4165 922 4282 :vaes

557 4301 576 4396 ζ
602 4249 882 4376 ᾞῖειαςὲιι
902 4268 1234 4349 z'E.N.c.K.

559 4433 579 4461 ⁸
609 4364 1144 4496 gss2ffissssf33emed
1169 4429 1238 4481 N.

563 4502 578 4528 ⁷
613 4497 806 4548 maria:
842 4498 908 4547 K.

1629 498 1713 563 ix.
1762 497 1973 580 Virgo
2032 504 2183 562 tuos
2252 496 2539 562 famulos
2572 519 2589 563 ε
2666 496 2769 563 fac

1835 596 1990 671 post
2017 594 2087 651 te
2118 587 2435 651 scandere
2464 585 2657 651 celos,

1900 680 1965 754 {I
2007 675 2211 758 Infra
2252 685 2525 741 octavas.

1647 765 1712 849 j.
1743 764 1862 829 die.
1912 764 2080 830 Oret
2139 773 2364 827 mente
2412 764 2523 848 pia
2555 785 2572 830 :
2648 783 2771 848 pro

1834 852 2028 917 nobis
2056 853 2243 935 virgo
2276 853 2501 917 maria.

1742 941 1953 1025 Virgo
1998 942 2105 1005 dei
2151 941 2485 1024 genitrix:
2532 942 2619 1005 sit
2650 960 2767 1005 no-

1833 1030 1935 1094 bis
1966 1028 2371 1095 auxiliatrix·

1744 1120 1890 1183 Nos
1923 1139 1964 1182 a
1999 1118 2289 1201 peccatis
2336 1119 2613 1183 mundet
2644 1118 2767 1183 flos

1828 1207 2241 1289 virginitatis».

1639 1294 1709 1379 ij.
1738 1295 1859 1360 die.
1909 1295 2121 1362 Stella
2141 1295 2349 1359 maria
2370 1294 2599 1362 maris:
2620 1316 2768 1360 suc-

1833 1405 2019 1449 curre
2049 1385 2348 1467 pyssima
2378 1383 2586 1449 nobis,

1740 1472 1953 1554 Virgo
1988 1473 2117 1536 deo
2148 1474 2389 1555 digna:
2434 1472 2762 1556 poscenti-

1831 1560 1957 1624 bus
1986 1569 2131 1625 esto
2161 1562 2469 1643 benigna.

1745 1649 1967 1713 Mater
2011 1650 2273 1714 virtutis
2309 1671 2325 1716 ς
2396 1650 2514 1714 det
2573 1649 2765 1714 nobis

1830 1738 2011 1801 dona
2040 1736 2292 1804 salutiS.

1618 1824 1713 1909 iij.
1744 1824 1863 1891 die.
1910 1826 2182 1891 Liberet
2236 1826 2321 1891 a⁸
2367 1844 2584 1910 pena:
2642 1846 2767 1891 nos

1829 1914 1953 1977 celi
1985 1923 2180 1997 porta
2208 1934 2455 1979 serena.

1637 2072 1650 2079 ,
1742 2002 1951 2085 Virgo
2022 2004 2231 2067 maria
2300 2011 2451 2067 tuos
2484 2024 2499 2068 ε
2576 2023 2767 2069 serva

1830 2092 1974 2155 sine
2002 2092 2275 2155 crimine
2303 2112 2545 2157 servos·

1742 2179 1953 2261 Virgo
1982 2188 2172 2243 tuum
2205 2188 2438 2245 natum
2464 2200 2480 2244 z
2512 2179 2616 2244 fac
2647 2199 2765 2244 no-

1830 2268 1932 2332 bis
1963 2268 2442 2351 propitiatum.¹¹

1830 2454 2052 2509 cetum
2082 2445 2418 2511 custodiat
2448 2446 2667 2512 istum.

1745 2532 1890 2599 Nos
1916 2534 2105 2617 juvet
2136 2534 2248 2599 ille
2288 2543 2516 2618 pater:
2564 2556 2767 2618 quem

1830 2623 2107 2706 protulit
2136 2624 2387 2688 innuba
2418 2633 2647 2690 mater.

1744 2711 2009 2795 Inclyta
2023 2712 2069 2750 ¹⁰
2087 2714 2285 2796 stirps
2298 2713 2475 2795 jesse
2498 2734 2513 2778 :
2536 2733 2765 2778 verum

1832 2821 1955 2865 nos
1986 2801 2190 2866 ducat
2219 2802 2306 2865 ad
2337 2802 2543 2867 esse.¹¹

1651 2909 1712 2954 v.
1742 2889 1861 2954 die.
1909 2889 2055 2953 Nos
2115 2890 2417 2973 precibus
2487 2891 2716 2954 matris
2750 2912 2765 2954 :

1830 2977 2043 3042 salvet
2070 2979 2401 3062 sapientia
2432 2981 2655 3062 patris,

1744 3065 1888 3130 Nos
1934 3087 2085 3131 cum
2135 3067 2319 3151 prole
2366 3069 2522 3150 pia:
2568 3068 2767 3132 bene-

1831 3155 2011 3218 dicat
2040 3155 2227 3238 virgo
2256 3157 2481 3220 maria.

1745 3243 1991 3307 Divina
2021 3243 2361 3309 subsidia:
2408 3243 2601 3308 nobis
2642 3244 2766 3308 im-

1829 3341 2048 3414 petret
2076 3333 2265 3415 virgo
2297 3333 2520 3397 maria.

1623 3421 1707 3504 qs.
1738 3420 1857 3484 die.
1904 3419 2165 3502 Regina
2183 3421 2765 3504 angelorumzper-

1831 3509 2033 3573 ducat
2064 3529 2185 3573 nos
2228 3510 2317 3574 ad
2342 3510 2389 3548 ¹²
2420 3529 2626 3592 regna
2661 3528 2766 3573 ce-

1831 3597 2061 3662 lorum.

1744 3686 1891 3749 Nos
1914 3686 2179 3769 proprio
2204 3696 2365 3751 nato
2390 3709 2403 3752 :
2443 3687 2557 3770 pia
2578 3685 2767 3769 virgo

1835 3775 2327 3841 reconciliato,¹¹¹

1741 3862 2036 3946 Virginis
2096 3863 2465 3928 auxilium:
2543 3863 2766 3927 foveat

1834 3971 1955 4015 nos
1977 3952 2022 3990 ¹⁴
2056 3972 2230 4018 nunc
2260 3961 2331 4017 et
2361 3952 2430 4016 in
2460 3971 2675 4018 evum.

1943 4101 1964 4130 ⁸
2001 4099 2089 4149 ‘a’
2113 4115 2241 4150 om.:
2265 4100 2334 4150 K.

1927 4167 1964 4262 ιτ
1994 4167 2359 4284 {suffe
2396 4167 2462 4218 ¹<-

1928 4298 1963 4328 ¹¹
1999 4299 2207 4348 adesse:
2244 4299 2380 4350 RN.

1930 4365 1969 4395 ¹²
2000 4381 2093 4429 pro
2122 4365 2211 4414 ‘ad
2229 4365 2241 4388 '
2265 4382 2331 4416 a:
2368 4365 2434 4416 K.

1930 4431 1969 4461 ¹⁸
2000 4431 2333 4482 reconsiliatio
2362 4451 2377 4482 ε
2412 4433 2474 4483 Ε.

1928 4497 1967 4528 ¹⁴
2005 4499 2157 4548 ¹nos’
2180 4515 2320 4550 om.:
2356 4498 2417 4550 E.

1378 4631 1646 4690 (¹7)
