3375 5100
1216 394 1337 449 AD
1383 392 1912 451 MATUTINAS.

842 506 983 559 747

314 627 529 697 gygas
589 612 677 678 ad
738 614 1127 677 currendam
1188 612 1411 677 viam:
1478 633 1521 675 a

316 722 582 766 summo
636 701 781 767 celo
832 704 1121 785 egressio
1173 701 1335 783 ejus,
1423 700 1521 765 Et

315 810 631 855 occursus
663 790 807 873 ejus
833 790 850 828 ¹
873 791 960 854 ad
984 809 1319 853 summurn
1345 788 1518 871 ejus:

322 898 445 943 nec
476 888 577 943 est
601 880 713 961 qui
744 899 818 943 se
849 879 1217 943 abscondat
1241 898 1282 941 a
1302 877 1521 941 calore

320 968 484 1050 ejuS.
571 966 729 1031 Lex
788 967 1042 1031 domini
1096 967 1521 1029 immaculata

322 1066 711 1119 convertens
734 1056 989 1119 animas
1017 1077 1032 1119 z
1063 1055 1519 1118 testimonium

322 1144 574 1207 domini
629 1143 823 1207 fidele
884 1143 1279 1226 sapientiam
1342 1163 1519 1224 pres-

320 1242 473 1296 tans
525 1233 829 1315 parvuliS.
924 1232 1213 1306 Justicie
1266 1230 1519 1294 domini

320 1329 501 1385 recte
530 1320 920 1385 letificantes
965 1321 1204 1384 corda:
1250 1339 1521 1402 precep-

320 1418 467 1473 tum
509 1409 759 1474 domini
806 1409 1097 1473 lucidum
1142 1407 1521 1472 illuminans

318 1497 564 1561 oculos
664 1498 901 1561 Timor
945 1497 1196 1563 domini
1250 1505 1519 1560 sanctus

319 1588 759 1668 permanens2
806 1587 871 1649 in
932 1585 1225 1650 seculum
1276 1584 1518 1648 seculi:

314 1675 564 1757 judicia
594 1674 847 1738 domini
878 1696 1035 1739 vera
1058 1672 1419 1756 justificata
1451 1675 1518 1735 in

321 1763 695 1846 semetipsa.
783 1763 1272 1827 Desiderabilia
1324 1782 1521 1843 super

322 1870 557 1913 aurum
636 1860 704 1914 et
778 1850 1069 1934 lapidem
1147 1851 1549 1933 preciosum·

324 1938 653 2003 multum:
699 1948 767 2003 et
807 1938 1103 2003 dulciora
1144 1959 1342 2021 super
1387 1938 1520 2001 mel

321 2036 391 2090 et
433 2026 675 2091 favum.
761 2028 1041 2091 Etenim
1092 2048 1318 2091 servus
1366 2036 1519 2090 tuus

322 2116 613 2180 custodit
643 2136 725 2179 ea
752 2136 769 2181 ς
813 2116 881 2179 in
912 2115 1361 2180 custodiendis
1393 2114 1519 2178 illis

321 2204 666 2268 retributio
726 2205 953 2269 multa.
1054 2204 1325 2267 Delicta
1371 2204 1519 2285 quis

322 2291 669 2374 intelligit:
715 2292 803 2355 ab
828 2293 1103 2357 occultis
1133 2292 1297 2355 meis
1328 2312 1520 2355 mun-

314 2380 409 2443 da
454 2400 562 2444 me
606 2390 675 2445 et
706 2381 791 2445 ab
824 2381 1053 2445 alienis
1090 2401 1285 2463 parce
1329 2400 1519 2443 servo

317 2476 453 2533 tuo,
547 2469 636 2534 Si
684 2470 813 2533 mei
859 2489 994 2533 non
1039 2470 1279 2533 suerint
1306 2469 1519 2533 domi-

319 2559 503 2622 nati:
567 2569 725 2623 tunc
773 2557 1257 2624 immaculatus·
1290 2579 1402 2622 ero
1448 2567 1517 2622 et

318 2647 735 2711 emundabor
792 2669 833 2711 a
893 2647 1137 2711 delicto
1199 2647 1515 2712 maximo,

317 2735 389 2798 E
391 2745 419 2798 t
444 2745 635 2798 erunt
659 2745 733 2800 ut
764 2737 1222 2820 complaceant
1251 2735 1517 2818 eloquia

318 2823 451 2886 oris
482 2825 651 2887 mei:
684 2833 751 2888 et
776 2827 1123 2888 meditatio
1144 2825 1361 2887 cordis
1386 2825 1515 2887 mei

318 2910 387 2974 in
437 2922 793 2994 conspectu
844 2923 963 2976 tuo
1007 2933 1285 2995 semper.
1373 2913 1519 2975 Do-

322 3001 501 3063 mine
548 3001 815 3082 adjutor
844 3022 1068 3066 meus:
1115 3011 1183 3065 et
1215 3000 1518 3082 redemp-

319 3098 425 3152 tor
483 3109 687 3153 meus,
793 3089 1017 3154 Gloria
1075 3089 1293 3172 patri.⁸
1378 3088 1514 3154 Aa.

318 3177 482 3241 Nox
520 3177 821 3240 recessit⁴
842 3179 986 3240 dies
1017 3188 1240 3240 autem
1274 3197 1513 3259 appro-

316 3267 383 3348 pi
391 3266 720 3348 nquavit⁵z
741 3266 1131 3349 abjiciamus
1142 3287 1301 3348 ergo
1313 3286 1517 3348 opera

318 3354 737 3418 tenebrarum
800 3365 867 3418 et
921 3355 1272 3419 induamur
1330 3375 1516 3418 arma

320 3441 529 3506 lueiS.⁶
615 3443 750 3506 An.
830 3443 985 3507 Non
1046 3453 1202 3506 sunt
1253 3442 1515 3525 loquele

318 3550 533 3613 neque
606 3551 944 3595 sermones
1021 3551 1302 3614 quorum
1378 3551 1512 3594 non

318 3619 672 3683 audiantur
743 3639 939 3684 voces
1013 3618 1286 3683 eorum.⁷
1376 3619 1509 3684 Αῆ.

314 3707 618 3790 Sponsus
659 3717 735 3772 ut
778 3729 816 3772 e
860 3707 1156 3772 thalamo
1196 3707 1515 3792 processit

415 3871 437 3966 ἰ
472 3871 687 3934 ‘usque’
710 3871 847 3921 add:
884 3872 1173 3923 E.G.w.S.

413 4003 435 4032 ⁸
468 3939 1077 4054 ἤωέἲὲἰκίἒζςῦᾰιῖνύω
1103 4013 1201 4070 per
1248 4004 1515 4053 aabentmn

314 4083 467 4132 usque
484 4068 557 4116 ad
572 4069 885 4120 nativitatem
906 4071 1115 4122 domini.
1154 4072 1223 4120 In
1243 4071 1387 4120 tertio
1408 4087 1517 4120 noc-

314 4142 469 4184 turno
486 4134 499 4156 ’
521 4135 626 4183 add
636 4153 654 4184 .·
678 4135 745 4184 Ε.
759 4137 815 4184 G.

413 4203 434 4231 ⁴
468 4201 702 4279 precessit
728 4221 742 4252 ι
777 4203 837 4252 E.
846 4203 910 4253 G

413 4269 436 4362 ἰ
466 4269 886 4384 ῗῗῐὲξοιὲἓξὲεῗ
912 4269 1096 4385 agga}
1112 4336 1174 4384 ab
1204 4342 1375 4385 octava
1406 4343 1515 4399 epy-

306 4399 499 4464 phanie
521 4416 673 4463 usque
691 4400 763 4448 ad
789 4402 1217 4465 quadragesimam
1239 4403 1437 4467 quando
1458 4403 1516 4452 de

314 4465 563 4515 dontim‘ca
584 4465 772 4530 agitur.
826 4468 895 4516 In
923 4469 1068 4518 tertio
1090 4476 1332 4518 nocturno
1347 4469 1360 4491 ’
1385 4470 1489 4518 add
1498 4487 1517 4518 :

317 4533 382 4581 E·
398 4531 454 4628 G'
477 4603 490 4626 ‘
507 4597 551 4648 (1
578 4598 859 4648 Dominicis
886 4599 1053 4650 diebus
1068 4608 1163 4666 per
1177 4609 1367 4651 estatem
1396 4600 1415 4667 [
1424 4609 1518 4666 per

2150 502 2296 558 ‘748

1625 612 1929 677 Christus
1998 612 2064 674 in
2128 612 2356 675 orbem
2419 608 2828 674 descendens

1622 700 1768 764 celo
1794 702 1942 783 jure
1970 700 2330 764 salutifer0.
2468 698 2828 763 psalmus?

1773 789 2054 854 xaudiat
2112 798 2181 851 te
2232 787 2544 851 dominus
2605 786 2670 849 in
2717 786 2828 848 die

1772 877 2254 941 tribulationis:
2286 884 2592 959 protegat
2621 884 2690 939 te
2711 894 2828 937 no-

1622 986 1776 1029 men
1853 966 1962 1030 dei
2032 966 2248 1048 jacob.
2383 964 2475 1027 M
2481 967 2632 1027 ittat
2705 961 2828 1025 tibi

1620 1054 1948 1118 auxilium
1994 1055 2081 1119 de
2123 1062 2396 1117 sancto:
2443 1061 2511 1115 et
2543 1052 2627 1115 de
2657 1071 2828 1133 syon

1621 1152 1888 1206 tueatur
1943 1152 2027 1207 te.
2141 1142 2415 1205 Memor
2467 1140 2551 1203 sit
2611 1140 2828 1203 omnis

1616 1230 1916 1295 sacrificii
1978 1231 2112 1295 tui:
2212 1240 2280 1294 et
2369 1227 2829 1292 holocaustum

1619 1328 1810 1383 tuum
1857 1320 2104 1403 pingue
2149 1318 2282 1384 fiat.
2387 1318 2660 1381 Tribuat
2705 1316 2827 1379 tibi

1620 1408 1984 1472 secundum
2044 1428 2160 1471 cor
2210 1418 2440 1472 tuum:
2507 1414 2576 1469 et
2629 1424 2828 1469 omne

1617 1497 1965 1560 consilium
1997 1504 2185 1561 tuum
2218 1494 2581 1560 confirmet.
2627 1494 2831 1557 Leta-

1621 1585 1915 1648 bimurin
1937 1586 2208 1649 salutari
2221 1595 2369 1648 tuo:
2389 1593 2455 1646 et
2469 1585 2532 1645 in
2559 1582 2830 1645 nomine

1621 1674 1730 1736 dei
1777 1674 1984 1737 nostri
2029 1672 2636 1756 magnificabimus:
2689 1672 2828 1733 Im-

1622 1761 1804 1844 pleat
1844 1762 2153 1825 dominus
2199 1782 2432 1825 omnes
2475 1759 2832 1843 petitiones

1622 1860 1816 1913 tuas:
1893 1870 2067 1914 nunc
2149 1850 2431 1932 cognovi
2507 1848 2826 1930 quoniam

1621 1938 1880 2002 salvum
1934 1938 2089 2002 fecit
2148 1938 2458 2002 dominus
2511 1936 2827 2001 christum

1619 2048 1832 2091 suum.
1908 2025 2303 2090 Exaudiet⁹
2335 2025 2521 2089 illum
2554 2025 2641 2087 de
2680 2024 2826 2088 celo

1618 2124 1854 2179 sancto
1883 2136 2035 2181 suo:
2083 2117 2149 2177 in
2173 2113 2628 2198 potentatibus
2651 2112 2830 2176 salus

1619 2204 1898 2267 dextere
1929 2204 2090 2286 ejuS.
2178 2204 2264 2267 H
2266 2202 2307 2285 ij
2345 2203 2410 2265 in
2435 2202 2730 2267 curribus
2759 2210 2828 2264 et

1618 2291 1711 2374 hij
1738 2292 1805 2355 in
1826 2292 2013 2375 equis
2039 2314 2054 2357 ε
2087 2312 2211 2355 nos
2229 2286 2451 2355 autem
2477 2291 2544 2353 in
2558 2290 2826 2353 nomine

1618 2382 1874 2443 domini
1926 2381 2031 2445 dei
2095 2382 2300 2444 nostri
2351 2378 2823 2443 invocabimus.

1617 2469 1764 2553 Ipsi
1796 2469 2072 2553 obligati
2105 2478 2262 2533 sunt
2292 2477 2360 2532 et
2407 2468 2824 2532 ceciderunt:

1616 2577 1741 2622 nos
1786 2569 2010 2624 autern
2055 2558 2462 2622 surreximus
2505 2567 2572 2620 et
2625 2557 2824 2620 erecti

1617 2667 1864 2712 sumus,
1951 2648 2248 2712 Domine
2292 2647 2552 2710 salvum
2590 2644 2693 2709 fac
2726 2667 2825 2709 re-

1615 2755 1814 2818 gem:
1861 2745 1930 2799 et
1977 2737 2225 2801 exaudi
2255 2755 2378 2800 nos
2427 2737 2492 2798 in
2538 2735 2648 2799 die
2692 2754 2826 2816 qua

1617 2824 2139 2889 invocaverimus
2157 2834 2242 2889 te.
2337 2823 2562 2890 Gloria
2583 2823 2825 2906 patri.¹⁰

1618 2913 1754 2976 Αῆ.
1805 2914 1994 2976 Hora
2042 2923 2144 2977 est
2185 2914 2328 2996 jam
2361 2934 2484 2976 nos
2513 2913 2600 2977 de
2645 2932 2826 2976 som-

1619 3021 1709 3065 no
1721 3021 1985 3084 surgere
2006 3013 2074 3066 et
2087 3004 2295 3085 aperti
2309 3010 2466 3066 sunt
2485 3001 2658 3065 oculi
2672 3022 2824 3065 nos-

1616 3090 1700 3153 tri
1733 3111 2002 3173 surgere
2033 3092 2117 3155 ad
2149 3090 2487 3156 Christum
2517 3091 2674 3174 quia
2701 3090 2824 3154 lux

1613 3198 1770 3242 vera
1799 3189 1900 3242 est
1919 3179 2178 3262 fulgens
2209 3180 2276 3242 in
2309 3178 2514 3244 ce10.¹¹
2546 3180 2590 3216 ¹²
2684 3178 2824 3242 Αῇ.

1621 3265 1964 3331 Exaudiat
1977 3279 2044 3332 te
2067 3268 2378 3331 dominus
2399 3269 2465 3330 in
2485 3268 2592 3330 die
2615 3267 2826 3330 tribu-

1613 3353 1900 3420 lationis,
1990 3356 2124 3420 Aa.
2223 3355 2577 3420 Auxilium
2629 3355 2824 3418 nobis

1613 3442 1906 3508 salvator
1936 3445 2126 3508 mitte
2173 3445 2406 3509 salutis
2451 3453 2518 3508 et
2571 3444 2825 3508 tribuas

1612 3532 1820 3596 vitam
1853 3542 2154 3616 tempore
2185 3542 2522 3617 perpetuo,
2657 3531 2825 3596 Pr.¹³

1818 3623 1994 3684 mine
2059 3622 2127 3684 i'n
2187 3622 2430 3685 virtute
2485 3630 2599 3683 tua
2658 3618 2823 3683 leta-

1771 3709 1946 3774 bitur
2002 3730 2167 3774 rex:
2213 3719 2282 3774 et
2310 3729 2508 3792 super
2536 3707 2824 3772 salutare

1617 3872 1690 3921 xl.
1719 3879 1764 3920 et
1775 3880 1874 3936 per
1888 3879 2112 3923 estatem:
2140 3873 2226 3936 G.]
2259 3871 2456 3938 quando
2487 3872 2546 3921 de
2576 3871 2824 3920 dominica

1615 3939 1795 4002 agitur
1830 3956 1982 4004 usque
1999 3940 2073 3989 ad
2097 3940 2364 3988 adventum
2405 3940 2471 4002 [et
2504 3937 2824 4002 quadragesi-

1617 4021 1754 4054 mam
1771 4021 1790 4055 .·
1812 4006 1908 4068 Ε.]
1941 4007 2011 4055 ln
2031 4006 2177 4055 tertio
2200 4005 2468 4055 noctumo’
2502 4004 2606 4054 add
2622 4019 2640 4053 .·
2673 4003 2816 4056 E.G.

1715 4073 2306 4188 :ffi-{ffffffiffi
2331 4087 2348 4123 ··
2370 4073 2424 4122 ⁸·

1719 4205 1755 4234 ¹⁰
1795 4206 1912 4253 ‘Per
1927 4204 2221 4254 adventum·
2256 4203 2386 4254 add:
2410 4204 2478 4253 E.
2492 4203 2551 4254 G.

1721 4270 1753 4301 ¹¹
1789 4270 1908 4320 celis
1932 4289 1945 4320 ε
1981 4271 2041 4320 E.
2051 4271 2114 4320 G.

1717 4337 1756 4367 ¹¹
1793 4337 1889 4385 ‘Ab
1911 4345 2077 4386 octava
2097 4335 2368 4402 epyphanie
2389 4351 2542 4400 usque
2558 4336 2630 4384 ad
2637 4336 2824 4400 pamb-

1614 4417 1727 4452 nem
1741 4403 1946 4452 domini.
1971 4403 2078 4468 [an.
2094 4403 2364 4454 Exaudiat:
2382 4403 2586 4465 G.]An.
2607 4402 2823 4468 Implmt

1618 4469 1850 4519 dominus
1889 4485 2062 4518 omnes
2100 4469 2366 4534 petitiones
2405 4477 2514 4519 tuas
2539 4485 2553 4519 ς
2589 4469 2648 4518 Ε.
2723 4470 2828 4517 Per

1616 4543 1866 4585 estatemet
1877 4537 2305 4600 quadragesimam
2322 4537 2446 4601 [I'er
2455 4536 2526 4585 xl.
2543 4542 2590 4585 ct
2603 4542 2820 4584 estatem:

1622 4603 1710 4666 G.]
1731 4603 1743 4624 ’
1776 4602 1907 4652 add:
1941 4603 2078 4654 ΒΟ.
2383 4605 2421 4634 ¹⁸
2443 4609 2523 4668 pf.
2553 4615 2650 4652 20:
2676 4601 2818 4653 E.G.
