3375 5100
1098 365 1654 422 NATJVJYATJS
1702 367 2047 422 CHRISTI.

876 473 980 530 85

325 577 530 660 gessit
575 577 959 660 perhibent:
1006 579 1116 644 ille
1145 580 1324 662 quod
1370 600 1516 643 om-

327 688 480 730 nem
505 679 869 731 creaturam
894 668 1218 732 visibilem
1254 679 1321 732 et
1352 669 1516 732 invi-

325 755 586 819 sibilem
645 776 764 838 per
821 757 1036 839 ipsum
1107 758 1270 821 deus
1330 766 1519 839 pater

327 843 552 907 fecerit
581 845 778 908 docet
807 845 1078 910 dicenS.
1124 845 1370 910 Omnia
1401 866 1520 928 per

328 933 544 1014 ipsum
595 932 770 998 sacta
819 943 1010 998 sunt:
1064 942 1132 996 et
1177 936 1317 998 sine
1370 935 1517 1016 ipso

327 1020 578 1085 sactum
604 1031 706 1086 est
728 1021 907 1086 nihil.
996 1022 1514 1124 Respansorium.

329 1109 692 1173 Descendit
764 1111 850 1174 de
910 1110 1064 1176 celis
1123 1112 1362 1174 missus
1429 1110 1518 1174 ab

326 1217 476 1261 arce
533 1199 740 1281 patris
784 1200 1075 1262 introivit
1121 1219 1239 1282 per
1289 1219 1516 1262 aurem

325 1286 596 1369 virginis
663 1287 730 1350 in
804 1290 1139 1370 regionem
1222 1295 1515 1351 nostram

327 1374 594 1439 indutus
685 1374 858 1439 stola
962 1396 1306 1459 purpurea.
1425 1376 1519 1439 Et

325 1464 534 1526 exivit
585 1485 704 1546 per
759 1485 1026 1528 auream
1075 1474 1336 1547 portam
1397 1464 1517 1527 lux

325 1562 395 1613 et
424 1552 624 1616 decus
656 1553 953 1616 universe
973 1552 1236 1630 ‘fabrice
1269 1553 1515 1617 mundi.

325 1639 376 1714 Ϋ
451 1640 804 1722 Tanquam
865 1661 1144 1724 sponsus
1207 1642 1514 1704 dominus

321 1730 684 1810 procedens
725 1730 810 1794 de
845 1729 1141 1793 thalamo
1194 1751 1330 1794 suo.
1424 1730 1515 1794 Et

323 1817 546 1882 exivit.
641 1817 882 1882 Gloria.
972 1818 1061 1881 Et
1121 1819 1346 1883 exivit.
1407 1827 1514 1881 etc.

322 1927 520 1987 usque
563 1905 854 1970 Fabrice.
948 1907 1266 1988 Sequitur
1303 1906 1518 1970 Prosa

323 2016 367 2057 a
443 2004 570 2058 toto
641 1995 824 2058 choro
877 1995 1251 2058 alternatim
1310 1995 1518 2058 dicen-

323 2083 429 2146 da.
506 2084 738 2148 Prosa.

323 2172 691 2305 Facture
765 2171 1116 2237 dominans
1182 2179 1514 2255 potestate

460 2269 664 2343 atque
761 2261 1152 2343 principans
1274 2277 1322 2346 γ
1365 2261 1514 2324 Vir-

323 2357 470 2412 tute
500 2369 632 2412 non
664 2349 1027 2432 adjectiva:
1058 2349 1174 2412 sed
1195 2349 1418 2412 nativa
1449 2357 1518 2412 et

327 2437 762 2502 substantiva.
822 2454 870 2523 γ
917 2436 1298 2501 Condolens
1328 2456 1513 2501 nam-

327 2546 460 2609 que
490 2526 648 2591 diva
683 2525 964 2591 bonitas,
1053 2543 1101 2613 γ
1149 2525 1512 2590 Hominem

328 2636 530 2698 quern
605 2626 939 2680 creaverat
1004 2616 1090 2679 ad
1152 2616 1376 2679 vitam.
1466 2632 1514 2701 γ

331 2704 592 2767 Fraude
622 2703 846 2768 hostiS.
935 2721 983 2790 γ
1032 2704 1404 2767 Incurrisse.
1467 2721 1515 2790 γ

332 2792 572 2856 Mortis
632 2791 1027 2856 discrimina.
1126 2809 1174 2878 γ
1219 2793 1516 2856 Dictavit

331 2880 676 2944 consilium
721 2879 1113 2944 admirabile
1158 2890 1358 2964 atque
1401 2901 1516 2945 ne-

330 2970 700 3033 cessarium.
810 2986 858 3055 y
905 2968 1236 3033 Fabricae.
1265 2970 1515 3032 mundi.

327 3058 624 3122 Paratus
653 3058 886 3120 iterum
897 3057 1227 3138 presbyter
1249 3058 1390 3120 sive
1414 3057 1516 3119 di-

329 3145 598 3209 aconus¹
639 3146 1096 3209 dalmaticatus
1129 3146 1356 3208 statim
1370 3155 1523 3229 post

316 3245 584 3316 prosam
645 3234 914 3317 incipiat
981 3234 1380 3317 evangelium
1447 3234 1520 3297 in

329 3322 608 3386 sinistra
620 3333 817 3405 parte
841 3323 1093 3387 altaris.
1189 3323 1520 3386 Dominus

329 3410 694 3475 vobiscum.
783 3411 874 3475 Et
919 3431 1070 3475 cum
1102 3412 1336 3494 spiritu
1383 3421 1520 3475 tu0.

329 3499 611 3563 Initium
668 3500 878 3563 sancti
935 3499 1256 3581 evangelii
1309 3520 1522 3563 secun-

332 3588 493 3651 dum
523 3588 890 3653 mattheum.
974 3587 1200 3652 Gloria
1246 3588 1368 3652 tibi
1403 3589 1524 3652 do-

335 3696 533 3740 mine.

470 3764 610 3827 iber
632 3764 1073 3846 generationis
1094 3764 1250 3847 Jesu
1278 3764 1523 3829 Christi

468 3853 586 3916 filii
674 3853 871 3917 david
966 3853 1080 3916 filii
1184 3851 1520 3918 abraham.

332 3940 681 4005 Abraham
730 3942 992 4005 autem²
1035 3944 1265 4023 genuit
1323 3963 1522 4024 ysaac

331 4049 534 4112 ysaac
559 4038 781 4093 autem
806 4031 1034 4112 genuit
1051 4030 1076 4111 j
1084 4030 1268 4094 acob.
1313 4031 1522 4112 Jacob

335 4128 560 4182 autem
613 4118 842 4199 genuit
885 4118 1118 4200 judam
1169 4128 1236 4182 et
1289 4119 1522 4183 fratres

333 4207 498 4288 ejus.
541 4206 752 4289 Judas
776 4215 998 4269 autem
1030 4209 1260 4290 genuit
1281 4208 1522 4291 phares

332 4306 404 4360 et
449 4295 712 4359 saram⁸
757 4295 842 4359 de
887 4294 1164 4360 thamar.
1280 4297 1522 4361 Phares

532 4470 1232 4590 ἓζῖἓὲΐᾚῗέῗὲῗν.

535 4606 554 4634 ²
585 4619 746 4654 zaram
772 4620 783 4653 ε
821 4604 877 4653 Ε.
888 4604 950 4653 G.

2148 476 2252 532 86

1617 591 1844 644 autem
1906 583 2139 663 genuit
2197 601 2431 646 esrom.
2560 581 2801 646 Esrom

1617 679 1844 733 autem
1888 671 2119 752 genuit
2164 691 2363 733 aram.
2439 669 2651 734 Aram
2690 691 2803 734 au-

1615 767 1756 822 tem
1820 759 2051 840 genuit
2124 758 2501 822 aminadab.
2607 758 2802 823 Ami-

1617 847 1840 910 nadab
1930 856 2155 910 autem
2228 847 2459 929 genuit
2532 867 2801 912 naason.

1618 955 1867 999 naason
1930 945 2157 998 autern
2232 935 2464 1018 genuit
2522 935 2799 999 salmon.

1619 1023 1895 1089 Salmon
1946 1032 2167 1089 autem
2220 1023 2450 1106 genuit
2500 1023 2669 1087 booz
2716 1024 2802 1086 de

1619 1112 1797 1176 raab.
1872 1113 2053 1175 Booz
2084 1120 2309 1176 autern
2337 1113 2569 1195 genuit
2598 1111 2803 1176 obeth

1615 1221 1707 1264 ex
1762 1199 1929 1266 ruth.
2020 1199 2247 1267 obeth
2300 1209 2525 1264 autem
2571 1201 2804 1283 genuit

1611 1289 1806 1372 jesse.
1866 1290 2055 1372 Jesse
2085 1299 2311 1353 autern
2341 1289 2572 1372 genuit
2602 1289 2801 1352 david

1617 1397 1859 1459 regem.
1922 1378 2139 1441 David
2172 1385 2395 1442 autem
2419 1397 2541 1441 rex
2569 1378 2804 1459 genuit

1616 1465 2027 1530 salomonem
2070 1485 2157 1528 ex
2190 1487 2270 1530 ea
2300 1485 2429 1548 que
2476 1465 2600 1529 suit
2648 1467 2804 1529 urie.

1619 1553 1940 1619 Salomon
1969 1563 2193 1618 autem
2234 1555 2465 1636 genuit
2507 1553 2802 1617 roboam.

1619 1643 1891 1706 Roboas
1910 1643 1934 1680 ⁴
1994 1653 2217 1707 autem
2277 1643 2509 1724 genuit
2560 1642 2801 1706 abiam.

1615 1730 1830 1794 Abias
1882 1740 2104 1794 autem
2154 1730 2384 1813 genuit
2434 1751 2569 1795 asa.
2655 1730 2805 1794 Asa

1613 1828 1840 1882 autem
1858 1821 2088 1902 genuit
2103 1818 2432 1902 josaphat.
2477 1817 2806 1900 Josaphat

1615 1919 1839 1971 autem
1898 1909 2129 1990 genuit
2182 1907 2417 1989 joram.
2570 1907 2802 1988 Joram

1614 2005 1839 2059 autem
1928 1997 2157 2078 genuit
2248 1997 2481 2063 oziam.
2601 1994 2804 2059 Ozias
2856 2005 2865 2022 ·

1613 2093 1838 2148 autem
1878 2085 2110 2166 genuit
2156 2082 2451 2164 joathan.
2497 2082 2805 2164 Joathas⁵

1615 2181 1839 2236 autem
1870 2172 2100 2254 genuit
2128 2170 2349 2235 achaz.
2422 2170 2655 2236 Achaz
2688 2192 2801 2234 au-

1614 2270 1751 2325 tem
1799 2262 2030 2343 genuit
2060 2258 2411 2323 ezechiam.
2480 2257 2803 2323 Ezechias

1617 2358 1841 2412 autem
1893 2349 2123 2432 genuit
2169 2368 2559 2412 manassem.
2653 2346 2801 2410 Ma-

1615 2457 1843 2501 nasses
1932 2445 2157 2501 autem
2264 2437 2495 2519 genuit
2582 2455 2803 2500 amon.

1617 2527 1847 2592 Amon
1922 2534 2147 2591 autem
2230 2525 2461 2609 genuit
2538 2522 2801 2607 josiam.

1613 2616 1833 2699 Josias
1852 2625 2075 2679 autem
2100 2616 2330 2697 genuit
2348 2614 2723 2696 jechoniam
2734 2624 2805 2676 et

1617 2704 1849 2768 fratres
1871 2704 2013 2785 ejus
2033 2704 2098 2767 in
2119 2703 2765 2785 transmigrationem
2778 2701 2803 2739 ⁶

1615 2791 1985 2875 babylonis
2070 2792 2161 2856 Et
2193 2800 2346 2875 post
2377 2792 2801 2873 transmigra-

1617 2883 1869 2945 tionem
1912 2880 2265 2961 babylonis
2303 2879 2643 2961 jechonias
2690 2900 2803 2961 ge-

1619 2971 1764 3034 nuit
1794 2968 2112 3033 salathiel.
2204 2966 2527 3034 Salathiel
2574 2977 2801 3030 autem

1618 3059 1850 3142 genuit
1932 3056 2297 3121 zorobabel.
2435 3055 2803 3121 Zorobabel

1619 3156 1844 3211 autem
1923 3146 2153 3227 genuit
2240 3144 2461 3209 abiud.
2570 3144 2803 3209 Abiud

1618 3245 1845 3300 autem
1906 3234 2139 3317 genuit
2182 3232 2503 3298 eliachim.
2626 3233 2806 3295 Elia-

1619 3323 1797 3389 chim
1827 3334 2051 3388 autem
2096 3324 2327 3405 genuit
2356 3342 2521 3386 asor.
2623 3321 2805 3384 Asor

1622 3422 1848 3476 autem
1900 3412 2131 3495 genuit
2181 3410 2447 3474 sadoch.
2538 3408 2805 3475 Sadoch

1624 3512 1850 3566 autem
1911 3500 2141 3583 genuit
2201 3499 2435 3563 achim.
2553 3496 2803 3561 Achim

1625 3598 1851 3653 autem
1882 3590 2111 3671 genuit
2156 3585 2350 3650 eliud.
2444 3585 2641 3649 Eliud
2690 3606 2803 3649 au-

1623 3687 1762 3742 tem
1822 3678 2050 3760 genuit
2118 3674 2389 3739 eleazar.
2527 3673 2807 3736 Eleazar

1623 3775 1851 3830 autern
1880 3765 2111 3847 genuit
2142 3762 2431 3827 mathan.
2523 3760 2802 3824 Mathan

1622 3864 1847 3919 autem
1865 3854 2094 3936 genuit
2107 3850 2322 3935 jacob.
2352 3850 2563 3933 Jacob
2580 3859 2804 3913 autem

1620 3942 1850 4026 genuit
1874 3939 2111 4025 joseph
2142 3940 2354 4005 virum
2388 3938 2609 4003 marie.
2701 3938 2809 4002 De

1623 4052 1756 4115 qua
1786 4039 1981 4093 natus
2010 4038 2113 4093 est
2142 4029 2335 4112 Jesus
2381 4028 2493 4113 qui
2536 4036 2811 4092 vocatur

1624 4120 1941 4185 Christus
2092 4117 2233 4199 Quo
2281 4117 2483 4200 finito
2541 4116 2815 4198 incipiat

1606 4207 1933 4292 presbyter
1962 4208 2079 4291 qui
2109 4206 2381 4290 officium
2415 4205 2595 4288 facit
2625 4204 2808 4287 psal-

1621 4318 1805 4361 mum
1850 4297 1953 4361 Te
2008 4297 2227 4360 Deum
2279 4294 2651 4361 laudamus·
2711 4292 2817 4357 Et

1794 4476 1813 4503 ⁴
1848 4472 2101 4523 Roboam:
2136 4471 2270 4523 E.G.

1794 4542 1815 4570 ⁸
1844 4540 2084 4603 Joathan:
2120 4539 2179 4588 E.

1791 4608 1811 4636 ⁸
1843 4605 2290 4669 transmigratione:
2324 4604 2387 4654 G.
