3375 5100
1215 356 1265 427 Q
1276 358 1379 413 UA
1387 356 1555 411 ΒΕΑ
1568 356 1908 411 GESJME.

878 466 1035 523 325

340 567 864 656 purificationem
927 572 1216 637 tribuat:
1264 581 1333 635 et
1396 594 1536 637 ma-

336 660 561 742 jestati
594 670 707 724 tue
756 681 876 724 nos
923 663 1157 726 reddat
1206 672 1531 745 acceptos

320 752 469 813 'Per
507 750 869 813 dominum.
958 750 1083 813 Ad
1128 761 1419 832 vesperas
1465 753 1535 814 in

338 857 595 919 evange.
648 846 753 901 ar't'.
803 838 998 901 Panis
1052 840 1228 901 enim
1280 839 1385 901 dei
1432 848 1534 901 est

339 928 453 1009 qui
485 926 828 990 descendit
858 927 944 990 de
984 926 1129 990 celo
1171 937 1239 990 et
1288 927 1407 990 dat
1437 928 1533 990 vi-

336 1025 479 1078 tam
513 1016 779 1077 mundo,
826 1023 927 1097 pff.
977 1015 1203 1098 Magn.
1285 1015 1529 1079 Oratio,

334 1104 809 1237 subjectum
854 1103 975 1166 tibi
1022 1104 1342 1186 populum
1374 1124 1532 1185 que-

470 1211 698 1255 sumus
796 1192 1065 1255 domine
1140 1194 1533 1274 propiciatio

338 1279 597 1342 celestis
644 1280 1045 1362 amplificet:
1093 1290 1161 1343 et
1194 1282 1323 1343 tuis
1354 1301 1532 1343 sem-

336 1386 454 1449 per
477 1368 676 1431 saciat
705 1370 949 1431 servire
979 1370 1326 1432 mandatis.
1409 1370 1534 1433 Per

338 1456 701 1519 dominum.

338 1549 402 1622 11*
448 1545 645 1608 Feriez
679 1545 763 1627 vj.
1242 1544 1457 1608 Lectio
1466 1547 1529 1628 j.

332 1634 779 1765 Benedixit
896 1632 1207 1697 dominus
1297 1636 1524 1697 domui

477 1722 731 1804 egyptii
808 1732 1077 1804 propter
1145 1722 1383 1805 joseph
1458 1732 1527 1787 et

337 1810 800 1892 multiplicavit
822 1820 959 1873 tam
988 1812 1051 1874 in
1076 1812 1308 1874 edibus
1322 1831 1523 1892 quam

334 1897 399 1960 in
462 1899 638 1980 agris
700 1908 1005 1962 cunctam
1081 1900 1521 1963 substantiam

333 1986 477 2068 ejus
505 2007 519 2049 :
568 2006 689 2050 nec
720 1988 1075 2069 quicquam
1108 1988 1288 2051 aliud
1323 2007 1527 2051 nove-

331 2084 435 2137 rat
462 2097 477 2139 :
524 2076 647 2137 nisi
680 2094 923 2156 panem
956 2096 1090 2158 quo
1119 2076 1523 2139 vescebatur.

336 2162 500 2226 Erat
531 2172 753 2227 autem
776 2165 1023 2246 Joseph
1055 2163 1327 2247 pulcher
1356 2164 1523 2228 facie

326 2260 397 2315 et
429 2252 705 2315 decorus
736 2262 1026 2335 aspectu.
1202 2252 1419 2316 Lectio
1450 2252 1521 2335 ij,

327 2344 585 2471 post
619 2339 864 2404 multos
888 2342 1113 2423 itaque
1132 2341 1274 2405 dies
1298 2341 1522 2422 injecit

481 2429 753 2492 domina
771 2429 997 2493 oculos
1016 2450 1171 2493 suos
1195 2431 1261 2493 in
1282 2430 1519 2513 joseph

324 2525 395 2581 et
423 2518 556 2582 ait:
607 2518 839 2582 Dormi
874 2538 1149 2583 mecum.
1242 2518 1373 2602 Qui
1408 2538 1521 2582 ne-

324 2626 663 2689 quaquam
695 2607 1121 2689 acquiescens
1173 2609 1355 2690 operi
1404 2629 1515 2671 ne-

323 2694 557 2777 phario
587 2695 762 2759 dixit
806 2695 895 2758 ad
940 2716 1129 2760 eam:
1178 2696 1355 2760 Ecce
1398 2696 1515 2759 do-

324 2785 543 2847 minus
574 2803 763 2846 meus
810 2785 1121 2848 omnibus
1170 2784 1331 2847 mihi
1385 2796 1513 2849 tra-

318 2871 480 2936 ditis
554 2873 814 2954 i'gnorat
872 2872 1083 2956 qu0d¹
1146 2872 1389 2937 habeat
1450 2875 1515 2936 in

320 2961 527 3023 domo
582 2981 743 3024 sua:
813 2981 932 3024 nec
997 2962 1351 3044 quicquam
1414 2971 1517 3026 est

320 3049 501 3132 quod
556 3069 689 3113 non
732 3049 797 3112 in
853 3069 1003 3112 mea
1044 3050 1132 3114 sit
1185 3059 1516 3133 potestate

314 3137 421 3199 vel
456 3155 589 3200 non
621 3138 967 3202 tradiderit
998 3137 1159 3202 mihi
1197 3147 1416 3221 preter
1446 3147 1513 3202 te

319 3245 451 3308 que
483 3245 657 3289 uxor
684 3227 826 3308 ejus
857 3247 945 3290 es·
1174 3227 1385 3290 Lectio
1416 3227 1512 3310 iij.

454 3314 746 3379 uomodo
774 3335 934 3398 ergo
958 3335 1227 3398 possum
1263 3315 1512 3379 malum

454 3402 577 3466 hoc
624 3401 837 3468 facere
889 3413 959 3467 et
997 3424 1269 3486 peccare
1300 3405 1366 3467 in
1398 3404 1512 3466 de-

316 3491 471 3553 um²
502 3511 741 3554 meum.
792 3491 1271 3574 Hujuscemodi
1294 3491 1511 3555 verbis

314 3599 435 3660 per
463 3579 757 3662 singulos
789 3580 931 3644 dies
963 3580 1394 3663 loquebatur:
1441 3589 1510 3644 et

317 3666 551 3731 mulier
584 3668 865 3732 molesta
910 3679 1051 3732 erat
1104 3668 1509 3733 adolescenti

312 3765 383 3820 et
428 3755 541 3820 ille
589 3757 933 3822 recusabat
964 3765 1283 3840 stuprum.
1374 3757 1511 3821 Ac-

310 3843 477 3907 cidit
528 3853 754 3907 autem
810 3855 883 3908 ut
936 3846 1227 3927 quadam
1274 3846 1383 3909 die
1415 3846 1511 3910 in-

312 3941 523 3996 traret
553 3932 803 4016 Joseph
841 3933 1117 3997 domum
1174 3943 1243 3998 et
1294 3935 1510 4016 operis

312 4021 657 4103 quippiam
684 4021 935 4104 absque
965 4023 1225 4086 arbitris
1244 4023 1510 4087 faceret:

310 4120 380 4173 et
457 4109 569 4173 illa
644 4109 1058 4193 apprehensa
1130 4111 1509 4176 vestimenti

312 4197 459 4279 ejus
490 4197 727 4262 lacinia
757 4199 1008 4264 diceret
1036 4221 1051 4265 :
1102 4201 1336 4264 Dormi
1374 4220 1509 4263 me-

310 4305 482 4350 cum.
576 4287 710 4370 Qui
743 4287 973 4352 relicto
1018 4287 1085 4351 in
1136 4309 1338 4352 manu
1368 4287 1513 4370 ejus

310 4374 515 4456 pallio
542 4373 711 4458 fugit
736 4397 751 4440 :
784 4385 854 4440 et
875 4397 1179 4460 egressus
1199 4385 1302 4440 est
1320 4376 1513 4442 foras,

716 4549 729 4580 ¹
765 4551 926 4615 quid:
962 4541 1187 4602 E.G.w.

2149 466 2303 522 326

1636 573 1721 636 In
1752 592 2005 653 evange.
2051 581 2158 637 ανῖ.
2199 572 2402 653 Aqua
2451 592 2652 654 quam
2708 593 2835 655 ego

1637 661 1884 725 dedero
1903 661 2015 743 qui
2038 661 2275 725 biberit
2295 682 2382 723 ex
2405 682 2483 724 ea
2508 681 2638 725 non
2655 662 2832 725 sitiet

1638 770 1951 831 unquam.
1983 758 2084 831 pff.
2117 750 2532 813 Benedictus
2584 750 2830 814 Oratio,

1805 838 2026 918 ejunia
2068 848 2292 901 nostra
2323 858 2679 919 quesumus
2711 839 2832 901 do-
2889 882 2896 888 -

1805 928 1981 989 mine
2015 927 2302 1009 benigno
2338 925 2560 989 favore
2607 948 2830 1008 prose-

1635 1035 1876 1097 quere:
1955 1024 2027 1078 ut
2101 1016 2270 1078 sicut
2345 1016 2430 1077 ab
2493 1015 2825 1079 alimentis

1636 1103 2046 1167 abstinemus
2106 1103 2173 1166 in
2234 1123 2556 1184 corpore:
2633 1104 2728 1166 ita
2787 1125 2828 1167 a

1634 1193 1810 1255 vitiis
1847 1191 2225 1274 jejunemus
2255 1192 2322 1254 in
2371 1202 2612 1255 mente.
2705 1193 2828 1255 Per

1632 1281 1998 1344 dominum.
2043 1280 2168 1343 Ad
2178 1290 2466 1361 vesperas
2483 1279 2550 1342 in
2573 1301 2825 1362 evange.

1631 1389 1734 1432 an.
1787 1369 1942 1433 Veri
2005 1370 2388 1432 adoratores
2447 1369 2825 1432 adorabunt

1632 1467 1893 1539 patrem
1926 1458 1993 1520 in
2024 1458 2258 1539 spiritu
2284 1467 2352 1521 et
2380 1458 2674 1521 veritate.
2721 1467 2822 1539 pf.

1635 1545 2040 1627 Magnificat.
2577 1545 2822 1610 Oratio,

1628 1637 1959 1767 presta
1988 1654 2349 1716 quesumus
2397 1635 2822 1716 omnipotens

1784 1722 1948 1787 deus
1976 1744 1990 1786 :
2041 1732 2114 1786 ut
2165 1723 2276 1804 qui
2311 1724 2378 1785 in
2411 1731 2529 1786 tua
2561 1733 2820 1805 protec-

1624 1810 1807 1874 tione
1867 1809 2261 1874 confidimus
2321 1821 2562 1874 cuncta
2613 1812 2816 1876 ‘nobis

1624 1900 2048 1963 adversantia
2078 1908 2144 1961 te
2187 1899 2546 1979 adjuvante
2589 1900 2814 1964 vinca-

1627 2008 1788 2051 mus,
1884 1988 2007 2050 Per
2035 1986 2396 2051 dominum.

1627 2080 1692 2153 (Ι
1743 2076 1799 2139 S
1798 2076 2040 2139 abbata.
2532 2076 2746 2139 Lectio
2754 2078 2815 2159 j.

1634 2165 1982 2298 Cunque
2031 2164 2308 2227 vidisset
2376 2164 2609 2227 mulier
2672 2186 2816 2227 ves-

1759 2262 1896 2316 tem
1946 2253 2012 2315 in
2057 2251 2360 2315 manibus
2405 2252 2582 2317 suis:
2630 2261 2698 2316 et
2742 2273 2814 2316 se

1622 2361 1768 2404 esse
1811 2350 2304 2423 contemptam:
2379 2340 2639 2404 vocavit
2697 2340 2786 2405 ho

1623 2430 1832 2493 mines
1910 2429 2150 2493 domus
2239 2448 2355 2492 sue
2445 2438 2512 2493 et
2571 2430 2663 2493 ait
2725 2430 2810 2493 ad

1622 2538 1781 2583 eos:
1830 2518 1934 2582 En
1998 2517 2371 2582 introduxit
2427 2518 2642 2582 virum
2696 2517 2807 2582 he-

1621 2608 1852 2671 breum
1914 2617 1989 2671 ut
2041 2606 2344 2671 illuderet
2396 2607 2604 2671 nobis.
2701 2608 2812 2671 In-

1619 2716 1883 2778 gressus
1958 2705 2058 2760 est
2133 2696 2220 2759 ad
2296 2715 2403 2758 me
2471 2705 2546 2760 ut
2607 2697 2810 2760 coiret

1622 2805 1902 2849 mecum.
2039 2783 2320 2866 Cunque
2380 2803 2504 2866 ego
2565 2783 2812 2849 succla-

1620 2892 1908 2936 massem
1933 2882 2002 2936 et
2024 2873 2317 2937 audisset
2339 2893 2567 2937 vocem
2591 2893 2808 2937 meam

1620 2961 1886 3044 reliquit
1931 2961 2204 3042 pallium
2246 2963 2426 3044 quod
2459 2962 2809 3026 tenebam:

1618 3058 1685 3113 et
1718 3049 1887 3132 fugit
1906 3047 2106 3113 foras.
2495 3050 2706 3112 Lectio
2739 3050 2806 3133 ij.

1616 3140 1768 3270 ln
1800 3147 2267 3220 argumentum
2300 3159 2457 3221 ergo
2501 3137 2654 3203 fidei
2710 3160 2807 3202 re-

1724 3235 1983 3291 tentum
2030 3226 2304 3309 pallium
2346 3227 2638 3291 ostendit
2669 3247 2808 3290 ma-

1616 3314 1742 3379 rito
1803 3315 2152 3378 revertenti
2213 3315 2485 3378 domum
2547 3324 2615 3378 et
2664 3315 2807 3379 ait:

1619 3403 1962 3486 Ingressus
1993 3412 2094 3466 est
2123 3402 2209 3465 ad
2261 3423 2367 3466 me
2420 3423 2646 3466 servus
2694 3403 2808 3467 he·-

1615 3490 1810 3555 breus
1840 3511 2034 3574 quem
2071 3489 2411 3554 adduxisti
2454 3501 2528 3554 ut
2573 3490 2808 3555 illude-

1616 3589 1716 3644 ret
1763 3579 1942 3644 mihi.
2035 3578 2314 3661 Cunque
2362 3579 2636 3643 vidisset
2697 3600 2806 3643 me

1616 3668 1942 3732 clamare:
1988 3665 2250 3748 reliquit
2280 3665 2552 3749 pallium
2595 3675 2664 3730 et
2709 3665 2809 3731 fu-

1614 3757 1715 3839 git
1768 3755 1959 3819 foras,
2053 3755 2182 3818 His
2221 3755 2464 3818 auditis
2496 3755 2806 3819 dominus

1616 3853 1685 3908 et
1716 3845 1994 3909 nimium
2041 3842 2342 3907 credulus
2385 3844 2602 3907 verbis
2649 3863 2810 3907 con-

1613 3933 1790 4015 jugis
1823 3934 2027 3996 iratus
2057 3941 2159 3995 est
2190 3931 2402 3996 valde,
2471 3932 2806 3997 Tradidit-

1614 4043 1748 4105 que
1768 4019 2005 4104 joseph
2033 4021 2099 4083 in
2125 4040 2447 4084 carcerem
2471 4021 2580 4084 ubi
2605 4023 2808 4086 vincti

1619 4112 1792 4193 regis
1825 4109 2401 4174 custodiebantur:
2448 4119 2516 4173 et
2546 4120 2686 4174 erat
2718 4111 2807 4174 ibi

1614 4199 1892 4263 clausus,
2467 4199 2682 4262 Lectio
2714 4199 2812 4282 iij.

1615 4289 1866 4420 Fuit
1897 4297 2122 4350 autem
2154 4287 2466 4351 dominus
2512 4308 2662 4352 curn
2705 4288 2808 4370 jo-

1769 4375 1934 4460 seph
1966 4385 2034 4438 et
2065 4377 2373 4440 misertus
2406 4375 2578 4440 illius
2623 4377 2810 4440 dedit

1781 4551 1800 4580 ²
1833 4549 2091 4600 dominum
2117 4569 2130 4604 :
2167 4551 2210 4600 Ε
2235 4551 2386 4601 G.W.
