3375 5100
1126 369 1609 425 EPIPHANIE
1652 370 1990 427 DOMINI.

845 477 987 532 165

2135 479 2278 534 166

316 579 523 646 maria
568 590 781 646 matre
812 582 957 665 ejus
987 591 1057 648 et
1087 584 1507 667 procidentes
1606 585 2053 650 adoraverunt
2127 605 2300 650 eum.
2393 584 2486 649 Et
2561 586 2812 668 apertis

314 671 760 735 adoraverunt
841 691 1013 736 eum.

228 835 237 842 .
318 757 547 823 Gloria
578 759 770 842 patri.
864 759 1109 824 Gavisi.

318 852 384 926 ff
424 849 511 911 In
556 848 645 928 iij
696 856 999 911 nocturno
1057 857 1163 914 αῆ.
1268 849 1510 912 Venite

316 935 673 999 adoremus
720 936 966 999 deum:
1009 937 1168 1017 quia
1220 935 1361 1019 ipse
1410 946 1515 1002 est

316 1024 630 1088 dominus
650 1024 815 1087 deus
838 1033 1078 1088 noster.
1118 1033 1219 1106 ps.
1251 1025 1515 1090 Venite.

318 1120 425 1176 αῇ.
471 1112 779 1175 Adorate
823 1112 1170 1175 dominum
1204 1111 1397 1176 all’a:
1444 1114 1512 1175 in

319 1199 475 1264 aula
506 1210 737 1263 sancta
786 1199 929 1280 ejus
982 1200 1148 1264 all’a.
1202 1209 1304 1282 pf.
1339 1201 1515 1266 Can-

318 1298 461 1352 tate
494 1287 585 1371 (i.)
618 1296 727 1351 αῇ.
759 1287 1063 1353 Adorate
1094 1290 1291 1352 deum
1324 1287 1471 1352 all’a
1500 1309 1515 1354 τ

319 1395 555 1441 omnes
586 1376 803 1458 angeli
836 1377 979 1457 ejus
1010 1376 1175 1442 all’a.
1236 1385 1339 1458 pf.
1377 1377 1517 1440 Do-

322 1467 543 1528 minus
575 1465 876 1546 regnavit
906 1464 1181 1528 exultet.
1271 1482 1318 1551 y
1351 1464 1517 1529 Om-

322 1573 442 1617 nes
494 1561 733 1633 gentes
794 1572 1225 1635 quascunque
1285 1552 1517 1618 fecisti.

318 1641 615 1706 Venient
646 1648 715 1702 et
760 1641 1135 1704 adorabunt
1179 1661 1401 1704 coram
1449 1650 1517 1704 te

323 1729 597 1793 domine
629 1727 796 1792 all’a.
979 1729 1113 1792 Sec.
1144 1729 1517 1793 mattheum.

336 1819 576 1950 Cum
601 1826 795 1880 natus
820 1824 995 1880 esset
1017 1818 1212 1899 Jesus
1236 1819 1303 1880 in
1329 1818 1519 1881 beth-

461 1904 631 1968 leem
690 1904 853 1986 jude
894 1904 961 1968 in
1023 1905 1257 1969 diebus
1330 1905 1526 1969 hero-

324 1993 430 2057 dis
462 1994 654 2076 regiS.
730 1993 905 2057 Ecce
939 1995 1115 2076 magi
1152 1994 1239 2056 ab
1269 1995 1523 2057 oriente

325 2090 655 2145 venerunt
674 2081 1171 2145 hierosolimam
1193 2081 1489 2146 dicentes
1508 2103 1522 2145 :

329 2169 468 2235 Ubi
500 2179 603 2233 est
634 2169 749 2251 qui
782 2179 978 2233 natus
1019 2179 1121 2233 est
1168 2189 1287 2232 rex
1332 2170 1527 2250 jude-

327 2278 519 2321 orum
547 2257 571 2320 ?
622 2257 713 2320 Et
738 2257 1010 2342 reliqua.
1082 2257 1334 2324 Omelia
1358 2258 1532 2321 beati

315 2345 617 2430 gregorii
620 2354 803 2428 pape.
1147 2345 1363 2410 Lectio
1386 2345 1527 2429 vij)

462 2436 597 2498 icut
622 2434 689 2496 in
714 2434 995 2497 lectione
1013 2434 1396 2517 evangelica
1415 2453 1529 2498 au-

471 2522 663 2588 distis
694 2521 929 2587 fratres
960 2521 1357 2588 charissimi:
1404 2522 1529 2587 celi

330 2632 487 2695 rege
507 2622 699 2675 nato:
725 2632 845 2675 rex
866 2622 1037 2675 terre
1060 2611 1362 2675 turbatus
1388 2621 1489 2675 est
1513 2634 1527 2677 :

330 2701 491 2783 quia
557 2700 871 2763 nimirum
925 2709 1188 2763 terrena
1242 2701 1529 2765 altitudo

330 2788 785 2852 confunditur:
805 2808 957 2852 cum
979 2789 1306 2853 celsitudo
1324 2788 1531 2851 celes-

329 2877 418 2941 tis
450 2877 757 2958 aperitur.
827 2874 961 2941 Sed
984 2878 1395 2960 querendum
1428 2885 1531 2940 est

332 2965 527 3030 nobis
546 2964 869 3047 quidnam
894 2966 981 3027 sit
1006 2965 1189 3047 quod
1222 2965 1529 3048 redemp-

331 3063 479 3118 tore
510 3062 671 3116 nato
696 3053 1070 3135 pastoribus
1090 3054 1157 3116 in
1177 3052 1383 3135 judea
1415 3074 1533 3117 an-

333 3141 524 3224 gelus
576 3142 927 3223 apparuit:
976 3142 1218 3223 atque²
1249 3142 1531 3205 adoran-

334 3231 499 3293 dum
546 3228 722 3293 hunc
782 3230 871 3293 ab
930 3230 1187 3293 oriente
1251 3250 1485 3312 magos
1515 3250 1530 3293 :

336 3338 473 3381 non
505 3317 780 3399 angelus
802 3318 920 3382 sed
954 3318 1147 3381 stella
1166 3319 1485 3401 perduxit
1507 3316 1531 3380 ?

337 3404 517 3488 Quia
564 3406 877 3470 videlicet
932 3406 1153 3487 judeis
1206 3416 1531 3488 tanquam

336 3496 596 3558 ratione
628 3494 967 3558 utentibus
1014 3494 1340 3558 rationale
1386 3496 1531 3557 ani-

339 3582 474 3646 mal
504 3604 522 3647 :
572 3584 642 3646 id
705 3590 806 3645 est
854 3583 1132 3665 angelus
1192 3584 1533 3666 predicare

338 3671 611 3735 debuit:
674 3669 959 3753 gentiles
1010 3692 1171 3735 vero
1232 3672 1389 3753 quia
1435 3671 1531 3734 uti

340 3759 598 3823 ratione
660 3758 1046 3823 nesciebant
1106 3760 1191 3823 ad
1254 3780 1541 3842 cognos-

338 3847 627 3911 cendum
660 3846 1041 3911 dominum:
1091 3867 1225 3911 non
1272 3866 1391 3930 per
1418 3868 1535 3911 vo-

338 3956 525 4000 cem:
572 3934 691 3998 sed
723 3935 1045 4017 persigna
1068 3936 1533 4018 perducuntur.

338 4024 455 4087 Re.
485 4024 811 4087 Videntes
834 4023 1096 4087 stellam
1123 4024 1299 4107 magi
1324 4023 1536 4106 gavisi

342 4121 500 4175 sunt
522 4111 773 4193 gaudio
793 4131 1073 4193 magno:
1120 4121 1189 4176 et
1215 4114 1537 4176 intrantes

337 4201 616 4264 domum
651 4199 1043 4263 invenerunt
1074 4221 1352 4283 puerum
1384 4220 1537 4263 cum

340 4290 554 4351 maria
573 4296 785 4351 matre
809 4287 952 4371 ejus
977 4310 991 4353 :
1038 4298 1107 4353 et
1119 4290 1539 4372 procidentes

478 4436 491 4465 ¹
528 4442 732 4485 octava:
776 4436 854 4487 W.

478 4506 497 4533 ⁴
530 4516 623 4565 pro
650 4506 664 4530 '¹
682 4502 754 4551 eis
772 4504 785 4525 ’
808 4502 886 4551 his
913 4521 925 4553 :
962 4503 1186 4555 E.G.W.

478 4570 496 4597 '³
530 4568 837 4618 ostenditur:
872 4570 935 4620 G.

1356 4438 1377 4468 ²
1416 4436 1539 4485 ‘ad'
1564 4436 1704 4487 add:
1741 4436 1874 4487 E.G.

1360 4506 1379 4534 ⁸
1412 4502 1663 4571 quedam:
1699 4504 1764 4555 G.

1166 674 1509 739 VidenteS.
1608 674 1936 738 thesauris
1990 673 2124 736 suis
2157 672 2542 737 obtulerunt
2571 675 2632 737 ei
2665 694 2814 742 mua

1611 782 1770 825 nera
1825 781 2059 825 aurum
2109 761 2264 825 thus
2310 771 2380 825 et
2425 762 2714 828 mirram.
2761 781 2814 849 γ

1613 849 1830 915 Stella
1859 870 2062 932 quam
2093 849 2397 914 viderant
2437 850 2504 912 in
2555 851 2812 913 oriente

1610 938 2054 1001 antecedebat
2085 957 2200 1001 eos
2231 957 2442 1019 usque
2486 938 2649 1001 dum
2695 959 2808 1002 ve·-

1612 1027 1802 1089 niens
1835 1035 2040 1091 staret
2073 1045 2272 1108 supra
2304 1026 2417 1091 ubi
2450 1036 2596 1090 erat
2627 1046 2810 1108 puer.

1615 1115 1709 1177 Et
1741 1114 2003 1196 apertis
2295 1139 2302 1147 ·
2421 1114 2636 1178 Lectio
2667 1113 2813 1197 viij.

1608 1203 1826 1336 Sed
1860 1203 1926 1264 in
1957 1202 2269 1265 omnibus
2300 1200 2506 1284 signis
2537 1223 2669 1284 que
2699 1202 2807 1266 vel

1743 1299 2056 1354 nascente
2069 1289 2342 1353 domino
2361 1289 2466 1353 vel
2486 1291 2814 1354 moriente

1614 1387 1984 1441 monstrata
2014 1387 2169 1441 sunt
2197 1399 2211 1442 :
2253 1379 2812 1442 considerandum

1616 1466 1810 1528 nobis
1840 1475 1943 1530 est
1982 1476 2236 1547 quanta
2285 1465 2479 1531 fuerit
2531 1467 2597 1529 in
2649 1487 2814 1548 quo-

1616 1554 1898 1617 rundam
1913 1553 2265 1635 judeorum
2282 1555 2480 1618 corde
2493 1554 2746 1618 duricia
2762 1555 2818 1618 :³

1616 1663 1748 1725 que
1778 1641 1954 1706 hunc
1985 1662 2106 1707 nec
2136 1663 2255 1724 per
2299 1643 2646 1725 prophetie
2691 1643 2816 1706 do·-

1618 1749 1779 1793 num
1810 1751 1824 1794 :
1880 1751 2001 1794 nec
2033 1751 2152 1813 per
2175 1730 2492 1794 miracula
2523 1732 2820 1813 agnovit.

1619 1818 1870 1883 Omnia
1913 1819 2162 1901 quippe
2209 1819 2543 1882 elementa
2589 1827 2818 1883 aucto-

1619 1927 1760 1969 rem
1805 1926 2000 1968 suum
2045 1905 2303 1970 venisse
2350 1915 2598 1971 testata
2643 1917 2820 1972 sunt.

1626 1995 1725 2059 Ut
1787 1994 1964 2057 enim
1998 1994 2084 2057 de
2115 1994 2210 2056 eis
2235 1995 2260 2032 ⁴
2308 1994 2643 2076 quodam⁶
2692 2015 2816 2057 usu

1620 2081 1917 2146 humano
1950 2082 2220 2163 loquar:
2252 2082 2453 2145 deum
2485 2082 2660 2145 hunc
2691 2082 2818 2144 celi

1624 2190 1772 2234 esse
1805 2175 2290 2252 cognoverunt:
2331 2170 2488 2252 quia
2519 2171 2824 2252 protinus

1625 2257 1890 2322 stellam
1925 2256 2262 2320 miserunt.
2354 2258 2544 2321 Mare
2576 2277 2823 2339 cogno-

1623 2347 1722 2411 vit
1753 2347 1910 2428 quia
1939 2346 2064 2408 sub
2094 2345 2341 2427 plantis
2371 2345 2516 2427 ejus
2568 2366 2641 2409 se
2689 2344 2824 2409 cal-

1626 2435 1841 2500 cabile
1871 2434 2136 2517 prebuit
2163 2455 2177 2498 :
2225 2433 2433 2497 Terra
2465 2434 2778 2517 cognovit
2807 2455 2824 2498 :

1626 2523 1784 2606 quia
1814 2530 2116 2605 tempore
2147 2523 2378 2586 mortis
2401 2523 2544 2606 ejus
2569 2530 2826 2587 contre-

1628 2613 1817 2676 muit.
1909 2611 2027 2677 Sol
2074 2612 2428 2695 cognovit:
2475 2612 2631 2694 quia
2662 2612 2827 2674 lucis

1629 2722 1749 2764 sue
1793 2701 2015 2765 radios
2060 2700 2300 2764 eodem
2363 2709 2664 2783 tempore
2709 2700 2828 2763 ab·

1628 2789 1911 2853 scondit.
2001 2788 2116 2853 Re.
2163 2787 2324 2852 Tria
2365 2799 2519 2852 sunt
2553 2807 2829 2851 munera

1629 2878 1930 2960 preciosa
1990 2897 2121 2959 que
2181 2876 2570 2959 optulerunt
2647 2876 2826 2957 magi

1630 2965 1906 3029 domino
1967 2965 2034 3031 in
2085 2965 2196 3029 die
2250 2968 2378 3030 ista
2445 2973 2515 3029 et
2576 2962 2830 3027 habent

1631 3054 1700 3116 in
1731 3074 1804 3116 se
1851 3053 2074 3117 divina
2123 3053 2432 3117 misteria.
2527 3052 2609 3115 In
2662 3072 2830 3115 auro

1630 3151 1705 3205 ut
1725 3140 1750 3179 ⁶
1795 3140 2223 3205 ostendatur⁷
2267 3142 2441 3223 regis
2487 3141 2828 3223 potentia:

1631 3230 1701 3292 in
1761 3228 1956 3293 thure
2030 3230 2442 3293 sacerdotem
2508 3247 2828 3311 magnum

1629 3318 2023 3381 considera:
2126 3326 2195 3381 et
2295 3319 2363 3381 in
2436 3318 2637 3380 mirra
2711 3317 2832 3379 do-

1634 3406 1950 3470 minicam
2047 3405 2477 3487 sepulturam.
2611 3420 2661 3490 y
2710 3404 2833 3468 Sa·

1632 3495 1790 3558 lutis
1841 3502 2067 3557 nostre
2119 3502 2460 3556 auctorem
2509 3492 2688 3572 magi
2719 3512 2832 3554 ve-

1634 3583 1850 3646 nerati
1901 3590 2056 3645 sunt
2109 3582 2176 3643 in
2231 3578 2578 3643 cunabulis
2629 3588 2696 3641 et
2743 3578 2832 3641 de

1635 3671 1964 3736 thesauris
2025 3668 2160 3731 suis
2223 3667 2517 3730 misticas
2571 3666 2632 3728 ei
2684 3685 2831 3728 mu-

1636 3778 1869 3822 nerum
1917 3757 2170 3838 species
2233 3755 2633 3819 obtulerunt.
2750 3754 2832 3817 In

1635 3867 1814 3911 auro,
2501 3841 2718 3905 Lectio
2748 3843 2838 3907 ix.

1634 3937 1904 4070 saxa
1947 3940 2015 3997 et
2063 3931 2350 4015 parietes
2381 3940 2836 4013 cognoverunt

1767 4022 1924 4105 quia
1997 4028 2300 4103 tempore
2386 4022 2617 4084 mortis
2693 4020 2838 4101 ejus

1638 4112 1844 4175 scissa
1875 4117 2046 4175 sunt.
2147 4108 2453 4173 Infernus
2481 4110 2796 4191 cognovit
2822 4130 2838 4172 ε

1639 4200 1796 4282 quia
1827 4198 1949 4262 hos
1981 4218 2149 4281 quos
2180 4196 2456 4261 tenebat
2489 4206 2786 4263 mortuos
2817 4218 2831 4260 :

1640 4287 1952 4351 reddidit.
2045 4287 2135 4351 Et
2167 4296 2394 4351 tamen
2427 4284 2603 4348 hunc
2635 4304 2836 4367 quem

2171 4438 2191 4466 ⁸
2223 4433 2459 4484 duricicia
2486 4449 2498 4485 :
2531 4432 2614 4482 W.

2180 4504 2201 4535 ⁸
2242 4499 2358 4551 ‘ut’
2381 4516 2516 4550 on1.:
2551 4498 2616 4553 G.
