3375 5100
706 342 1125 400 DOMINICA
1183 342 1520 415 QUINTA,
1571 343 1870 415 SEXTA,
1920 344 2041 399 ET
2083 347 2478 401 SEPTIMA.

880 465 1036 520 625

346 583 706 649 devotione
736 584 986 648 letetur.
1037 584 1161 647 Per
1181 583 1543 649 dominum.

353 674 480 737 Ad
508 684 798 755 vesperas
828 671 897 736 in
926 693 1180 755 evange.
1210 683 1315 737 αῆ.
1394 674 1547 737 Pre-

356 771 586 844 ceptor
626 782 743 844 per
786 771 1000 825 totam
1051 771 1314 826 noctem
1361 761 1547 825 labo-

356 860 576 913 rantes
630 849 789 913 nihil
844 851 1177 932 cepimus:
1223 851 1288 913 in
1343 851 1545 914 verbo

357 949 579 1002 autem
602 947 717 1002 tuo
739 936 989 1001 laxabo
1008 937 1209 1001 rhete.
1224 947 1325 1020 pf.
1354 937 1547 1021 Mag-

358 1025 599 1089 nificat.

360 1119 423 1192 (I
470 1113 815 1177 Domim'ca
843 1113 927 1198 vj.
1007 1112 1139 1178 Sec.
1170 1114 1543 1179 mattheum.

356 1205 498 1334 ln
547 1202 659 1264 illo
705 1211 1043 1284 tempore:
1105 1203 1302 1266 Dixit
1352 1203 1546 1284 Jesus

453 1289 793 1372 discipulis
853 1291 1004 1354 suis,
1109 1291 1334 1354 Amen
1396 1291 1547 1357 dico

356 1380 596 1442 vobis:
665 1380 820 1460 quia
880 1379 1005 1441 nisi
1065 1377 1545 1444 habundaverit

350 1468 616 1548 justicia
664 1476 880 1531 vestra
942 1466 1090 1550 plus
1139 1487 1338 1550 quam
1393 1471 1546 1532 scri-

359 1556 591 1619 barum
646 1564 714 1618 et
762 1556 1211 1639 phariseorum
1262 1578 1394 1621 non
1448 1558 1545 1621 in-

358 1644 615 1709 trabitis
647 1643 715 1707 in
748 1665 1021 1728 regnum
1055 1644 1361 1708 celorum.
1456 1645 1548 1709 Et

358 1733 623 1815 reliqua.

363 1821 618 1886 Omelia
645 1822 725 1885 de
749 1821 1031 1885 diversis
1060 1820 1453 1884 tractatibus.

513 1913 747 1975 usticia
778 1911 1135 1974 scribarum
1165 1908 1405 1992 [Lectio
1433 1908 1544 1992 vij.

355 1911 511 2085 J
517 2008 585 2062 et
632 1998 1081 2081 phariseorum
1148 2007 1287 2061 erat
1335 1997 1548 2061 homi·-

360 2107 511 2149 nem
566 2107 697 2150 non
745 2087 1075 2150 occidere:
1119 2086 1386 2168 justicia
1435 2107 1546 2149 ve-

359 2195 432 2237 ro
491 2194 717 2238 eorum
768 2176 880 2256 qui
934 2194 1207 2256 regnum
1259 2175 1544 2239 celorum

359 2263 599 2325 intrare
672 2263 1052 2327 desiderant
1126 2262 1338 2343 major
1404 2282 1546 2325 esse

356 2350 599 2415 debet:
661 2361 734 2415 ut
787 2371 923 2414 non
982 2349 1194 2414 solum
1245 2350 1547 2413 homines

357 2458 489 2502 non
522 2439 871 2504 occidant:
920 2439 1037 2502 sed
1070 2459 1153 2502 ne
1186 2440 1549 2502 irascantur

356 2536 473 2590 aut
503 2527 658 2591 odio
688 2527 997 2593 habeant.
1157 2526 1376 2591 Lectio
1406 2526 1545 2611 viij.

512 2618 745 2681 usticia
803 2618 1005 2681 etiam
1059 2617 1418 2681 scribarum
1478 2625 1547 2681 et

509 2704 959 2788 phariseorum
1049 2713 1190 2768 erat
1269 2706 1545 2789 diligere

357 2793 681 2859 amicum:
726 2804 797 2858 et
840 2795 995 2858 odio
1041 2792 1283 2857 habere
1332 2794 1549 2857 inimi-

355 2902 506 2945 cum
534 2904 547 2945 :
580 2892 647 2945 et
672 2904 803 2946 non
838 2882 1121 2946 mechari
1152 2902 1305 2947 cum
1337 2902 1546 2946 uxore

358 2971 645 3053 proximi
678 2972 778 3035 sui
810 2982 1010 3053 atque
1040 2969 1255 3034 aliena
1280 2990 1412 3034 non
1446 2991 1545 3033 ra·

356 3080 527 3141 pere.
621 3060 713 3123 Et
737 3058 999 3142 justicia
1044 3079 1269 3123 eorum
1302 3068 1403 3122 est
1434 3058 1545 3141 qui

360 3149 655 3210 intraturi
718 3158 871 3211 sunt
926 3167 1198 3229 regnum
1254 3148 1406 3211 dei:
1476 3156 1546 3210 ut

360 3255 491 3299 non
522 3236 735 3299 solum
784 3236 1067 3299 amicum
1114 3237 1181 3299 in
1213 3235 1384 3300 deo:
1429 3235 1546 3298 sed

358 3326 559 3388 etiam
600 3324 937 3389 inimicum
969 3324 1249 3407 diligant
1279 3333 1550 3407 propter

357 3413 575 3477 deum.
1217 3412 1431 3476 Lectio
1461 3412 1545 3477 ix.

508 3511 537 3565 t
581 3509 655 3564 ut
703 3520 835 3564 non
886 3500 1099 3564 solum
1152 3501 1546 3564 adulterium

508 3609 640 3652 non
686 3598 1063 3673 perpetrent
1114 3589 1181 3652 in
1232 3609 1547 3673 corpore:

360 3677 474 3740 sed
562 3678 765 3741 etiam
856 3698 976 3742 nec
1072 3677 1406 3742 delectent
1480 3679 1545 3741 in

359 3765 599 3830 corde:
645 3775 715 3829 et
767 3774 840 3829 ut
880 3766 1145 3850 propria
1188 3766 1551 3849 largiantur

360 3862 561 3936 atque
610 3854 981 3938 raptoribus
1035 3875 1166 3919 non
1223 3856 1545 3920 resistant.

362 3941 619 4026 Quibus
659 3944 984 4027 exemplis
1024 3944 1321 4027 profecto
1363 3952 1550 4025 patet

361 4032 517 4113 quia
575 4040 889 4114 precepta
948 4033 1101 4095 novi
1164 4032 1548 4096 testamenti

359 4129 551 4183 tanto
626 4131 781 4183 sunt
840 4121 1236 4184 districtiora
1294 4129 1549 4204 quanto

360 4208 692 4289 spiritalia.
756 4209 839 4271 In
871 4229 1125 4290 evange.
1156 4218 1261 4273 αῆ.
1322 4209 1545 4272 Amen

359 4296 510 4359 dico
531 4297 719 4361 vobis
750 4296 873 4359 nisi
906 4297 1388 4362 habundaverit
1412 4296 1548 4379 jus·

359 4385 515 4447 ticia
542 4396 759 4449 vestra
804 4385 1156 4468 plusquam
1190 4386 1548 4450 scribarum

359 4482 427 4537 et
458 4471 905 4555 phariseorum
941 4495 1072 4539 non
1112 4473 1437 4539 intrabitis
1483 4475 1549 4537 in

2157 469 2312 524 626

1642 605 1918 668 regnum
1951 585 2256 651 celorum.
2333 587 2498 653 all'a.
2549 598 2650 670 ps‘:
2715 589 2836 653 Be-

1647 675 1964 740 nedictus,
2590 677 2836 744 Oratio,

1644 765 1916 894 Deus
1949 764 2060 845 qui
2102 764 2530 846 diligentibus
2561 775 2630 828 te
2661 765 2840 830 bona

1803 852 2154 916 invisibilia
2184 855 2550 935 preparasti
2576 876 2589 918 :
2625 854 2840 918 insun-

1646 938 1733 1001 de
1781 939 2087 1004 cordibus
2147 943 2387 1005 nostris
2447 943 2544 1006 tui
2596 945 2840 1006 amoris

1646 1025 1959 1092 affectum
2020 1036 2095 1091 ut
2154 1037 2222 1092 te
2282 1030 2346 1092 in
2409 1030 2716 1094 omnibus
2771 1041 2840 1095 et

1648 1137 1845 1199 super
1890 1117 2115 1181 omnia
2159 1117 2514 1199 diligentes
2562 1121 2840 1202 promis-

1648 1207 1866 1268 siones
1889 1215 2038 1268 tuas
2069 1226 2198 1288 que
2221 1226 2418 1269 omne
2442 1208 2838 1271 desiderium

1648 1303 1963 1376 superant
1995 1314 2492 1378 consequamur.
2571 1297 2694 1358 Per
2724 1297 2840 1359 do-

1650 1383 1921 1446 minum.
2016 1382 2142 1446 Ad
2171 1395 2458 1465 vesperas
2487 1384 2557 1447 in
2589 1405 2840 1468 evange.

1645 1479 1751 1533 αῆ.
1832 1470 1905 1535 Si
1952 1471 2150 1535 offers
2197 1491 2434 1534 munus
2466 1480 2841 1554 tuumante

1648 1558 1854 1622 altare
1892 1567 1959 1622 et
1991 1561 2368 1623 recordatus
2400 1559 2638 1625 fueris:
2685 1563 2841 1645 quia

1649 1645 1850 1710 frater
1879 1657 2030 1710 tuus
2075 1646 2276 1712 habet
2316 1649 2569 1730 aliquid
2615 1651 2842 1714 adver·

1648 1755 1796 1797 sum
1820 1745 1918 1798 te:
1951 1735 2246 1819 relinque
2275 1737 2364 1800 ibi
2390 1757 2628 1801 munus
2653 1749 2839 1802 tuum

1649 1833 1804 1886 ante
1835 1822 2042 1886 altare
2068 1845 2084 1888 :
2115 1832 2184 1887 et
2206 1826 2375 1888 vade
2407 1827 2586 1906 prius
2616 1846 2841 1890 recon-

1649 1911 1789 1975 liari
1836 1911 2016 1974 fratri
2063 1921 2221 1977 tuo:
2269 1922 2336 1977 et
2381 1923 2540 1977 tunc
2570 1917 2840 1978 veniens

1647 1999 1881 2064 offeres
1913 2019 2152 2064 munus
2185 2010 2372 2064 tuum
2403 2002 2682 2066 alleluia.
2736 2013 2837 2085 pf.

1650 2087 2057 2170 Magnificat.

1649 2180 1715 2253 ΙΙ
1761 2176 2106 2239 Dominica
2135 2177 2247 2259 vij.
2363 2178 2496 2243 Sec.
2527 2199 2836 2244 marcum.

1646 2266 1788 2395 ln
1843 2263 1954 2327 illo
2015 2273 2350 2348 tempore:
2411 2267 2580 2332 Cum
2645 2269 2838 2332 turba

1747 2353 1956 2416 multa
2009 2363 2183 2417 esset
2237 2375 2385 2418 cum
2438 2355 2637 2436 Jesu:
2715 2377 2836 2420 nec

1646 2440 1966 2504 haberent
2043 2442 2220 2524 quod
2314 2445 2834 2508 manducarent:

1647 2530 2024 2595 convocatis
2113 2531 2448 2614 discipulis
2536 2533 2631 2596 ait
2709 2531 2834 2596 illis

1649 2620 1966 2683 Misereor
2049 2640 2246 2702 super
2312 2620 2617 2686 turbam:
2677 2624 2836 2705 quia

1645 2728 1798 2771 ecce
1842 2707 1982 2789 jam
2037 2709 2254 2771 triduo
2304 2712 2632 2775 sustinent
2682 2732 2832 2776 me:

1647 2816 1766 2860 nec
1798 2796 2044 2861 habent
2070 2798 2248 2879 quod
2281 2799 2698 2865 manducent.
2743 2800 2837 2864 Et

1646 2884 1912 2967 reliqua.

1651 2972 1902 3037 Omelia
1955 2972 2334 3037 venerabilis
2391 2974 2538 3038 bede
2572 2976 2762 3058 presb
2752 2998 2832 3058 y-

1648 3060 1783 3123 teri.
2045 3080 2052 3089 ·
2475 3064 2690 3129 Lectio
2719 3066 2831 3148 vij.

1666 3147 1968 3280 Turba
2011 3169 2169 3231 ergo
2201 3150 2430 3215 fratres
2468 3154 2685 3217 triduo
2715 3156 2834 3219 do-

1784 3238 2036 3301 minum
2075 3240 2402 3303 sustinent
2433 3252 2702 3323 propter
2731 3263 2837 3305 sa-

1645 3326 1984 3389 nationem
2006 3326 2440 3392 infirmorum:
2470 3347 2623 3393 cum
2642 3328 2834 3394 electi

1646 3415 1893 3497 quique
1939 3434 2059 3496 pro
2103 3416 2472 3479 animarum
2505 3416 2834 3501 languori-

1646 3504 1770 3567 bus
1782 3504 2054 3566 domino
2061 3506 2502 3585 perseveranti
2523 3506 2836 3570 instantia

1646 3591 2035 3674 supplicant.
2127 3592 2282 3656 Non
2328 3592 2470 3656 vult
2511 3613 2669 3675 ergo
2716 3594 2834 3658 do·

1649 3682 1864 3743 minus
1897 3681 2155 3744 turbam
2177 3680 2475 3763 jejunam
2501 3681 2836 3745 dimittere

1648 3788 1731 3831 ne
1783 3768 2094 3831 deficiant
2138 3768 2204 3830 in
2249 3770 2399 3833 via:
2445 3770 2602 3853 quia
2647 3770 2836 3835 electi

1648 3878 1731 3921 ne
1779 3857 1841 3919 in
1877 3856 2162 3939 presenti
2192 3857 2330 3919 vita
2362 3878 2403 3920 a
2433 3858 2611 3921 bono
2641 3879 2838 3942 opere

1648 3954 1947 4009 cessent:
2000 3944 2245 4027 pabulo
2292 3947 2472 4009 verbi
2527 3947 2635 4011 dei
2691 3968 2840 4031 pas-

1647 4034 1839 4098 cendi
1885 4042 2078 4097 sunt:
2123 4036 2437 4115 quoniam
2488 4036 2656 4100 sicut
2697 4057 2841 4101 cor-

1649 4142 1772 4203 pus
1805 4120 2023 4185 deficit
2053 4122 2194 4185 sine
2239 4122 2430 4188 cibo:
2479 4124 2572 4187 ita
2619 4127 2843 4191 anima

1650 4211 1792 4273 sine
1820 4209 2020 4273 verbo
2052 4210 2174 4275 dei.
2463 4213 2672 4277 Lectio
2701 4215 2843 4299 viij.

1661 4298 2008 4463 Quidam
2035 4307 2256 4362 autem
2283 4319 2370 4362 ex
2403 4300 2498 4363 eis
2528 4301 2611 4365 de
2645 4303 2846 4386 longe

1785 4396 2141 4451 venerunt:
2188 4387 2472 4470 populus
2518 4390 2718 4471 igitur
2739 4390 2846 4473 ju-

1653 4475 1926 4539 deorum
1988 4475 2072 4540 de
2133 4494 2341 4560 prope
2400 4477 2624 4541 venit:
2687 4482 2844 4561 quia

2478 4604 2580 4665 SS
