3375 5100
1566 299 1672 354 IN
1717 299 2044 354 OCTAVA

1086 407 1205 463 191

569 513 837 598 spiritus
882 513 950 578 in
994 511 1323 577 columba.
1414 513 1572 578 Non
1602 533 1764 596 ergo

569 605 883 667 miremur
930 601 1163 667 fratres
1211 602 1451 684 quibus
1500 602 1567 665 in
1621 601 1762 665 fide

566 701 667 755 est
722 691 999 754 trinitas,
1047 691 1101 753 si
1132 691 1261 754 tria
1304 710 1510 754 unum
1564 690 1760 754 nobis

564 781 745 842 diem
780 779 1073 842 misteria
1100 788 1567 843 consecrarunt
1595 799 1609 843 :
1639 778 1762 842 ho-

566 869 675 932 die
721 868 948 949 itaque
1008 875 1081 930 ut
1155 867 1450 930 diximus
1526 886 1761 948 magus

564 975 685 1038 per
714 955 977 1019 stellam
1000 955 1279 1037 reperit:
1310 953 1493 1038 quod
1517 953 1762 1036 judeus

568 1044 781 1108 noluit
840 1043 1108 1108 credere
1166 1063 1287 1126 per
1360 1043 1760 1125 prophetas:

564 1131 766 1195 hodie
813 1131 1152 1213 gentilitas
1192 1131 1431 1196 edocta
1459 1131 1547 1194 de
1576 1129 1760 1195 celo:

567 1220 1058 1302 redemptorem
1110 1219 1339 1282 mundi
1384 1218 1655 1301 inquirit
1686 1226 1761 1282 ut

566 1328 791 1390 regem
828 1329 843 1372 :
892 1316 1276 1371 muneratur
1334 1316 1407 1371 ut
1469 1306 1706 1370 fortem
1744 1327 1760 1370 ε

564 1398 801 1460 adorat
832 1405 905 1458 ut
936 1396 1155 1458 deum.
1229 1395 1321 1458 Et
1344 1415 1548 1477 quam
1584 1403 1761 1458 recte

564 1483 931 1550 charissimi
981 1484 1049 1545 in
1101 1484 1557 1547 testimonium
1590 1502 1762 1546 nove

566 1572 933 1636 nativitatis
964 1593 979 1636 ε
1011 1591 1187 1635 nova
1215 1571 1409 1635 terris
1438 1570 1632 1634 stella
1661 1591 1762 1634 re-

566 1660 921 1743 splenduit.
1450 1658 1671 1722 Lectio
1701 1680 1759 1723 v.

746 1768 874 1812 ova
903 1746 1097 1811 stella
1136 1746 1543 1829 resplenduit
1574 1746 1761 1828 cujus

746 1836 977 1918 utique
1015 1835 1370 1918 judeorum
1407 1855 1572 1918 gens
1613 1855 1760 1918 per-

559 1924 742 1990 fida:
792 1944 912 1989 nec
958 1924 1214 1986 radium
1240 1922 1576 1987 'occultare
1605 1944 1760 2007 pos-

562 2014 693 2077 sit:
747 2033 871 2076 nec
925 2012 1332 2076 abscondere
1392 2013 1759 2077 veritatem.

562 2102 801 2184 Neque
821 2101 997 2164 enim
1022 2100 1157 2163 ulla
1180 2100 1322 2182 jam
1352 2120 1472 2184 per
1502 2121 1616 2164 eos
1641 2120 1760 2183 po-

559 2199 734 2254 terat
780 2190 999 2253 locum
1043 2188 1288 2252 habere
1336 2187 1628 2270 maligne
1659 2189 1758 2250 in-

558 2277 1050 2360 terpretationis
1126 2277 1493 2341 obscuritas
1537 2299 1552 2341 :
1644 2276 1760 2340 ubi

558 2368 775 2432 celum
808 2367 1025 2448 ipsum
1058 2365 1512 2429 universorum
1543 2364 1753 2428 oculis

558 2455 827 2536 syderio
874 2454 1124 2517 lumine
1172 2452 1504 2517 credendo
1550 2451 1760 2535 fulge-

557 2543 695 2608 bat.
1427 2540 1642 2605 Lectio
1672 2541 1758 2624 vj.

561 2632 742 2763 Et
801 2650 1005 2712 quam
1057 2628 1185 2693 hoc
1230 2628 1533 2692 mirabile
1576 2630 1758 2711 quod

714 2719 996 2801 exiguus
1044 2716 1237 2780 stelle
1295 2718 1556 2781 radius:
1618 2726 1761 2780 stu-

560 2806 793 2891 pentia
908 2804 1434 2887 alienigenarum
1556 2806 1759 2870 corda

562 2892 894 2978 permovit
954 2913 1106 2957 cum
1170 2892 1356 2955 illurn
1411 2892 1757 2976 judaicum

566 2982 933 3066 populum:
1011 2980 1114 3044 cui
1178 3000 1359 3044 mare
1418 2982 1756 3048 divisum:

557 3072 663 3136 cui
678 3070 1010 3152 prebitum
1032 3069 1308 3133 manna¹
1334 3069 1420 3133 de
1439 3069 1755 3136 nubibus:

559 3180 681 3222 nec
714 3160 910 3241 ignea
932 3158 1224 3239 potuerit
1247 3167 1314 3221 et
1337 3158 1484 3241 ipsa
1505 3158 1590 3221 de
1610 3158 1756 3222 celo

560 3248 813 3311 micans
844 3246 1129 3310 colunna
1160 3255 1555 3311 convertere.
1621 3246 1756 3311 Sed

550 3335 693 3419 jam
726 3337 811 3399 ad
861 3334 1103 3400 Christi
1150 3335 1557 3417 baptismum
1604 3355 1755 3416 pro-

555 3444 881 3507 peremus
969 3422 1175 3486 Venit
1219 3423 1419 3504 igitur
1460 3423 1654 3504 Jesus
1684 3422 1754 3487 in

548 3513 941 3595 jordanem:
989 3520 1063 3575 ut
1109 3510 1555 3594 baptizaretur
1584 3532 1625 3573 a
1648 3511 1752 3595 jo-

554 3601 791 3665 hanne.
885 3600 1010 3666 Cui
1057 3600 1150 3663 ait
1192 3600 1520 3681 johannes
1552 3620 1678 3681 ego
1709 3620 1752 3664 a

554 3698 623 3753 te
653 3689 867 3753 debeo
898 3689 1221 3772 baptizari
1266 3690 1425 3771 quia
1457 3687 1617 3752 mihi
1651 3696 1754 3752 est

555 3799 643 3842 ex
705 3787 983 3861 paterna
1043 3777 1563 3860 prevaricatione
1610 3796 1749 3840 cor-

556 3868 775 3949 ruptio
805 3887 819 3930 :
852 3875 919 3929 et
949 3866 1070 3930 tibi
1104 3866 1171 3928 in
1204 3874 1483 3948 paterna
1513 3864 1750 3948 majes-

561 3963 703 4017 tate
734 3954 1132 4017 communio,

642 4042 728 4104 In
760 4040 872 4123 ,iifl
906 4051 1207 4105 nocturno
1249 4050 1355 4106 αῆ.
1445 4041 1752 4106 Adorate

556 4128 921 4193 dominum.
1005 4138 1101 4210 pff.
1137 4129 1421 4195 Cantate
1484 4130 1596 4215 (j.)
1643 4138 1750 4195 αῆ.

550 4217 859 4282 Adorate
918 4216 1137 4281 deum.
1255 4227 1355 4300 pff.
1420 4218 1751 4282 Dominus

552 4306 852 4389 regnavit
912 4304 1189 4371 exultet.
1295 4307 1429 4371 Αῆ.
1494 4307 1749 4372 Notum

874 4498 887 4527 ¹
924 4511 1107 4549 menna
1128 4514 1140 4549 z
1176 4496 1259 4548 W.

1869 513 2024 579 fecit
2099 512 2411 578 dominus
2501 514 2668 580 all’a.
2763 515 3070 584 Salutate

1863 623 2056 666 suum
2090 602 2370 667 alleluia.
2473 613 2578 686 pf.
2623 602 2910 669 Cantate
2947 607 3067 690 (ij.)

1865 708 1914 778 γ
1945 690 2201 762 Omnes
2223 701 2476 774 gentes.
2541 691 2674 755 Sec.
2685 693 3066 775 johannem.

1859 781 2007 910 ln
2033 779 2146 843 illo
2169 789 2502 862 tempore:
2527 780 2716 844 Vidit
2733 780 3066 864 johannes

1960 867 2190 949 Jesum
2221 869 2599 932 venientem
2642 869 2728 932 ad
2761 889 2834 932 se
2863 879 2933 933 et
2967 871 3061 935 ait

1866 955 2043 1018 Ecce
2071 975 2286 1038 agnus
2329 955 2474 1020 dei:
2519 977 2672 1020 ecce
2719 957 2835 1040 qui
2887 958 3066 1024 tollit

1862 1052 2137 1124 peccata
2169 1044 2417 1108 mundi.
2509 1044 2600 1109 Et
2631 1044 2900 1128 reliqua.

1869 1131 2125 1196 Omelia
2169 1131 2554 1198 venerabilis
2606 1132 2754 1197 bede
2798 1133 3061 1215 presby-

1863 1219 2004 1283 teri.
2651 1221 2736 1306 :L
2743 1221 2898 1286 ectio
2941 1223 3060 1305 vij.

2013 1327 2126 1372 cce
2173 1307 2392 1391 inquit
2431 1309 2801 1392 johannes:
2847 1331 3062 1393 agnus

2013 1394 2173 1460 dei:
2237 1417 2391 1462 ecce
2467 1398 2784 1462 innocens
2859 1407 2927 1462 et
2973 1399 3061 1463 ab

1861 1485 2044 1548 omni
2105 1495 2384 1567 peccato
2443 1485 2759 1551 immunis
2818 1497 3056 1570 utpote

1861 1572 2049 1652 cujus
2123 1593 2200 1637 os
2289 1573 2562 1656 quidem
2636 1575 2724 1638 de
2797 1575 3058 1640 ossibus

1860 1659 2105 1724 adam:
2151 1670 2219 1724 et
2248 1681 2403 1725 caro
2443 1663 2530 1726 de
2573 1683 2770 1726 carne
2815 1665 3058 1730 adam:

1862 1746 1980 1810 sed
2013 1748 2264 1812 nullam
2311 1750 2396 1812 de
2445 1771 2642 1814 carne
2690 1753 3058 1833 peccatrice

1862 1837 2073 1900 traxit
2119 1837 2450 1902 maculam
2488 1838 2698 1922 culpe.
2787 1840 2904 1904 Re.
2935 1841 3056 1904 Vi-

1861 1925 2098 1990 dentes
2129 1925 2410 1990 stellam.
2669 1927 2886 1990 Lectio
2915 1929 3056 2010 viij.

1861 2015 2124 2144 Ecce
2156 2015 2270 2096 qui
2301 2013 2475 2078 tollit
2505 2024 2782 2098 peccata
2805 2017 3054 2081 mundi.

2011 2101 2188 2166 Ecce
2220 2102 2332 2185 qui
2372 2103 2592 2185 justus
2623 2103 2796 2168 inter
2824 2124 3054 2186 pecca-

1858 2197 2074 2253 tores:
2123 2191 2302 2253 mitis
2363 2191 2536 2255 inter
2593 2191 2884 2274 impios:
2929 2193 3058 2258 hoc

1861 2285 2000 2341 est:
2047 2278 2235 2359 quasi
2266 2297 2480 2360 agnus
2513 2279 2686 2343 inter
2714 2279 2908 2363 lupos
2939 2301 3054 2364 ap-

1860 2384 2139 2447 parens:
2186 2367 2389 2429 etiam
2422 2378 2802 2449 peccatores
2834 2378 2902 2434 et
2933 2370 3054 2434 im-

1861 2453 2008 2535 pios
2046 2453 2456 2537 justificandi
2507 2455 2712 2521 habet
2763 2466 3054 2540 potesta-

1861 2549 2017 2606 tem.
2106 2542 2625 2625 Responsorium.
2693 2544 2854 2610 Tria
2901 2557 3056 2613 sunt

1862 2650 2138 2694 munera
2167 2651 2316 2713 que.
2713 2634 2931 2698 Lectio
2960 2636 3054 2701 ix.

1997 2719 2289 2783 uomodo
2311 2728 2535 2785 autem
2559 2731 2833 2804 peccata
2865 2744 3053 2787 mun-

1995 2808 2062 2871 di
2097 2807 2328 2872 tollat:
2374 2808 2477 2872 vel
2508 2820 2889 2892 peccatores
2914 2812 3052 2895 jus-

1858 2894 2105 2960 tificet:
2146 2896 2477 2977 johannes
2529 2899 2872 2981 apostolus
2922 2910 3051 2965 tes-

1859 2991 2038 3046 tatur
2081 2984 2326 3050 dicens,
2394 2984 2526 3067 Qui
2561 2986 2801 3051 dilexit
2833 3008 2953 3052 nos
2985 2999 3054 3053 et

1858 3070 2019 3136 lavit
2067 3093 2189 3136 nos
2244 3095 2285 3138 a
2344 3075 2634 3155 peccatis
2694 3077 2935 3140 nostris
2985 3078 3052 3141 in

1858 3160 2179 3243 sanguine
2231 3181 2369 3225 suo.
2465 3161 2766 3227 Christus
2826 3174 3052 3230 autem

1858 3247 2089 3312 fratres
2136 3250 2299 3313 lavit
2343 3270 2464 3314 nos
2495 3272 2536 3315 a
2566 3254 2854 3333 peccatis
2901 3275 3050 3318 nos-

1855 3336 1975 3400 tris
2007 3338 2074 3399 in
2105 3339 2428 3419 sanguine
2460 3359 2620 3405 suo:
2668 3360 2802 3403 non
2833 3342 3050 3407 solum

1855 3427 2126 3506 quando
2180 3428 2570 3509 sanguinem
2624 3449 2818 3493 suum
2864 3431 3052 3496 dedit

1854 3513 1923 3575 in
1973 3534 2164 3578 cruce
2201 3535 2322 3596 pro
2363 3516 2597 3580 nobis:
2644 3517 2749 3580 vel
2781 3520 3052 3600 quando

1856 3604 2310 3686 unusquisque
2371 3613 2673 3668 nostrum
2735 3608 3052 3691 mysterio

1855 3690 2180 3771 passionis
2247 3690 2422 3756 illius
2481 3693 2816 3775 baptismo
2877 3717 3051 3779 aque

1853 3778 2118 3843 ablutus
2178 3788 2317 3845 est:
2383 3781 2500 3845 sed
2534 3782 2558 3818 ²
2587 3782 2834 3846 cotidie
2865 3783 3050 3849 lavat

1856 3886 1975 3929 nos
2008 3868 2328 3949 sanguine
2359 3890 2482 3933 suo
2511 3891 2525 3935 :
2559 3891 2713 3934 cum
2747 3872 3050 3955 ejusdem

1852 3954 2048 4019 beate
2096 3956 2422 4037 passionis
2476 3959 2799 4025 memoria
2838 3962 2924 4026 ad
2957 3962 3052 4026 al-

1852 4051 1995 4108 tare
2027 4043 2392 4126 replicatur.
2462 4047 2576 4111 Re.
2613 4048 2692 4111 In
2723 4048 3050 4117 columbe.

1837 4140 1938 4213 pf.
1971 4132 2073 4195 Te
2105 4133 2304 4197 deum
2337 4134 2706 4202 laudamuS.
2789 4154 2836 4225 γ
2884 4138 3049 4205 Om-

1854 4241 1971 4283 nes
2001 4221 2086 4284 de
2119 4222 2281 4287 saba
2316 4224 2606 4291 veniunt.

1851 4308 1939 4374 In
1968 4308 2289 4377 laudibus.
2693 4315 3049 4401 antiphone.

2208 4504 2228 4532 ²
2269 4504 2375 4553 ‘et'
2401 4504 2500 4553 add
2527 4521 2538 4554 :
2563 4505 2626 4556 G.
