3375 5100
951 346 1207 403 FERIA
1248 346 1529 403 SEXTA
1571 345 1698 401 AD
1745 346 2186 406 VESPERAS.

836 454 980 511 915

308 578 585 627 manum
638 568 843 627 tuam.
932 562 1269 628 Mirabilis
1341 560 1517 627 sacta

314 660 419 717 est
448 652 728 717 scientia
756 660 875 715 tua
926 672 1017 715 ex
1066 672 1215 717 me:
1258 650 1517 716 confor-

310 749 457 804 tata
485 750 589 803 est
618 748 687 803 et
740 760 873 803 non
932 748 1169 823 potero
1214 740 1299 803 ad
1347 759 1517 804 eam.

318 829 467 909 Quo
498 828 610 892 ibo
641 849 682 892 a
722 828 955 912 spiritu
1001 838 1121 893 tuo
1149 849 1165 893 ι
1210 838 1279 893 et
1307 848 1443 910 quo
1474 848 1517 892 a

317 917 485 981 facie
516 928 633 981 tua
680 917 952 1000 fugiam.
1045 918 1125 982 Si
1156 918 1517 981 ascendero

314 1008 381 1069 in
412 1005 629 1069 celum
680 1016 753 1069 tu
806 1006 937 1070 illic
976 1026 1090 1070 es:
1138 1006 1193 1069 si
1242 1006 1515 1070 descen-

313 1096 475 1159 dero
508 1095 591 1157 ad
628 1094 957 1158 infernum
990 1095 1105 1158 tu¹
1160 1095 1339 1159 ades,
1435 1093 1513 1158 Si

311 1203 655 1265 sumpsero
676 1204 929 1266 pennas
950 1203 1132 1247 meas
1151 1181 1441 1247 diluculo
1455 1182 1513 1246 ²:

310 1280 377 1334 et
407 1271 795 1335 habitavero
826 1272 895 1335 in
936 1272 1254 1335 extremis
1316 1272 1516 1335 maris

311 1361 591 1423 Etenim
626 1360 781 1425 illuc
814 1380 1049 1424 manus
1080 1370 1197 1423 tua
1228 1360 1515 1424 deducet

313 1468 466 1512 me:
512 1457 580 1511 et
611 1447 866 1511 tenebit
914 1469 1023 1513 me
1053 1451 1337 1512 dextera
1380 1458 1514 1512 tua.

310 1537 411 1600 Et
456 1538 599 1599 dixi
632 1537 905 1600 forsitan
948 1537 1219 1601 tenebre
1248 1536 1514 1601 concul-

310 1625 562 1690 cabunt
616 1635 878 1702 me:,et
928 1646 1068 1689 nox
1118 1625 1515 1689 illuminatio

314 1734 465 1777 mea
486 1716 551 1777 in
572 1714 823 1777 deliciis
849 1716 1031 1778 meis,
1128 1713 1298 1792 Quia
1329 1724 1515 1778 tene—

312 1802 428 1865 bre
478 1822 611 1865 non
660 1803 1189 1866 obscurabuntur
1247 1823 1289 1865 a
1333 1812 1401 1867 te
1447 1811 1516 1867 et

312 1911 451 1954 nox
482 1892 649 1955 sicut
682 1890 823 1955 dies
866 1891 1382 1956 illuminabitur:
1428 1892 1515 1954 si-

308 1988 422 2043 cut
473 1979 747 2043 tenebre
806 1980 949 2063 ejus
1008 1980 1103 2043 ita
1162 1989 1229 2043 et
1290 1980 1515 2043 lumen

313 2067 475 2150 ejus.
572 2068 744 2147 Quia
802 2078 873 2131 tu
912 2068 1268 2151 possedisti
1324 2088 1515 2132 renes

314 2176 545 2220 meos:
622 2157 966 2238 suscepisti
1020 2177 1127 2220 me
1179 2159 1263 2220 de
1324 2167 1514 2220 utero

310 2246 541 2309 matris
562 2265 724 2309 mee.
807 2244 1185 2312 Confitebor
1211 2246 1334 2309 tibi
1358 2246 1516 2328 quia

309 2334 687 2398 terribiliter
699 2334 1160 2417 magnificatus
1184 2354 1285 2399 es:
1320 2334 1507 2397 mira-

311 2421 475 2485 bilia
534 2442 737 2505 opera
790 2432 907 2486 tua
964 2432 1034 2486 et
1087 2422 1310 2485 anima
1363 2442 1513 2485 mea

310 2519 668 2594 cognoscet
693 2510 905 2576 nimis,
969 2510 1131 2576 Non
1163 2520 1265 2576 est
1295 2509 1511 2578 occul-

311 2609 527 2664 tatum
561 2621 637 2663 os
667 2619 891 2664 meum
922 2621 964 2664 a
994 2609 1061 2664 te
1086 2600 1265 2683 quod
1298 2599 1511 2664 fecisti

310 2688 379 2752 in
410 2686 711 2753 occulto:
759 2697 825 2753 et
855 2689 1231 2753 substantia
1262 2709 1411 2752 mea
1442 2689 1510 2752 in

310 2775 724 2841 inferioribus
755 2786 943 2841 terre.
1031 2777 1510 2860 Imperfectum

313 2885 539 2929 meum
570 2866 881 2931 viderunt
924 2866 1096 2929 oculi
1143 2867 1282 2930 tui:
1326 2874 1395 2929 et
1442 2867 1509 2928 in

311 2952 481 3018 libro
512 2963 629 3017 tuo
661 2973 893 3018 omnes
914 2955 1321 3018 scribentur:
1368 2954 1510 3017 dies

314 3042 779 3106 formabuntur
858 3051 927 3105 et
1006 3062 1206 3106 nemo
1268 3043 1507 3124 ineis,

307 3130 496 3193 Mihi
558 3139 783 3194 autem
840 3131 1035 3194 nimis
1094 3129 1509 3194 honorificati

310 3229 467 3282 sunt
497 3221 692 3283 amici
746 3220 843 3283 tui
876 3219 1081 3284 deus:
1128 3219 1321 3282 nimis
1352 3238 1509 3282 con-

310 3308 591 3371 fortatus
649 3316 751 3371 est
802 3308 1210 3390 principatus
1262 3327 1511 3372 eorum.

308 3397 772 3460 Dinumerabo
795 3416 911 3459 eos
935 3405 1003 3459 et
1022 3416 1221 3479 super
1239 3415 1510 3459 arenam

308 3485 964 3569 multiplicabuntur:
1040 3483 1353 3548 exurrexi
1443 3492 1513 3547 et

306 3572 525 3637 adhuc
558 3593 705 3636 sum
752 3583 991 3637 tecum.
1084 3572 1163 3636 Si
1195 3573 1511 3636 occideris

307 3661 475 3726 deus
508 3671 927 3745 peccatores:
957 3660 1077 3724 viri
1109 3661 1510 3742 sanguinum

308 3751 638 3814 declinate
662 3771 703 3814 a
736 3770 861 3814 me.
957 3749 1129 3829 Quia
1169 3749 1387 3814 dicitis
1442 3749 1509 3812 in

307 3839 753 3922 cogitatione:
825 3839 1153 3921 accipiant
1206 3839 1271 3900 in
1326 3837 1513 3901 vani-

304 3936 449 3992 tate
479 3929 781 3992 civitates
828 3947 1000 3991 suas,
1092 3927 1343 3990 Nonne
1395 3925 1509 4008 qui

304 4015 590 4080 oderunt
635 4026 705 4079 te
750 4017 1020 4080 domine
1080 4016 1393 4079 oderam:
1442 4021 1511 4077 et

304 4125 507 4188 super
537 4104 843 4170 inimicos
874 4114 1029 4169 tuos
1060 4102 1509 4168 tabescebam.

406 4269 421 4300 ¹
462 4272 549 4318 ‘tu
568 4267 583 4293 ⁹
606 4281 707 4317 om.
734 4285 749 4316 ι
784 4265 983 4318 E.G.S.

404 4337 427 4366 ¹
456 4335 695 4384 dilucuo·
731 4333 785 4385 S.

403 4401 425 4432 ⁸
465 4403 479 4429 ⁸
498 4399 621 4449 cor’
647 4415 749 4449 om.
778 4399 885 4449 .S.

406 4469 427 4498 ⁴
465 4465 683 4514 ‘Gloria
706 4465 872 4530 patri'
893 4463 1035 4514 add.
1071 4463 1132 4513 Ε.
1139 4463 1206 4514 G.

405 4535 427 4564 ⁸
464 4534 605 4582 ‘Aut
645 4539 695 4581 A
720 4531 825 4581 viro
848 4531 1046 4594 iniquo’
1070 4546 1199 4580 om.:
1236 4529 1297 4580 E.
1306 4529 1371 4582 G.

2216 457 2356 513 916

1620 561 1936 628 Perfecto
1964 562 2123 627 odio
2158 564 2429 629 oderam
2465 564 2654 632 illos:
2701 568 2824 631 ini-

1621 652 1775 716 mici
1805 652 1964 716 facti
1994 661 2152 717 sunt
2183 652 2362 717 mihi.
2451 655 2684 719 Proba
2713 676 2824 721 me

1616 741 1785 804 deus
1799 748 1868 804 et
1890 740 2058 805 scito
2076 761 2192 806 cor
2206 742 2233 780 ⁸
2253 762 2475 806 meum
2499 764 2515 807 :
2548 744 2824 809 interro-

1618 848 1706 911 ga
1739 849 1848 892 me
1877 838 1946 892 et
1978 850 2306 912 cognosce
2327 831 2600 895 semitas
2620 852 2821 899 meas,

1617 920 1718 980 lzt
1748 918 1902 982 vide
1925 918 1980 981 si
2025 920 2136 982 via
2184 920 2551 1001 iniquitatis
2597 921 2662 984 in
2714 942 2823 986 me

1618 1015 1759 1069 est:
1806 1015 1874 1069 et
1907 1006 2124 1071 deduc
2157 1028 2264 1070 me
2296 1007 2362 1069 in
2408 1008 2514 1072 via
2545 1012 2819 1075 eterna.⁴

1615 1094 1750 1157 Αῆ.
1845 1095 2136 1158 Domine
2209 1096 2504 1179 probasti
2565 1118 2674 1161 me
2752 1108 2822 1163 et

1616 1183 1990 1264 cognovisti
2045 1204 2169 1248 me.
2279 1185 2341 1247 A
2353 1193 2416 1249 ἢ.
2534 1186 2603 1249 A
2677 1188 2821 1251 viro

1615 1269 1888 1353 iniqu0.⁶
2479 1274 2824 1355 psalmus.⁶

1614 1360 1908 1491 Eripe
1940 1380 2050 1423 me
2091 1360 2364 1423 domine
2418 1362 2504 1425 ab
2549 1362 2821 1428 homine

1768 1448 1986 1513 malo:
2063 1468 2104 1511 a
2149 1450 2292 1513 viro
2351 1450 2579 1533 iniquo
2638 1454 2819 1535 eripe

1618 1556 1744 1600 me.
1809 1536 1934 1617 Qui
1960 1537 2418 1619 cogitaverunt
2437 1539 2819 1622 iniquitates

1618 1625 1683 1687 in
1717 1626 1955 1691 eorde:
2003 1634 2147 1689 tota
2169 1627 2279 1689 die
2319 1629 2819 1693 constituebant

1618 1714 1842 1795 prelia.
1930 1713 2279 1778 Acuerunt
2310 1715 2570 1797 linguas
2617 1715 2818 1781 suas⁷

1616 1802 1788 1865 sicut
1847 1812 2224 1883 serpentes:
2281 1824 2612 1868 venenum
2645 1807 2820 1888 aspi-

1615 1890 1778 1953 dum
1809 1890 1936 1953 sub
1977 1890 2166 1953 labiis
2197 1910 2445 1955 eorum.
2540 1893 2816 1960 Custodi

1616 1999 1727 2041 me
1745 1978 2016 2042 domine
2039 1979 2125 2042 de
2149 1999 2350 2042 manu
2382 1984 2820 2063 peccatoris⁸:

1618 2067 1706 2129 ab
1763 2066 2144 2130 hominibus
2197 2067 2438 2150 iniquis
2479 2072 2660 2153 eripe
2691 2091 2819 2135 me.

1621 2154 1750 2233 Qui
1845 2156 2304 2237 cogitaverunt
2393 2158 2820 2240 supplantare

1616 2264 1880 2326 gressus
1909 2264 2132 2309 meos:
2177 2245 2666 2310 absconderunt
2712 2268 2822 2311 su.

1616 2332 1800 2415 perbi
1855 2331 2166 2414 laqueum
2211 2334 2390 2397 mihi.
2480 2335 2582 2398 Et
2627 2335 2820 2401 funes

1615 2419 2064 2484 extenderunt
2095 2420 2161 2484 in
2207 2419 2560 2504 laqueum:
2615 2424 2822 2507 juxta

1617 2508 1744 2574 iter
1793 2509 2180 2574 scandalum
2241 2519 2606 2594 posuerunt
2639 2512 2823 2580 mihi.

1613 2599 1783 2662 Dixi
1845 2599 2120 2662 domino
2180 2599 2345 2663 deus
2407 2621 2593 2665 meus
2633 2622 2704 2666 es
2744 2612 2820 2667 tu

1614 2687 1869 2750 exaudi
1901 2687 2173 2752 domine
2231 2707 2466 2752 vocem
2507 2690 2824 2773 depreca-

1624 2775 1826 2838 tionis
1903 2795 2068 2840 mee.
2175 2775 2472 2841 Domine
2552 2779 2824 2843 domine

1615 2864 1822 2927 virtus
1869 2864 2100 2928 salutis
2161 2885 2355 2929 mee:
2399 2866 2820 2931 obumbrasti

1612 2973 1813 3034 super
1843 2962 2046 3034 caput
2093 2973 2318 3017 meum
2369 2954 2436 3017 in
2485 2955 2593 3019 die
2645 2955 2822 3020 belli.

1614 3041 1779 3103 Non
1793 3041 2019 3104 tradas
2035 3061 2142 3104 me
2151 3042 2420 3104 domine
2439 3061 2480 3104 a
2493 3043 2827 3107 desiderio

1612 3149 1766 3192 meo
1781 3129 2108 3210 peccatori
2129 3131 2584 3212 cogitaverunt
2596 3142 2830 3196 contra

1613 3237 1721 3279 me
1741 3237 1826 3280 ne
1849 3215 2266 3298 derelinquas
2286 3238 2392 3280 me
2414 3237 2496 3280 ne
2518 3219 2686 3284 sorte
2707 3241 2826 3284 ex-

1610 3303 1944 3369 alte—ntur.⁹
1997 3304 2210 3386 Caput
2228 3307 2536 3370 circuitus
2556 3327 2785 3372 eorum
2807 3331 2824 3374 ι

1613 3394 1802 3458 labor
1854 3392 2180 3457 labiorum
2229 3394 2522 3476 ipsorum
2570 3398 2828 3480 operiet

1614 3503 1750 3547 eos.
1804 3481 2062 3548 Cadent
2087 3501 2286 3564 super
2315 3501 2431 3546 eos
2460 3484 2824 3550 carbones:

1614 3570 1681 3633 in
1716 3571 1938 3653 ignem
1986 3569 2254 3651 dejicies
2286 3590 2401 3634 eos
2431 3573 2499 3634 in
2547 3574 2826 3638 miseriis

1614 3679 1750 3724 non
1811 3659 2194 3722 subsistent.
2305 3658 2426 3723 Vir
2485 3661 2828 3744 linguosus

1613 3767 1746 3811 non
1779 3747 2100 3828 dirigetur
2130 3747 2198 3810 in
2221 3756 2436 3814 terra:
2482 3751 2696 3814 virum
2727 3751 2828 3814 in-

1606 3835 1865 3918 justum
1900 3835 2080 3900 mala
2123 3837 2392 3918 capient
2437 3838 2506 3900 in
2537 3839 2824 3904 interitu.

1618 3923 1916 4006 Cognovi
1953 3923 2110 4005 quia
2142 3923 2343 3989 saciet
2372 3925 2688 3991 dominus
2716 3928 2825 4010 ju-

1612 4013 1859 4076 dicium
1938 4012 2195 4096 inopis:
2285 4023 2356 4077 et
2459 4016 2825 4081 vindictam

1613 4121 2000 4185 pauperum.
2138 4101 2588 4168 Veruntamen
2659 4105 2824 4187 justi

1712 4263 2580 4328 ⁸p1.139:E.G.exxx222-.:S.

1765 4329 2189 4394 linguamsuam.
2225 4329 2360 4382 E..G

1713 4398 1733 4427 ⁸
1771 4396 1883 4445 ‘'et
1917 4395 2057 4446 add.
2093 4395 2292 4447 E.G.S.

1713 4463 2211 4514 ἀωῑαιειιιιιτ.8

2419 4661 2555 4728 31³
