3375 5100
1640 357 1916 413 SABBA
1931 358 2033 413 To

1108 466 1247 524 861

584 572 651 635 in
684 573 1027 657 inaquoso.
1114 574 1213 639 Et
1242 573 1431 638 dedit
1461 573 1559 637 eis
1602 573 1780 657 peti-

578 663 829 725 tionem
862 663 1155 744 ipsorum
1186 684 1201 727 :
1246 672 1315 727 et
1339 663 1519 727 misit
1540 664 1780 727 saturi-

576 759 787 813 tatem
877 752 943 813 in
1012 752 1270 815 animas
1344 772 1591 816 eorum.
1678 751 1778 815 Et

577 838 995 904 irritaverunt
1044 860 1321 923 moysen
1372 841 1439 903 in
1502 839 1776 905 castris:

580 947 781 991 aaron
814 938 1117 992 sanctum
1149 929 1423 993 domini.
1512 929 1778 1012 Aperta

577 1026 681 1079 est
738 1026 917 1081 terra
966 1025 1035 1080 et
1083 1016 1433 1099 deglutivit
1476 1017 1777 1081 dathan:

578 1114 647 1169 et
670 1106 931 1188 operuit
960 1126 1159 1187 super
1188 1106 1774 1189 congregationem

579 1194 879 1275 abyron.¹
968 1193 1071 1257 Et
1142 1196 1397 1257 exarsit
1472 1196 1643 1277 ignis
1707 1195 1774 1257 in

578 1302 927 1365 synagoga
976 1302 1249 1349 eorum:
1294 1282 1566 1348 flamma
1592 1302 1780 1346 com-

577 1370 791 1435 bussit
834 1380 1229 1453 peccatores,
1320 1372 1421 1435 Et
1478 1371 1778 1435 secemnt

578 1458 861 1522 vitulum
914 1460 979 1522 in
1022 1459 1269 1523 horeb:
1336 1469 1406 1524 et
1456 1462 1776 1525 adorave-

579 1556 735 1610 runt
792 1547 1115 1630 sculptile.
1204 1548 1307 1611 Et
1352 1557 1778 1613 mutaverunt

576 1636 853 1718 gloriam
886 1656 1076 1699 suam
1103 1636 1167 1700 :²
1195 1636 1261 1700 in
1276 1636 1776 1701 similitudinem

577 1724 767 1788 vituli
791 1724 1199 1788 comedentis
1244 1725 1487 1789 fenum.
1567 1725 1778 1791 Obliti

576 1822 735 1877 sunt
763 1813 961 1876 deum
994 1814 1108 1896 qui
1154 1814 1433 1877 salvavit
1463 1835 1616 1879 eos:
1662 1815 1778 1896 qui

584 1901 747 1965 fecit
776 1902 1114 1985 magnalia
1143 1903 1209 1965 in
1242 1912 1535 1985 egypto:
1580 1904 1780 1966 mira-

582 1989 745 2055 bilia
776 1990 843 2053 in
889 2000 1063 2053 terra
1122 1991 1318 2055 cham
1363 1990 1677 2055 terribilia
1709 1993 1777 2054 in

586 2080 750 2142 mari
785 2079 999 2143 rubro,
1092 2080 1189 2143 Et
1220 2080 1399 2145 dixit
1430 2088 1505 2143 ut
1527 2080 1782 2162 disper-

580 2168 770 2231 deret
800 2187 914 2231 eos
942 2188 957 2231 :
989 2166 1044 2231 si
1076 2188 1208 2232 non
1234 2188 1501 2251 moyses
1530 2168 1780 2232 electus

582 2256 729 2337 ejus
777 2256 1073 2320 stetisset
1122 2257 1192 2320 in
1232 2256 1679 2322 confractione
1711 2258 1776 2321 in

583 2352 940 2427 conspectu
996 2345 1155 2428 ejus,
1285 2345 1385 2410 Ut
1454 2355 1780 2410 averteret

586 2433 757 2496 iram
781 2433 925 2516 ejus
956 2453 1041 2497 ne
1071 2434 1482 2517 disperderet
1511 2454 1665 2498 eos:
1712 2444 1782 2499 et

584 2542 707 2606 pro
782 2522 989 2586 nihilo
1073 2522 1445 2588 habuerunt
1533 2531 1780 2587 terram

582 2611 1109 2676 desiderabilem.
1175 2612 1338 2676 Non
1362 2612 1784 2676 crediderunt

582 2699 789 2764 verbo
848 2699 1029 2781 ejus:
1076 2711 1145 2764 et
1196 2711 1778 2764 murmuraverunt

584 2788 655 2851 in
686 2788 1127 2852 tabernaculis
1172 2789 1345 2854 suis:
1394 2809 1526 2853 non
1574 2809 1784 2853 exau-

588 2877 854 2940 dierunt
893 2896 1125 2940 vocem
1158 2878 1431 2942 domini.
1523 2878 1621 2942 Et
1652 2878 1782 2942 ele-

585 2966 809 3029 vavit³
839 2985 1111 3030 manum
1156 2987 1347 3030 suam
1392 2987 1592 3048 super
1620 2987 1736 3030 eos
1765 2987 1782 3032 ε

588 3063 663 3117 ut
722 3063 1165 3136 prosterneret
1221 3075 1339 3119 eos
1384 3056 1451 3118 in
1496 3056 1778 3120 deserto,

588 3141 689 3205 Et
740 3151 815 3204 ut
844 3143 1159 3224 dejiceret
1190 3163 1417 3207 semen
1448 3165 1676 3208 eorum
1711 3145 1778 3206 in

590 3231 1009 3296 nationibus:
1068 3241 1139 3296 et
1202 3232 1613 3314 disperderet
1664 3253 1782 3296 eos

590 3320 659 3382 in
714 3320 1107 3402 regionibus,
1196 3320 1291 3384 Et
1338 3321 1579 3385 initiati
1626 3331 1786 3385 sunt

590 3407 1031 3490 beelphegor:
1076 3418 1145 3473 et
1196 3410 1629 3473 comederunt
1680 3431 1786 3473 sa-

590 3496 835 3562 crificia
857 3507 1284 3561 mortuorum.
1373 3498 1469 3562 Et
1493 3499 1788 3563 irritave-

592 3595 748 3649 runt
821 3605 973 3648 eum
1050 3587 1115 3649 in
1208 3587 1792 3651 adinventionibus

592 3675 760 3739 suis:
832 3682 903 3736 et
962 3674 1400 3757 multiplicata
1444 3683 1547 3739 est
1592 3675 1660 3738 in
1694 3675 1792 3739 eis

594 3763 797 3826 ruina.
888 3763 983 3827 Et
1014 3765 1198 3827 stetit
1244 3761 1517 3845 phinees
1548 3772 1617 3827 et
1647 3764 1791 3846 pla-

570 3852 768 3915 ·cavit
796 3873 811 3915 :
844 3861 912 3914 et
934 3854 1218 3916 cessavit
1246 3853 1603 3935 quassatio,
1693 3852 1791 3916 Et

593 3949 973 4022 reputatum
1008 3949 1111 4004 est
1156 3941 1217 4004 ei
1268 3941 1379 4004 in⁴
1418 3941 1788 4022 justitiam:

596 4049 638 4091 a
666 4030 1095 4110 generatione
1126 4030 1193 4092 in
1240 4030 1740 4112 generationem
1763 4029 1790 4067 ⁵

594 4137 805 4200 usque
838 4119 903 4181 in
936 4119 1430 4200 sempiternum.
1520 4119 1623 4182 Et
1652 4117 1793 4180 irri-

594 4215 901 4270 taverunt
948 4227 1101 4270 eum
1154 4207 1243 4270 ad
1294 4226 1503 4289 aquas
1534 4215 1794 4270 contra-

595 4295 944 4359 dictionis:
990 4303 1061 4360 et
1089 4305 1375 4361 vexatus
1392 4305 1495 4359 est
1526 4315 1795 4378 moyses

592 4392 864 4466 propter
916 4403 1071 4450 eos:
1134 4385 1295 4468 quia
1350 4384 1795 4450 exacerbave-

664 4521 677 4551 ¹
712 4519 920 4570 abiron:
954 4521 1110 4572 G.W.
1260 4523 1283 4553 ²
1321 4519 1435 4571 ‘et’
1466 4519 1565 4570 add
1593 4536 1605 4571 ι
1640 4519 1724 4570 W.

658 4589 679 4618 ⁸
711 4585 763 4636 in
782 4588 1101 4652 generatione
1114 4595 1164 4638 et
1180 4587 1549 4654 generationem
1572 4605 1584 4638 :
1611 4587 1670 4636 E.
1680 4585 1746 4637 G.

2390 466 2550 523 862

1877 580 2032 635 runt
2061 572 2366 656 spiritum
2391 574 2551 657 ejuS.
2643 572 2744 636 Et
2765 570 3088 636 distinxit

1877 661 1944 723 in
1967 661 2160 725 labiis
2177 664 2314 725 suis
2339 684 2354 726 :
2387 683 2519 725 non
2540 662 3086 744 disperdiderunt

1875 760 2113 831 gentes
2159 770 2326 833 quas
2355 752 2534 815 dixit
2583 751 2899 815 dominus
2929 749 3084 813 illis.

1876 839 1976 901 Et
2027 840 2380 903 commixti
2429 846 2586 903 sunt
2633 840 2808 901 inter
2835 848 3086 920 gentes

1873 935 1942 989 et
2001 926 2372 991 didicerunt
2430 948 2636 1010 opera
2692 948 2962 991 eorum:
3009 936 3084 990 et

1872 1016 2238 1079 servierunt
2258 1016 2676 1099 sculptilibus
2699 1036 2930 1078 eorum
2955 1036 2974 1079 :
3007 1023 3081 1078 et

1872 1102 2126 1167 sactum
2177 1115 2280 1169 est
2329 1105 2458 1168 illis
2519 1106 2586 1167 in
2661 1104 3084 1168 scandalum.

1872 1192 1974 1255 Et
2005 1193 2513 1257 immolaverunt
2558 1191 2728 1256 filios
2759 1213 2916 1255 suos
2945 1213 2961 1257 :
3009 1201 3083 1255 et

1874 1279 2046 1344 filias
2075 1302 2226 1345 suas
2257 1282 2601 1345 demoniis.
2693 1281 2792 1343 Et
2821 1282 3086 1344 effude-

1875 1371 2430 1452 runtsanguinem
2442 1372 2864 1433 innocentem
2887 1389 3084 1432 :san-

1873 1458 2145 1540 guinem
2178 1458 2462 1522 filiorum
2507 1478 2776 1522 suorum
2807 1467 2877 1520 et
2909 1454 3080 1520 filia-

1877 1566 2020 1609 rum
2035 1566 2304 1611 suarum
2333 1566 2528 1629 :quas
2541 1544 3082 1610 sacrificaverunt

1875 1634 2290 1718 sculptilibus
2334 1635 2654 1699 chanaan.
2741 1634 2842 1697 Et
2872 1636 3081 1697 inter-

1874 1720 2049 1787 fecta
2069 1723 2096 1761 ⁶
2125 1734 2227 1787 est
2269 1734 2445 1789 terra
2489 1724 2558 1787 in
2601 1724 3080 1805 sanguinibus:

1873 1821 1943 1875 et
1987 1813 2444 1877 contaminata
2489 1820 2590 1875 est
2641 1812 2710 1875 in
2765 1813 3086 1894 operibus

1877 1920 2106 1964 eorum
2141 1911 2209 1964 et
2254 1900 2556 1965 fornicati
2601 1909 2758 1963 sunt
2789 1901 2857 1963 in
2887 1900 3086 1963 adin-

1875 1990 2300 2053 ventionibus
2329 1990 2480 2053 suis
2571 1989 2671 2053 Et
2715 1989 2922 2051 iratus
2977 1998 3088 2051 est

1879 2078 2096 2142 furore
2137 2078 2450 2143 dominus
2491 2078 2556 2141 in
2607 2076 2932 2160 populum
2965 2096 3078 2140 su-

1879 2186 1993 2230 um
2019 2188 2034 2231 :
2081 2176 2150 2230 et
2179 2168 2602 2230 abominatus
2621 2176 2724 2229 est
2748 2165 3086 2229 heredita-

1878 2264 2018 2319 tem
2069 2274 2279 2321 suam.
2369 2255 2470 2319 Et
2529 2256 2806 2319 tradidit
2859 2274 2978 2317 eos
3009 2255 3084 2317 in

1880 2362 2116 2407 manus
2189 2344 2528 2426 gentium:
2601 2352 2676 2407 et
2747 2342 3082 2406 dominati

1875 2442 2032 2496 sunt
2061 2452 2290 2496 eorum
2321 2434 2436 2515 qui
2466 2430 2753 2496 oderunt
2781 2450 2910 2495 eoS.
2983 2430 3086 2494 Et

1883 2520 2368 2586 tribulaverunt
2404 2542 2521 2586 eos
2559 2520 2808 2584 inimici
2845 2538 3082 2584 eorum

1881 2620 1950 2673 et
1993 2610 2322 2674 humiliati
2383 2620 2538 2674 sunt
2593 2610 2720 2673 sub
2768 2608 3088 2672 manibus

1880 2719 2149 2764 eorum:
2193 2719 2352 2782 sepe
2383 2699 2684 2763 liberavit
2727 2717 2860 2762 eos,
2936 2697 3085 2780 Ipsi

1879 2797 2108 2852 autem
2167 2787 2736 2852 exacerbaverunt
2794 2807 2950 2850 eum
3013 2788 3088 2849 in

1883 2876 2160 2940 consilio
2173 2895 2330 2941 suo:
2383 2887 2451 2940 et
2471 2875 2804 2940 humiliati
2823 2885 2982 2938 sunt
3013 2876 3086 2938 in

1882 2965 2344 3049 iniquitatibus
2374 2965 2528 3029 suis
2617 2964 2720 3028 Et
2737 2965 2906 3028 vidit
2925 2984 3083 3028 cum

1880 3053 2390 3120 tribularentur:
2437 3062 2508 3117 et
2537 3053 2794 3116 audivit
2837 3054 3088 3115 oratio-

1877 3160 2032 3205 nem
2057 3161 2302 3206 eorum.
2391 3143 2493 3206 Et
2525 3161 2784 3206 memor
2803 3141 2927 3205 fuit
2955 3151 3088 3204 tes-

1886 3231 2168 3295 tamenti
2221 3231 2366 3296 sui:
2451 3239 2520 3294 et
2579 3231 2866 3313 penituit
2926 3249 3084 3292 eum

1885 3320 2252 3384 secundum
2285 3317 2782 3383 multitudinem
2833 3319 3090 3381 miseri-

1885 3409 2116 3472 cordie
2159 3427 2292 3472 sue.
2401 3407 2498 3471 Et
2571 3408 2760 3471 dedit
2833 3427 2955 3470 eos
3016 3407 3089 3469 in

1887 3497 2371 3561 misericordias
2399 3518 2416 3562 :
2447 3497 2514 3560 in
2546 3505 2908 3578 conspectu
2941 3515 3090 3558 om-

1887 3587 2072 3648 nium
2105 3585 2218 3667 qui
2271 3595 2586 3668 ceperant
2615 3605 2748 3648 eos‚
2843 3583 3091 3650 Salvos

1887 3672 1993 3738 sac
2039 3693 2162 3737 nos
2190 3675 2461 3738 domine
2491 3675 2656 3736 deus
2707 3681 2971 3738 noster:
3015 3683 3092 3735 et

1889 3781 2222 3846 congrega
2243 3782 2364 3826 nos
2388 3762 2474 3826 de
2493 3761 2892 3826 nationibus.
2995 3761 3090 3824 Ut

1889 3850 2327 3916 confiteamur
2369 3851 2624 3914 nomini
2653 3861 2892 3914 sancto
2923 3860 3042 3912 tuo
3073 3871 3092 3914 ε

1889 3949 1956 4004 et
1989 3939 2346 4021 gloriemur
2373 3939 2441 4002 in
2487 3938 2685 4002 laude
2730 3947 2868 4002 tua.
2958 3938 3094 4001 Be-

1893 4029 2196 4093 nedictus
2223 4029 2538 4092 dominus
2585 4027 2750 4091 deus
2799 4027 3002 4090 israel
3051 4047 3095 4090 a

1891 4117 2116 4182 seculo
2143 4125 2214 4180 et
2267 4136 2476 4198 usque
2523 4117 2592 4179 in
2639 4115 2984 4180 seculum:
3027 4125 3100 4179 et

1891 4206 2072 4270 dicet
2103 4205 2319 4268 omnis
2351 4205 2634 4288 populus
2659 4201 2776 4268 fiat
2807 4203 2944 4268 fiat.

1905 4295 2017 4428 C
2041 4293 2695 4358 onfiteminidomino
2709 4291 3103 4377 [psalmusff

2041 4383 2358 4464 quoniam
2391 4382 2635 4446 bonus:
2683 4383 3008 4465 quoniam
3035 4382 3100 4445 in

1884 4522 1906 4553 ⁸
1937 4518 2121 4570 levavit
2148 4535 2160 4568 :
2195 4519 2250 4570 S.

1877 4589 1898 4618 ⁸
1929 4586 2132 4636 insecta:
2159 4586 2220 4636 E.

2389 4521 2409 4550 ⁴
2441 4534 2533 4584 pro
2561 4517 2672 4568 ‘in’
2694 4519 2801 4570 ad:
2835 4519 2904 4570 G.

2391 4589 2511 4650 ’pa
2543 4583 2832 4636 106.·E.G.
2871 4587 3008 4652 cvj„-
3043 4589 3094 4638 S.
