3375 5100
1539 334 1647 389 IN
1674 333 1946 390 FESTO

1040 441 1172 496 16⁷

512 549 712 611 deum
761 547 989 610 omnia
1042 547 1379 612 elementa
1432 547 1710 612 insensi-

509 635 667 704 bilia
690 645 1069 700 senserunt:
1102 636 1318 700 adhuc
1342 635 1708 701 infidelium

506 725 861 806 judeorum
918 724 1117 788 corda
1166 725 1368 789 deum
1410 746 1555 790 esse
1586 726 1710 788 mi-

516 812 698 876 nime
772 821 1222 893 cognoscunt:
1300 822 1369 878 et
1443 813 1712 878 duriora

514 900 733 964 saxis¹
798 901 1010 965 scindi
1034 902 1059 937 ²
1122 901 1206 964 ad
1270 902 1709 983 penitentiam

514 988 789 1052 nolunt:
850 1009 1139 1070 eumque
1168 988 1470 1053 confiteri
1506 990 1712 1053 abne-

514 1087 717 1159 gant:
764 1097 964 1159 quem
1020 1077 1351 1140 elementa
1404 1087 1478 1141 ut
1538 1077 1711 1140 dixi·

520 1184 667 1228 mus
698 1174 815 1228 aut
864 1165 1070 1247 signis
1118 1175 1235 1229 aut
1284 1166 1712 1229 scissionibus

518 1256 721 1318 deum
774 1254 1084 1318 clamant.
1192 1254 1714 1336 Responsorium.

520 1342 601 1405 In
631 1340 944 1405 columbe
974 1343 1194 1424 specie
1224 1343 1493 1425 spiritus
1522 1363 1711 1405 sanc-

518 1440 627 1494 tus
649 1431 827 1493 visus
853 1439 953 1493 est
978 1453 991 1493 :
1026 1439 1301 1513 paterna
1323 1451 1463 1497 vox
1482 1429 1714 1493 audita

520 1527 638 1581 est.
712 1518 846 1584 Hic
899 1527 1001 1582 est
1045 1518 1218 1585 filius
1266 1537 1452 1582 meus
1513 1519 1714 1582 dilec-

520 1615 648 1670 tus,
740 1606 819 1669 In
868 1627 1005 1688 quo
1067 1606 1229 1670 mihi
1279 1607 1449 1670 bene
1494 1607 1716 1689 placui

522 1694 741 1776 ipsum
826 1695 1069 1759 audite.
1168 1711 1218 1780 γ
1284 1695 1427 1760 celi
1501 1695 1715 1777 aperti

520 1790 677 1845 sunt
738 1801 935 1862 super
996 1803 1148 1846 eum
1210 1793 1279 1847 et
1323 1803 1463 1847 vox
1508 1783 1714 1865 patris

524 1869 750 1943 audita
781 1879 899 1934 est.
972 1871 1103 1933 Hic
1137 1880 1254 1934 est.
1316 1871 1561 1935 Gloria.
1633 1872 1714 1935 In

522 1976 657 2040 quo
731 1959 911 2024 mihi.
999 1959 1516 2040 Respomorium.
1634 1960 1716 2024 In

520 2045 849 2112 Columbe
881 2068 1005 2109 non
1053 2058 1379 2129 repetatur
1420 2048 1557 2111 nisi
1579 2047 1722 2130 fiat

504 2144 776 2217 propter
798 2135 1095 2218 aliquam
1127 2137 1718 2218 representationem

518 2223 627 2288 vel
657 2233 926 2305 propter
958 2224 1301 2288 diaconum
1354 2225 1475 2307 qui
1522 2245 1718 2287 evan-

507 2312 761 2392 gelium
806 2323 1071 2376 cantare
1107 2313 1318 2376 debet:
1347 2313 1467 2376 sed
1484 2313 1718 2376 statim

515 2409 831 2481 sequatur
885 2401 1267 2483 genealogia
1339 2401 1453 2464 hoc
1518 2401 1718 2464 moda.

520 2487 855 2553 Dominus
927 2489 1288 2556 vobiscum.
1399 2489 1491 2555 Et
1566 2510 1718 2555 cum

517 2576 755 2659 spiritu
830 2586 967 2641 tu0.
1097 2577 1448 2660 Sequentia
1510 2577 1724 2641 sancti

516 2662 1193 2745 evangeliisecundum
1210 2666 1442 2734 lucam.
1490 2666 1720 2731 Gloria

518 2752 641 2817 tibi
673 2752 959 2817 domine.

514 2842 905 2973 Factum.
930 2850 1033 2905 est
1070 2861 1220 2905 cum
1269 2841 1722 2923 baptizaretur

673 2930 891 2992 omnis
945 2930 1231 3013 populus
1262 2941 1330 2994 et
1360 2930 1519 3012 Jesu
1553 2932 1718 3014 bap-

516 3016 727 3085 tizato
801 3026 869 3081 et
944 3027 1177 3082 orante
1251 3028 1552 3101 apertum
1616 3030 1720 3083 est

518 3105 738 3177 celum
762 3114 831 3169 et
862 3106 1209 3171 descendit
1229 3107 1496 3189 spiritus
1530 3129 1718 3172 sanc-

517 3203 628 3257 tus
658 3195 985 3276 corporali
1017 3196 1237 3278 specie
1268 3196 1437 3260 sicut
1467 3198 1718 3260 colum-

519 3282 609 3345 ba
663 3282 729 3345 in
774 3284 1012 3366 ipsum.
1106 3284 1197 3347 Et
1243 3305 1379 3347 vox
1426 3286 1511 3349 de
1573 3285 1718 3348 celo

516 3370 695 3435 facta
740 3381 884 3435 est:
932 3382 1005 3437 tu
1050 3393 1122 3435 es
1168 3371 1343 3440 filius
1390 3393 1575 3436 meus
1622 3374 1718 3437 di-

518 3458 730 3526 lectus
798 3461 867 3523 in
940 3469 1007 3523 te
1078 3461 1482 3543 complacuit
1536 3461 1716 3525 mihi.

520 3547 615 3611 Et
691 3548 832 3630 ipse
907 3549 1103 3630 Jesus
1180 3558 1321 3612 erat
1396 3550 1721 3631 incipiens

516 3637 709 3718 quasi
742 3658 1070 3705 annorum
1111 3637 1386 3721 triginta
1419 3647 1493 3703 ut
1523 3648 1722 3720 puta-

514 3723 715 3788 batur
774 3725 946 3791 filius
1000 3726 1257 3809 joseph.
1398 3726 1532 3809 Qui
1598 3728 1723 3791 suit

515 3812 721 3894 hely.³
767 3814 902 3897 Qui
936 3815 1061 3879 fuit
1097 3815 1374 3879 mathat.
1442 3815 1576 3897 Qui
1598 3816 1725 3881 suit

514 3899 667 3964 levi.
759 3900 895 3983 Qui
927 3902 1052 3966 fuit
1086 3903 1347 3967 melchi.
1440 3904 1572 3987 Qui
1600 3904 1725 3969 suit

512 3987 741 4069 janne.
804 3988 939 4071 Qui
970 3990 1093 4054 fuit
1120 3992 1376 4074 joseph.
1440 3992 1573 4074 Qui
1599 3992 1724 4056 fuit

2333 441 2475 498 168

1811 546 1936 611 suit
1967 566 2187 611 naum.
2265 547 2400 631 Qui
2431 545 2558 610 fuit
2587 545 2780 630 esly.⁴
2871 545 3006 629 Qui

1811 636 1938 699 suit
1961 655 2194 718 nagge.
2242 636 2376 719 Qui
2403 636 2525 700 fuit
2552 636 2828 700 mathat.
2874 635 3008 719 Qui

1813 723 1937 787 fuit
1969 723 2352 788 mathahie.⁵
2456 724 2592 807 Qui
2633 725 2756 788 fuit
2785 725 3010 788 semei.

1814 810 1951 894 Qui
1983 812 2108 875 suit
2133 810 2392 894 joseph.
2486 811 2622 895 Qui
2653 813 2780 876 suit
2827 811 3008 893 juda.

1815 899 1949 982 Qui
1974 900 2097 964 fuit
2121 900 2435 981 johanna.
2527 901 2660 984 Qui
2693 901 2818 966 fuit
2848 921 3010 963 resa.

1815 988 1948 1071 Qui
2012 988 2135 1052 fuit
2195 987 2566 1052 zorobabel.
2690 989 2824 1071 Qui
2887 988 3010 1051 suit

1813 1076 2138 1140 salathiel.
2229 1076 2364 1160 Qui
2440 1077 2565 1140 suit
2623 1077 2780 1140 neri.
2873 1075 3009 1158 Qui

1814 1163 1940 1228 fuit
1973 1164 2230 1228 melchi.
2306 1164 2442 1248 Qui
2465 1165 2589 1228 suit
2621 1165 2797 1229 addi.
2875 1163 3010 1246 Qui

1815 1251 1938 1316 fuit
1997 1253 2290 1316 chosam.
2413 1252 2549 1335 Qui
2604 1252 2732 1316 fuit
2803 1251 3010 1316 elmo-

1816 1341 1996 1405 dan.⁶
2098 1341 2232 1424 Qui
2290 1341 2414 1406 fuit
2466 1341 2600 1406 her.
2690 1340 2827 1424 Qui
2887 1341 3012 1404 suit

1811 1429 1978 1511 jesu.
2057 1429 2190 1513 Qui
2226 1430 2348 1494 fuit
2379 1427 2676 1493 eleezer.⁷
2723 1428 2858 1511 Qui
2887 1429 3013 1492 fuit

1815 1518 2036 1598 jorim.
2131 1518 2268 1601 Qui
2319 1517 2442 1582 fuit
2509 1517 2784 1581 mathat.
2878 1517 3012 1600 Qui

1819 1606 1944 1669 fuit
1967 1605 2112 1670 levi.
2183 1607 2317 1690 Qui
2351 1607 2476 1671 fuit
2507 1625 2802 1687 symeon.
2879 1605 3012 1688 Qui

1818 1693 1943 1758 fuit
1966 1694 2151 1776 juda.
2229 1693 2362 1777 Qui
2395 1694 2519 1757 fuit
2544 1693 2802 1776 joseph.
2879 1693 3014 1776 Qui

1819 1783 1944 1846 suit
2001 1783 2180 1863 jona.
2303 1782 2438 1865 Qui
2498 1782 2622 1846 suit
2683 1781 3008 1845 eliachim.

1821 1869 1954 1952 Qui
1987 1870 2112 1934 fuit
2145 1870 2433 1934 meleaS.⁸
2509 1870 2644 1953 Qui
2675 1870 2800 1935 fuit
2831 1890 3015 1933 men-

1821 1979 1925 2023 na.
2041 1958 2176 2042 Qui
2241 1958 2365 2022 suit
2443 1957 2787 2022 mathata.⁹
2879 1956 3012 2039 Qui

1819 2047 1944 2111 fuit
1969 2047 2247 2111 natan.¹⁰
2309 2046 2442 2129 Qui
2463 2047 2584 2110 suit
2605 2046 2824 2110 david.
2879 2045 3012 2127 Qui

1820 2136 1943 2199 fuit
1971 2137 2164 2218 jesse.
2257 2135 2392 2218 Qui
2422 2135 2547 2198 suit
2578 2134 2800 2198 obeth.
2879 2134 3014 2217 Qui

1820 2224 1944 2288 suit
1978 2225 2162 2287 booz.
2219 2223 2356 2306 Qui
2389 2223 2510 2286 fuit
2541 2222 2820 2286 salmon.
2880 2223 3016 2304 Qui

1821 2313 1946 2376 fuit
1979 2332 2246 2376 naason.
2325 2311 2458 2394 Qui
2493 2312 2615 2374 suit
2641 2309 3016 2374 aminadab.

1823 2401 1956 2484 Qui
1989 2400 2114 2464 suit
2146 2420 2348 2463 aram.
2460 2400 2592 2482 Qui
2627 2399 2750 2462 fuit
2781 2418 3016 2461 esrom.

1822 2488 1964 2572 Qui
1999 2489 2122 2553 fuit
2155 2489 2410 2571 phares,
2503 2488 2636 2571 Qui
2668 2487 2789 2550 suit
2838 2487 3028 2569 jude:

1822 2579 1956 2662 Qui
2004 2578 2126 2642 fuit
2170 2578 2386 2659 jacob.
2479 2576 2613 2659 Qui
2645 2576 2768 2640 fuit
2797 2596 3018 2658 ysaac.

1821 2667 1956 2750 Qui
1989 2666 2112 2730 fuit
2143 2666 2404 2729 abrahe.
2483 2665 2618 2748 Qui
2651 2664 2775 2729 suit
2805 2664 3013 2727 thare.

1821 2755 1956 2838 Qui
1970 2754 2092 2818 fuit
2105 2754 2416 2818 nachor.¹¹
2433 2752 2566 2835 Qui
2588 2753 2712 2817 fuit
2723 2753 3022 2816 seruth.¹²

1821 2844 1954 2927 Qui
1981 2843 2102 2906 fuit
2135 2862 2352 2924 ragau.
2389 2842 2522 2925 Qui
2549 2842 2673 2906 fuit
2697 2842 3013 2923 phaleg.¹³

1822 2932 1956 3014 Qui
2005 2931 2126 2994 fuit
2173 2930 2393 2994 heber.
2487 2930 2618 3012 Qui
2682 2930 2808 2993 suit
2861 2930 3016 2995 sale.

1824 3020 1957 3103 Qui
2007 3019 2131 3083 fuit
2185 3039 2463 3100 caynan.
2557 3018 2691 3101 Qui
2743 3018 2868 3081 fuit
2913 3039 3019 3081 ar-

1821 3109 2096 3191 phaxat.
2179 3106 2312 3188 Qui
2347 3106 2471 3171 fuit
2501 3128 2660 3170 sem.
2737 3106 2870 3189 Qui
2898 3107 3020 3170 fuit

1823 3218 1968 3263 noe.
2081 3195 2218 3277 Qui
2280 3195 2404 3259 fuit
2472 3195 2794 3258 lameth.¹⁴
2887 3194 3021 3277 Qui

1823 3286 1948 3348 suit
1969 3284 2407 3348 mattissale.¹⁵
2469 3282 2602 3365 Qui
2636 3283 2759 3347 fuit
2789 3283 3022 3347 enoch.

1822 3373 1956 3456 Qui
1973 3373 2096 3436 fuit
2115 3371 2374 3454 jared.¹⁶
2399 3372 2532 3455 Qui
2558 3371 2679 3434 fuit
2701 3371 3023 3434 malaleel.

1821 3462 1956 3544 Qui
1987 3462 2109 3524 fuit
2143 3460 2498 3541 caynam.¹⁷
2524 3459 2658 3542 Qui
2690 3460 2812 3523 fuit
2843 3480 3021 3523 enos

1831 3550 1967 3632 Qui
2015 3549 2137 3612 fuit
2190 3548 2354 3611 seth.
2447 3548 2581 3630 Qui
2634 3548 2759 3611 fuit
2807 3549 3024 3611 adam.

1827 3639 1960 3722 Qui
1987 3637 2112 3701 fuit
2137 3637 2243 3699 dei
2272 3659 2285 3700 :
2316 3637 2511 3718 Jesus
2537 3646 2762 3700 autem
2788 3637 3024 3718 plenus

1827 3728 2060 3809 spiritu
2111 3734 2344 3789 sancto
2400 3744 2732 3806 regressus
2787 3734 2889 3788 est
2940 3725 3024 3788 ab

1821 3815 2121 3896 jordane.
2193 3812 2527 3895 Sequatur
2538 3814 2857 3894 psalmus.
2921 3812 3022 3875 Te

1827 3904 2029 3966 deum
2086 3902 2455 3966 laudamus,
2547 3919 2594 3988 y
2641 3902 2899 3967 Omnes
2942 3902 3026 3964 de

1825 3992 2060 4056 saba.¹⁸

518 4075 912 4141 mathathie.
991 4079 1125 4162 Qui
1160 4079 1283 4143 fuit
1317 4101 1522 4144 amos.
1586 4081 1722 4164 Qui
1825 4081 1910 4144 In
1934 4079 2244 4145 laudibus
2654 4079 3026 4160 antiphona.

616 4211 633 4245 ¹
668 4214 811 4262 saxi:
844 4214 930 4263 W.
1265 4218 1285 4247 ³
1317 4217 1535 4268 scindis:
1570 4218 1653 4273 W.
2058 4218 2078 4246 ¹
2111 4215 2210 4265 heli
2237 4233 2247 4265 :
2283 4216 2346 4265 G.

612 4287 633 4316 ⁸
666 4280 792 4331 hesli
821 4297 833 4330 ε
868 4280 931 4331 G.
1262 4285 1282 4313 ⁸
1316 4283 1627 4333 mathathie:
1664 4284 1817 4334 G.w.
2061 4285 2081 4313 ⁸
2113 4282 2428 4331 helmadam:
2465 4282 2598 4331 E.G.

612 4352 631 4379 ¹
665 4348 870 4400 eliezer:
908 4348 972 4397 G.
1267 4350 1287 4379 ⁸
1319 4350 1531 4399 melcas:
1557 4350 1615 4399 E.
1658 4350 1875 4401 melcha:
1900 4350 1963 4401 G.
2058 4352 2079 4379 ⁰
2113 4348 2422 4397 mathathie=
2459 4348 2591 4398 E.G.

601 4419 638 4448 ¹⁶
670 4414 896 4466 nathan:
934 4415 1065 4466 E.G.
1258 4417 1290 4445 ¹¹
1328 4431 1505 4465 nacor:
1541 4417 1694 4466 E.W.
2035 4417 2072 4447 ¹²
2103 4415 2308 4463 seruch:
2345 4415 2476 4464 E.G.

606 4485 641 4515 ¹⁸
674 4482 917 4549 phalech:
952 4482 1016 4531 G.
1248 4483 1284 4514 ¹⁴
1319 4482 1542 4532 lamech:
1579 4484 1643 4533 G.
2033 4482 2070 4512 ¹⁸
2105 4481 2399 4530 matussale:
2436 4482 2585 4531 E.W.
2631 4480 2927 4531 mathusale:
2964 4480 3027 4528 G.

596 4552 634 4581 ¹⁸
660 4550 857 4620 jareth:
892 4549 957 4598 G.
1255 4553 1290 4583 ¹⁷
1324 4550 1547 4599 cainam:
1584 4550 1646 4599 G.
2035 4549 2074 4578 ¹⁸
2107 4548 2290 4598 sabba:
2327 4548 2386 4597 E.
