3375 5100
1532 314 1659 373 AD
1703 312 1813 373 LA
1827 314 2064 373 UDES.

1087 425 1250 481 925

536 531 823 599 sabbatis
882 530 981 597 ad
1034 543 1327 615 vesperas
1370 530 1455 597 ab
1496 530 1745 597 octavis

538 622 869 706 epiphanie
942 621 1178 704 usque¹
1222 621 1321 685 ad
1378 622 1503 685 lxx
1562 631 1626 685 et
1695 642 1744 685 a

544 712 731 775 Deus
742 712 1043 774 omnium
1066 712 1091 749 '
1109 731 1313 792 usque
1334 709 1433 773 ad
1440 710 1743 793 primam

540 799 932 863 dominicam
1048 799 1359 863 kalendas
1472 798 1748 881 aug-usti

543 888 801 971 quando
850 888 933 951 de
970 886 1297 951 dominica
1344 887 1578 970 agitur
1620 888 1748 952 iste

542 977 827 1057 hymnus
866 977 1152 1040 dicitur.⁸

558 1066 681 1201 Ο
713 1065 831 1129 lux
864 1066 1061 1129 beata
1090 1064 1351 1129 trinitas
1380 1072 1451 1127 et
1502 1063 1744 1146 princi-

684 1154 851 1237 palis
882 1154 1103 1217 unitas
1142 1152 1285 1234 jam
1346 1152 1445 1216 sol
1496 1153 1745 1217 recedit

542 1242 777 1325 igneus
811 1241 1082 1305 infunde
1137 1242 1363 1305 lumen
1414 1241 1742 1305 cordibus

556 1331 649 1393 Te
680 1352 876 1393 mane
908 1330 1181 1395 laudum
1212 1330 1503 1394 carmine
1532 1340 1601 1393 te
1631 1330 1748 1393 de-

542 1438 889 1501 precemur
916 1419 1171 1501 vesperi
1218 1428 1285 1482 te
1332 1428 1561 1483 nostra
1588 1438 1744 1500 sup·

544 1507 707 1590 plex
780 1508 993 1590 gloria
1065 1526 1185 1589 per
1232 1514 1472 1571 cuncta
1519 1507 1748 1571 laudet

552 1596 791 1659 secula.
912 1596 1067 1659 Deo
1128 1597 1317 1677 patri.
1458 1596 1748 1677 Vesper—

546 1686 689 1747 tina
718 1685 932 1748 oratio
956 1685 1275 1747 ascendat
1299 1704 1342 1747 a
1420 1692 1489 1747 te
1530 1685 1748 1749 domi-

548 1774 677 1836 ne.⁴
768 1772 861 1836 Et
932 1772 1297 1836 descendat
1352 1792 1552 1855 super
1624 1791 1750 1836 nos

549 1862 995 1925 misericordia
1024 1870 1157 1925 tua.

550 1954 616 2027 (s
646 1949 1035 2012 Notandum
1094 1949 1269 2031 quod
1320 1948 1393 2013 in
1450 1946 1750 2013 omnibus

546 2037 837 2102 sabbatis
862 2058 907 2101 a
936 2038 1064 2103 [ιτ.
1110 2058 1311 2119 usque
1348 2037 1448 2101 ad
1467 2036 1554 2102 xl.
1598 2046 1663 2100 et
1703 2058 1749 2101 a

533 2126 766 2209 prima
794 2126 1117 2189 dominim
1144 2126 1455 2190 kalendas
1482 2126 1755 2208 augusti

552 2236 753 2297 nsque
820 2214 919 2278 ad
1006 2215 1358 2278 adventum
1444 2214 1704 2279 domini
1725 2236 1751 2279 .·

548 2303 808 2387 quando
848 2303 929 2366 de
968 2302 1291 2365 dominica
1318 2302 1589 2386 agitur:
1633 2304 1756 2367 iste

548 2392 831 2473 hymnus
856 2392 1159 2456 dicatur.⁶

550 2483 829 2614 Deus
860 2490 1119 2544 creator
1148 2480 1447 2543 omnium
1481 2479 1750 2564 polique

709 2581 926 2634 rector
975 2571 1265 2633 vestiens
1296 2569 1475 2633 diem
1508 2571 1752 2634 decoro

551 2659 803 2722 lumine
860 2668 1129 2722 noctem
1188 2658 1445 2740 soporis
1516 2660 1749 2740 gratia.

550 2749 615 2810 A
626 2757 769 2811 rtus
834 2747 1089 2810 solutos
1148 2756 1226 2811 ut
1282 2747 1469 2829 quies
1514 2747 1752 2810 reddat

560 2837 807 2899 laboris
882 2835 1029 2898 usui
1106 2843 1499 2917 mentesque
1546 2834 1754 2898 fessas

556 2925 815 2988 allevet.
865 2922 1215 3006 luctusque
1244 2924 1460 2987 solvat
1491 2925 1752 2988 anxios.

562 3013 801 3077 Grates
832 3023 1101 3096 peracto
1126 3011 1268 3093 jam
1300 3012 1411 3076 die
1440 3021 1509 3075 et
1539 3013 1754 3076 noctis

554 3123 645 3165 ex
666 3112 813 3166 ortu
847 3121 1073 3184 preces
1101 3101 1274 3164 votis
1296 3121 1441 3164 reos
1464 3109 1541 3164 ut
1564 3100 1756 3181 adju-

552 3211 671 3254 ves
702 3192 1027 3273 hymnum
1074 3199 1390 3252 canentes
1420 3189 1755 3253 solvimus,

566 3279 661 3342 Te
734 3279 950 3343 cordis
1041 3279 1177 3341 ima
1260 3279 1613 3342 concinant
1686 3287 1758 3342 te

553 3389 691 3432 vox
721 3387 966 3431 canora
1010 3376 1362 3448 concrepet
1404 3375 1475 3430 te
1520 3366 1757 3449 diligat

554 3467 775 3521 castus
850 3475 1040 3519 amor
1100 3464 1169 3518 te
1244 3475 1433 3518 mens
1522 3456 1756 3519 adoret

555 3546 792 3609 sobria.
945 3544 1039 3609 Ut
1130 3563 1283 3607 cum
1382 3542 1757 3626 profundo⁰

555 3633 867 3697 clauserit
983 3632 1161 3696 diem
1266 3630 1483 3714 caligo
1598 3651 1758 3696 noc-

559 3725 730 3788 tium
808 3721 973 3784 fides
1018 3719 1329 3784 tenebras
1376 3720 1627 3784 nesciat
1691 3728 1757 3784 et

560 3811 681 3874 lux
706 3809 731 3848 ⁷
760 3810 916 3875 fidei
949 3810 1181 3873 luceat.
1243 3809 1555 3873 Dormire
1580 3829 1766 3873 men-

610 4016 621 4027 ·
660 3949 675 3980 ¹
716 3947 893 4038 :gerba
931 3945 1292 4062 αέ“ωᾳκι”
1320 3961 1473 4010 usque
1506 3945 1581 3994 ad
1612 3949 1759 3994 “om-

556 4029 707 4065 ,ἥκω
805 4029 901 4064 Om-
917 4028 935 4062 .‘
1024 4049 1037 4062 .

655 4084 676 4112 ⁸
696 4089 794 4147 pm
847 4086 907 4129 ‘a
941 4079 1082 4129 Deus
1116 4077 1369 4128 omnium’
1396 4085 1495 4143 per
1528 4085 1726 4128 estatem
1745 4093 1761 4124 .-

558 4147 619 4198 G·
654 4217 675 4246 ⁸
705 4213 899 4262 dicitur
916 4212 989 4261 ad
1002 4219 1225 4276 vesperas
1254 4211 1343 4261 iste
1380 4211 1623 4275 Hymnus
1636 4225 1655 4260 :
1693 4210 1752 4261 G.

550 4280 757 4330 dicatur
768 4295 785 4328 .·
808 4281 875 4328 E.

656 4351 675 4379 ⁴
716 4353 729 4375 ⁴
746 4347 820 4395 Et
840 4345 1027 4394 dicitur
1046 4349 1134 4393 ανῖ.
1162 4351 1223 4393 ut
1242 4344 1389 4394 decd’
1424 4344 1556 4394 add:
1594 4345 1651 4396 G.

658 4417 679 4444 ⁸
710 4413 910 4462 &tatur
931 4412 1019 4460 iste
1036 4411 1255 4473 hymnus
1273 4425 1291 4458 .·
1324 4411 1392 4461 E.

658 4482 679 4510 ⁸
710 4478 957 4543 profunda
982 4495 993 4526 ε
1030 4477 1092 4527 G.

666 4548 683 4575 '
718 4561 809 4610 pro
838 4545 953 4594 ‘lux
972 4544 984 4566 ’
1008 4559 1109 4594 nox
1133 4562 1147 4595 ε
1182 4543 1313 4594 E.G.

2335 424 2492 481 026

1839 540 1981 597 tem
2013 551 2098 597 ne
2119 531 2300 597 sinas
2319 532 2607 597 dormire
2623 532 2824 617 culpa
2841 554 3044 598 nove-

1841 622 1926 686 rit
1949 621 1975 659 ⁸
2003 630 2223 685 castos
2254 620 2422 686 fides
2453 622 2844 705 refrigerans
2866 643 3044 686 som-

1843 710 1910 773 ni
1971 731 2288 793 vaporem
2350 720 2693 793 temperet.
2802 713 3048 775 Exuta

1841 818 2039 861 sensu
2117 799 2371 862 lubrico
2395 798 2422 837 ⁹
2491 810 2564 864 te
2637 801 2856 863 cordis
2905 803 3048 863 alta

1843 888 2182 951 somnient
2230 908 2315 951 ne
2376 887 2586 951 hostis
2646 890 2851 953 invidi
2884 888 3048 952 dolo

1842 995 2050 1058 pavor
2067 976 2330 1057 quietos
2361 978 2650 1042 suscitet.
2703 976 3046 1044 Christum

1843 1084 2154 1146 rogemus
2241 1074 2310 1127 et
2383 1076 2660 1148 patrem.
2797 1066 3050 1130 Christi

1843 1154 2188 1235 patrisque
2199 1154 2502 1235 spiritum
2535 1174 2706 1218 unus
2727 1154 2774 1192 ¹⁰
2803 1164 3049 1237 potens

1845 1260 1964 1323 per
1993 1242 2222 1303 omnia
2269 1242 2419 1304 fove
2465 1251 2812 1323 precantes
2860 1244 3046 1306 trini-

1845 1329 2018 1392 taS.¹¹
2066 1345 2114 1416 y
2158 1330 2558 1412 Vespertina
2589 1331 2870 1396 oratio.¹²

1842 1418 2226 1549 Laudate
2247 1420 2593 1482 dominum
2643 1418 3053 1503 [Psalmus.¹⁸

1982 1507 2068 1569 de
2091 1506 2298 1571 celis:
2345 1508 2618 1571 laudate
2659 1508 2862 1572 deum
2899 1509 2947 1545 ¹⁴
2981 1510 3048 1571 in

1847 1593 2147 1659 excelsis.
2255 1596 2560 1659 Laudate
2609 1616 2762 1660 eum
2813 1617 3051 1660 omnes

1847 1682 2068 1765 angeli
2100 1683 2244 1764 ejus
2271 1705 2286 1747 ε
2333 1684 2599 1749 laudate
2629 1705 2784 1749 eum
2817 1706 3052 1749 omnes

1846 1772 2122 1835 virtutes
2168 1772 2330 1853 ejus.
2419 1773 2732 1837 Laudate
2761 1794 2918 1837 eum
2951 1774 3050 1837 sol

1847 1868 1916 1923 et
1991 1860 2148 1925 luna
2181 1881 2198 1925 ε
2246 1860 2514 1925 laudate
2587 1880 2741 1925 eum
2818 1882 3055 1925 omnes

1847 1948 2039 2011 stelle
2087 1958 2156 2012 et
2206 1948 2448 2013 lumen.
2536 1949 2850 2014 Laudate
2897 1970 3052 2015 eum

1849 2036 1972 2100 celi
2003 2036 2294 2101 celorum
2323 2059 2341 2103 ε
2385 2048 2456 2102 et
2483 2058 2656 2121 aque
2685 2059 2820 2120 que
2857 2059 3057 2121 super

1847 2125 2028 2189 celos
2057 2136 2214 2189 sunt
2245 2126 2518 2191 laudent
2561 2147 2808 2191 nomen
2841 2128 3054 2192 domi-

1850 2214 1936 2277 ni.
2076 2213 2248 2293 Quia
2307 2215 2452 2297 ipse
2503 2216 2682 2281 dixit
2743 2226 2814 2279 et
2874 2217 3058 2281 sacta

1851 2312 2046 2367 sunt:
2104 2304 2248 2385 ipse
2307 2304 2653 2368 mandavit
2711 2313 2782 2368 et
2831 2314 3056 2367 creata

1849 2400 2024 2454 sunt.
2103 2390 2362 2455 Statuit
2380 2394 2550 2455 eain
2583 2392 2884 2458 seculum
2911 2394 2959 2431 ¹³
2987 2400 3056 2456 et

1853 2480 1920 2543 in
1975 2480 2272 2543 seculum
2339 2481 2586 2545 seculi:
2663 2492 3056 2566 preceptum

1851 2570 2075 2650 posuit
2088 2579 2160 2632 et
2183 2589 2317 2632 non
2339 2569 2696 2652 preteribit.
2743 2571 3056 2635 Laudate

1851 2657 2202 2721 dominum
2237 2657 2322 2721 de
2353 2669 2569 2723 terra:
2615 2659 2944 2723 dracones
2989 2669 3056 2724 et

1851 2765 2087 2808 omnes
2115 2747 2358 2827 abyssi.
2445 2747 2636 2829 Ignis
2655 2748 2918 2830 grando
2937 2749 3056 2811 nix

1851 2835 2096 2917 glacies
2125 2836 2394 2916 spiritus
2425 2837 2863 2918 procellarum
2889 2859 2904 2900 ε
2928 2857 3057 2920 que

1855 2921 2108 2986 faciunt
2138 2925 2414 2987 verbum
2437 2925 2596 3006 ejus,
2684 2925 2970 2988 Montes
2987 2934 3054 2988 et

1855 3030 2092 3074 omnes
2121 3011 2364 3076 colles:
2413 3013 2596 3094 ligna
2625 3011 2965 3077 fructifera
2989 3023 3054 3077 et

1855 3119 2088 3164 omnes
2117 3101 2315 3164 cedri.
2403 3101 2634 3165 Bestie
2652 3111 2722 3164 et
2753 3103 3056 3166 universa

1855 3207 2135 3271 pecora:
2227 3198 2568 3271 serpentes
2629 3199 2696 3253 et
2754 3191 3052 3255 volucres

1857 3287 2165 3359 pennate.
2255 3278 2484 3360 Reges
2516 3289 2687 3341 terre
2718 3289 2787 3342 et
2819 3299 3052 3342 omnes

1859 3366 2132 3448 populi:
2179 3367 2508 3448 principes
2567 3376 2636 3431 et
2688 3387 2926 3431 omnes
2951 3369 3052 3449 ju·

1857 3454 2039 3518 dices
2069 3464 2258 3518 terre.
2351 3455 2656 3529 Juvenes
2687 3465 2754 3519 et
2773 3456 3054 3538 virgines

1859 3563 2050 3606 senes
2110 3563 2261 3606 cum
2346 3544 2720 3626 junioribus
2781 3545 3054 3608 laudent

1861 3651 2105 3694 nomen
2139 3631 2432 3696 domini:
2478 3633 2636 3714 quia
2680 3634 3051 3697 exaltatum

1866 3728 1966 3783 est
2000 3739 2241 3784 nornen
2275 3721 2416 3802 ejus
2449 3721 2670 3784 solius·
2721 3719 3053 3786 Confessio

1866 3809 2010 3892 ejus
2085 3829 2283 3890 super
2341 3810 2556 3873 celum
2633 3819 2702 3873 et
2772 3819 3053 3874 terram:

1958 3946 1980 3975 ⁸
2011 3945 2210 4008 culpam
2233 3945 2466 3996 noveris:
2499 3945 2645 3996 W.S.

1957 4014 1978 4043 ⁹
2011 4011 2248 4062 rubn‘co:
2281 4011 2364 4060 W.

1942 4078 1979 4109 ¹⁰
2013 4093 2168 4126 unum
2195 4095 2208 4126 ε
2243 4077 2378 4128 E.G.

1941 4143 1974 4175 ¹¹
2017 4149 2032 4172 ⁸
2051 4145 2219 4192 Amen
2237 4143 2250 4167 ‘
2273 4143 2402 4192 add:
2437 4143 2504 4196 G.

1939 4210 1980 4241 ¹¹
2019 4215 2033 4237 ‘
2049 4210 2116 4259 Et
2139 4211 2410 4260 descendat
2433 4225 2582 4276 super
2601 4225 2695 4261 nos
2727 4210 3053 4262 misericordia

1859 4281 1946 4326 tua
1967 4276 1980 4300 ’
2001 4276 2102 4325 add
2127 4293 2138 4326 z
2175 4275 2309 4327 E.G.

1941 4343 1980 4441 a
2003 4349 2084 4407 pf.
2119 4343 2244 4403 148:
2276 4343 2344 4392 E.
2357 4343 2415 4392 G.
2485 4343 2674 4409 cxlviii.
2694 4359 2712 4393 .·
2744 4344 2800 4397 S.

1943 4477 1982 4508 ιο
2013 4425 2127 4540 Ξῖῗ
2135 4409 2421 4527 'sepsshlcimvf’'
2431 4409 2666 4527 {ianam
2688 4495 2704 4527 ι
2738 4477 2800 4527 Ε.
2809 4477 2874 4528 G.
2883 4477 2963 4528 w.
2973 4475 3018 4526 s,
