3375 5100
1123 375 1430 430 TERTIA
1483 375 1961 433 ADVENTUS.

837 484 942 538 45

287 591 355 654 in
388 590 632 655 vertice
675 591 958 654 montis:
1005 599 1072 654 et
1117 590 1308 672 quasi
1353 589 1486 672 sig-

291 699 450 742 num
483 700 681 763 super
711 677 966 743 collem.
1061 679 1208 742 Hec
1240 679 1421 742 dicit.

444 778 747 851 ropterea
777 776 1092 851 expectat
1128 767 1364 850 [Lectio
1387 765 1482 848 iij.

442 857 750 920 dominus
795 867 870 920 ut
916 857 1302 919 misereatur
1335 875 1485 918 ves-

291 945 414 1009 tri:
461 956 528 1009 et
559 946 710 1009 ideo
756 945 1163 1008 exaltabitur
1209 964 1484 1027 parcens

290 1035 522 1098 vobis:
568 1035 724 1116 quia
776 1035 940 1097 deus
987 1033 1218 1117 judicii
1272 1032 1485 1096 domi-

291 1143 454 1187 nus:
503 1123 690 1186 Beati
715 1143 946 1186 omnes
977 1123 1090 1205 qui
1123 1128 1486 1204 expectant

275 1230 461 1275 eum.
554 1211 844 1295 Populus
873 1212 1052 1274 enim
1083 1230 1251 1292 syon
1299 1209 1488 1272 habi-

287 1300 461 1364 tabit
543 1300 612 1363 in
689 1299 1084 1363 hierusalem
1178 1297 1486 1381 plorans:

289 1408 669 1470 nequaqum
745 1387 1036 1471 plorabis
1071 1408 1086 1450 :
1168 1387 1486 1450 miserans

289 1477 712 1540 miserabitur
768 1477 884 1541 tui.
955 1492 1004 1563 γ
1050 1474 1308 1539 Emitte
1369 1495 1485 1558 ag-

289 1585 468 1630 num.
664 1564 749 1628 In
779 1563 1088 1628 laudibus
1115 1563 1485 1645 antiphona.

286 1655 554 1784 Ecce
581 1655 806 1717 veniet
835 1653 1146 1718 dominus
1178 1653 1484 1735 princeps

440 1763 670 1825 regum
791 1750 1004 1806 terre:
1103 1741 1282 1805 beati
1367 1741 1482 1823 qui

285 1831 502 1912 parati
561 1839 718 1895 sunt
777 1850 1113 1895 occurrere
1171 1829 1281 1893 illi.
1382 1838 1483 1911 ps'.

289 1921 620 1985 Miserere.
660 1919 722 1983 A
735 1928 794 1982 ᾗ.
838 1919 1021 1982 Dum
1039 1919 1294 1982 venerit
1312 1916 1484 1982 filius

286 2007 577 2072 hominis
652 2017 852 2091 putas
913 2008 1206 2070 inveniet
1280 2005 1481 2069 fidem

287 2117 486 2179 super
546 2106 804 2161 terram.
881 2105 982 2180 ps.
1043 2095 1270 2158 Verba
1315 2114 1481 2158 mea.

287 2194 393 2250 ait.
444 2184 620 2249 Ecce
686 2184 832 2268 jam
893 2185 1074 2248 venit
1137 2183 1482 2266 plenitudo

285 2273 648 2357 temporis:
725 2275 793 2337 in
868 2293 1002 2356 quo
1079 2271 1260 2335 misit
1317 2271 1482 2334 deus

282 2362 496 2427 filium
529 2383 722 2426 suum
759 2363 825 2427 in
867 2361 1072 2426 terris,
1145 2369 1249 2443 ps'.
1295 2360 1482 2424 Deus

285 2452 454 2514 deus
485 2472 687 2516 meus,
760 2459 868 2515 αῆ.
906 2449 1243 2514 Haurietis
1273 2468 1482 2531 aquas

285 2539 353 2603 in
386 2540 634 2624 gaudio
664 2540 750 2605 de
782 2539 1073 2604 sontibus
1117 2536 1480 2602 salvatoris,

269 2638 374 2711 ps.
469 2629 872 2695 Confitebor.
905 2628 1066 2711 (iij).
1097 2636 1202 2691 an.
1275 2627 1482 2709 Egre-

283 2718 505 2782 dietur
555 2719 865 2783 dominus
917 2717 1001 2781 de
1050 2715 1197 2780 loco
1248 2724 1482 2779 sancto

283 2826 452 2871 suo:
495 2808 716 2872 veniet
767 2816 843 2871 ut
893 2804 1106 2869 salvet
1157 2804 1479 2888 populum

283 2915 498 2959 suum.
558 2904 658 2978 ps.
702 2895 1025 2960 Laudate.
1093 2892 1476 2975 Capitulum.

287 2984 464 3047 Ecce
487 2983 628 3048 dies
647 2984 936 3049 veniunt.
983 2982 1291 3062 Hymnus
1321 2982 1476 3046 Vox

282 3072 478 3135 clara.
519 3090 566 3158 γ
587 3073 746 3139 Vox
770 3071 1134 3136 clamantis
1181 3071 1266 3134 In
1283 3091 1476 3133 evan—

268 3160 444 3243 gelio
500 3170 607 3224 an.
700 3161 1098 3243 Egredietur
1144 3159 1332 3242 virga
1391 3159 1476 3223 de

280 3250 501 3313 radice
528 3251 741 3331 jesse:
787 3259 856 3313 et
879 3248 1240 3332 replebitur
1259 3248 1474 3310 omnis

279 3348 456 3402 terra
506 3337 719 3421 gloria
771 3338 1063 3402 domini:
1111 3345 1179 3400 et
1221 3336 1476 3400 videbit

279 3427 500 3490 omnis
568 3448 723 3492 caro
796 3426 1082 3490 salutare
1141 3426 1266 3489 dei.
1372 3433 1473 3507 ps'.

280 3516 700 3579 Benedictus,
783 3514 1242 3596 Kyrieleyson.
1326 3513 1474 3578 Oro.

275 3603 535 3668 Aurem
561 3614 764 3667 tuam.
810 3602 1138 3667 Memoria
1163 3612 1236 3665 ut
1254 3611 1470 3682 supra.

273 3692 341 3755 A
349 3692 405 3754 d
400 3692 694 3774 primam
713 3700 817 3757 aii.
854 3692 1146 3756 Paratus,
1164 3700 1264 3771 ps’.
1288 3691 1472 3753 Deus

275 3783 346 3844 in
403 3782 686 3845 nomine.
746 3791 808 3844 et
855 3789 1058 3844 cetera
1117 3778 1338 3842 omnia
1382 3778 1482 3842 ad

271 3869 451 3933 alias
477 3870 712 3934 horas:
759 3878 837 3932 ut
865 3869 932 3933 in
966 3868 1033 3951 ij.
1051 3867 1242 3949 feria
1258 3866 1479 3948 'prime

347 4092 360 4121 l
403 4088 506 4138 ‘et’
527 4090 633 4139 add
641 4106 658 4139 :
693 4089 761 4139 E.
775 4090 832 4139 G.

343 4159 366 4187 ²
398 4158 514 4239 Et
538 4157 630 4206 erit
653 4156 795 4221 quasi
826 4162 969 4221 pater
998 4153 1338 4205 habitantibus
1365 4151 1472 4202 hie-

493 4222 704 4273 rusalem
761 4230 812 4273 et
855 4221 1031 4271 domui
1073 4220 1196 4285 juda
1238 4228 1288 4271 et
1339 4218 1473 4268 dabo

272 4290 468 4340 clavem
492 4289 670 4338 domus
693 4288 843 4337 dauid
877 4304 1025 4352 super
1045 4286 1304 4337 humerum
1329 4286 1435 4349 ejus
1459 4302 1474 4334 ε

271 4356 466 4420 aperiet
488 4362 538 4405 et
563 4370 662 4404 non
688 4354 780 4405 erit
801 4355 888 4419 qui
914 4354 1113 4404 claudat
1137 4362 1186 4403 et
1204 4352 1400 4402 claudet
1424 4359 1473 4401 et

271 4438 376 4472 non
400 4422 491 4472 erit
514 4421 600 4487 qui
624 4422 810 4486 aperiat
837 4422 951 4470 Hec
972 4420 1108 4470 dicit.
1213 4419 1393 4467 -Lectio
1413 4418 1468 4483 ij.

271 4490 392 4573 Et
432 4487 582 4552 figam
607 4488 748 4537 illum
774 4487 1014 4553 paxillum
1051 4487 1102 4535 in
1127 4486 1238 4535 loco
1261 4484 1396 4534 fideli
1419 4492 1469 4533 et

379 4555 468 4603 erit
504 4553 558 4603 in
592 4554 771 4604 solium
807 4554 966 4617 glorie
998 4553 1177 4602 domus
1211 4550 1364 4615 patris
1399 4550 1470 4599 tui

273 4622 393 4685 (suiz
428 4622 518 4683 G.)
555 4628 605 4671 et
637 4621 939 4685 suspendent
962 4635 1111 4685 super
1133 4634 1248 4668 eum
1271 4632 1472 4667 omnem

2146 483 2248 537 46

1582 587 1968 652 hebdomade
2014 610 2158 654 cum
2197 590 2483 654 oratione
2522 590 2779 655 Aurem

1585 685 1789 742 tuam.
1878 677 2004 741 Ad
2025 690 2312 761 vesperas
2356 679 2699 762 antiphone
2722 690 2786 744 et

1567 763 1826 847 psalmi
1834 765 2125 846 feriales.
2220 766 2605 850 Capitulum.
2650 769 2780 832 Re-

1581 855 1981 935 sponsorium
1998 855 2277 938 hymnus
2293 856 2308 893 ¹
2336 856 2690 920 versiculus
2708 867 2785 920 ut

1583 953 1801 1024 supra.
1890 944 1975 1007 Iu
2006 945 2330 1026 evangelio
2357 954 2463 1011 ari.
2537 947 2783 1010 Veniet

1584 1032 1699 1094 vel.
1793 1030 1874 1096 O.
1950 1042 2051 1114 ps.
2138 1033 2544 1114 Magnificat.
2634 1035 2781 1098 An-

1584 1117 1848 1200 tiplwna
1894 1119 2021 1184 ista
2050 1122 2293 1185 Veniet
2337 1131 2401 1185 et
2440 1123 2569 1185 alie
2609 1123 2783 1186 anti-

1571 1207 1785 1290 plzone
1832 1209 2177 1272 necessarie
2228 1221 2421 1293 super
2444 1211 2781 1294 psalmum

1587 1296 1997 1378 Magnificat.
2085 1307 2430 1381 antequam
2494 1300 2555 1365 Ο
2607 1301 2783 1382 sapi-

1583 1386 1769 1449 entia
1800 1384 2157 1467 incipiatur
2180 1388 2284 1450 vel
2293 1397 2449 1470 post
2472 1397 2781 1470 quartam

1581 1473 1973 1538 dominicam
2040 1475 2359 1539 adventus
2375 1499 2402 1540 :
2464 1476 2563 1540 ad
2598 1478 2784 1558 psal-

1585 1582 1782 1626 mum.
1834 1564 2231 1629 Benedictus
2248 1573 2402 1647 post
2434 1565 2782 1630 historiam

1589 1650 1828 1715 Canite
1880 1652 2044 1716 tuba
2102 1653 2536 1736 requirantur.
2625 1655 2782 1718 Non

1583 1738 1834 1802 dicetur
1866 1741 1947 1803 de
1971 1741 2239 1805 domina
2279 1742 2350 1805 in
2392 1742 2522 1805 ista
2559 1741 2781 1807 ltebdo-

1585 1827 1786 1890 mada
1816 1837 1893 1892 ut
1918 1839 2105 1910 patet
2132 1831 2201 1894 in
2233 1830 2492 1895 rubrica
2518 1852 2783 1896 comme-

1583 1916 1965 1980 morationis
1992 1919 2145 2000 ejus.

1587 2008 1653 2084 ([
1698 2003 1899 2068 Feria
1930 2004 2023 2088 iij.
2490 2007 2707 2082 Lectio
2716 2009 2779 2092 j.

1751 2093 1824 2155 d²
1842 2113 2074 2157 vocem
2100 2095 2406 2158 clamoris
2426 2097 2522 2159 tui
2548 2098 2777 2162 statim

1749 2191 1824 2245 ut
1855 2181 2138 2247 audierit
2195 2185 2625 2266 respondebit
2653 2185 2779 2249 tibi

1581 2277 1652 2332 et
1727 2269 1913 2334 dabit
1972 2271 2094 2334 tibi
2155 2271 2464 2336 dominus
2532 2293 2777 2355 panem

1580 2367 1799 2421 artum
1830 2368 1900 2422 et
1928 2379 2174 2442 aquam
2205 2360 2505 2426 brevem:
2542 2371 2613 2425 et
2641 2382 2779 2427 non

1581 2445 1781 2510 saciet
1804 2447 2067 2512 avolare
2096 2469 2137 2512 a
2168 2458 2235 2513 te
2266 2449 2439 2513 ultra
2468 2451 2775 2516 decorem

1581 2543 1791 2600 tuum.
1884 2536 1976 2602 Et
2035 2537 2159 2602 erit
2220 2539 2287 2603 in
2348 2538 2585 2603 diebus
2648 2539 2778 2605 illis

1579 2624 1744 2689 dicit
1774 2627 2082 2690 dominus
2129 2627 2301 2691 oculi
2346 2628 2443 2692 tui
2473 2630 2778 2695 videntes

1579 2722 2037 2797 preceptorem
2079 2726 2269 2779 tuum
2314 2725 2383 2780 et
2426 2738 2617 2781 aures
2664 2728 2779 2784 tue

1581 2803 1927 2867 audientes
1958 2805 2273 2871 verbum:
2320 2814 2473 2888 post
2513 2814 2777 2889 tergum

1582 2892 1927 2957 moventis.
2010 2892 2158 2958 Hec
2188 2894 2365 2959 dicit.
2456 2894 2673 2960 Lectio
2702 2896 2777 2979 is.

1768 3000 1844 3044 ec
1896 2989 1998 3045 est
2048 2982 2156 3046 via
2201 2982 2537 3047 ambulate
2584 2985 2649 3048 in
2697 3005 2779 3049 ea

1768 3088 1983 3152 neque
2002 3070 2089 3133 ad
2113 3072 2425 3134 dextram
2451 3092 2666 3155 neque
2686 3076 2773 3139 ad

1577 3155 1914 3220 sinistram
1950 3158 2313 3223 declinetis,
2406 3160 2513 3224 Et.
2545 3172 2775 3226 conta-

1579 3245 1864 3308 minabis
1906 3247 2187 3312 laminas
2232 3249 2639 3332 sculptilium
2670 3272 2774 3315 ar-

1574 3334 1760 3415 genti
1804 3335 1947 3400 tui:
1994 3344 2064 3399 et
2098 3337 2568 3402 vestimentum
2617 3359 2773 3403 con-

1577 3418 1797 3485 flatilis
1817 3422 1955 3487 auri
1977 3424 2073 3487 tui
2097 3446 2112 3489 :
2144 3426 2479 3508 disperges
2502 3448 2581 3489 ea
2604 3428 2775 3492 sicut

1573 3510 2075 3576 immundiciam
2131 3523 2557 3578 menstruate.
2678 3518 2771 3581 Et

1573 3599 1751 3662 dixit
1781 3599 2089 3663 dominus
2121 3600 2205 3663 ad
2242 3622 2387 3666 me:
2436 3602 2773 3685 Egredere

1573 3696 1640 3750 et
1659 3688 1841 3752 dices
1860 3689 1939 3753 ei.
1987 3690 2273 3753 Dabitur
2292 3690 2513 3773 pluvia
2534 3694 2771 3757 semini

1574 3784 1693 3857 tuo
1763 3777 2139 3859 ubicunque
2213 3778 2643 3843 seminaveris
2703 3783 2771 3845 in

1575 3875 1767 3928 terra.
2430 3868 2643 3933 Lectio
2674 3871 2773 3955 iij.

1573 4083 1787 4149 gloriam
1808 4082 1990 4133 domus
2014 4084 2169 4148 patris
2192 4084 2297 4150 ejus
2320 4102 2549 4137 vasorum
2574 4090 2771 4142 diversa

1573 4165 1758 4216 genera
1789 4164 1941 4199 omne
1972 4166 2061 4199 vas
2094 4153 2355 4216 parvulum
2388 4170 2421 4203 a
2452 4156 2583 4207 vasis
2616 4167 2773 4208 crate-

1573 4232 1737 4266 rarum
1795 4231 1951 4281 usque
2004 4217 2070 4267 ad
2126 4234 2274 4269 omne
2318 4236 2406 4270 vas
2450 4222 2767 4275 musicorum.

1579 4284 1692 4332 Hec
1715 4282 1851 4332 dicit.
2501 4289 2662 4339 Lectio
2685 4291 2765 4355 iij.

1575 4351 1672 4435 [η
1698 4348 1779 4397 die
1803 4348 1888 4397 illa
1910 4347 2032 4398 dicit
2056 4350 2287 4401 dominus
2310 4354 2612 4405 exercituum
2636 4356 2770 4406 aufe-

1634 4422 1767 4464 retur
1810 4414 2027 4479 paxillus
2072 4417 2157 4481 qui
2200 4418 2323 4469 fixus
2356 4418 2512 4470 fuerat
2559 4421 2613 4471 in
2658 4424 2771 4473 loco

1571 4481 1708 4531 fideli
1736 4498 1747 4531 :
1781 4489 1829 4530 et
1852 4480 2103 4545 frangetur
2124 4491 2173 4532 et
2192 4484 2336 4534 cadet
2358 4493 2408 4534 et
2432 4487 2611 4549 peribit
2634 4490 2769 4553 quod

1572 4548 1875 4613 pependerat
1912 4548 1959 4596 in
1998 4564 2094 4598 eo:
2144 4550 2261 4613 quia
2303 4550 2534 4603 dominus
2578 4554 2771 4605 loeutus

1573 4625 1664 4666 est.
1744 4614 1853 4665 Hec
1876 4614 1997 4666 dicit
2021 4632 2034 4665 :
2070 4614 2291 4669 E.G.w.
