3375 5100
1132 333 1491 394 RUBRJCA
1545 334 1665 391 AD
1713 333 2002 390 HORAS

821 443 979 499 285

273 550 552 635 peccatis
567 548 864 615 omnibus
882 548 1210 614 stantibus
1230 548 1492 613 dicatur

287 651 393 707 an.
445 639 923 707 Convertimini
973 638 1059 705 ad
1102 658 1210 702 me
1244 638 1309 701 in
1340 645 1490 702 toto

290 730 491 794 corde
510 738 764 794 vestro:
786 727 851 791 in
872 726 1127 809 jejunio
1148 736 1217 790 et
1238 725 1395 791 fletu
1422 735 1491 790 et

292 818 565 902 planctu
615 817 780 882 dicit
828 816 1156 881 dominus.
1246 831 1295 900 γ
1350 815 1491 878 Do·

293 906 474 970 mine
550 926 683 972 non
758 904 1125 969 secundum
1211 912 1491 985 peccata

293 1006 522 1059 nostra
596 993 801 1058 facias
892 991 1103 1058 nobis,
1245 991 1493 1058 Chorus

270 1083 475 1168 flexis
494 1082 772 1165 genibus
802 1081 1184 1163 respondeat.
1252 1080 1489 1162 Neque

292 1172 659 1236 secundum
754 1169 1136 1252 iniquitates
1228 1178 1489 1233 nostras

293 1260 615 1324 retribuas
648 1258 855 1323 nobis.
962 1257 1279 1324 Sacerdos
1304 1266 1491 1320 stans

286 1348 470 1413 dicat
495 1347 865 1413 orationem.

287 1437 659 1571 Exaudi
753 1454 1114 1519 quesumus
1216 1433 1489 1499 domine

439 1524 817 1609 supplicum
850 1543 1119 1606 preces,
1167 1531 1236 1586 et
1283 1522 1491 1586 confi-

288 1615 575 1679 tentium
632 1613 751 1677 tibi
804 1632 1000 1696 parce
1054 1612 1362 1694 peccatis,
1412 1620 1487 1675 ut

290 1703 535 1786 pariter
594 1701 788 1766 nobis
837 1699 1323 1783 indulgentiam
1374 1699 1487 1764 tri-

291 1791 458 1856 buas
516 1791 843 1873 benignus
897 1798 966 1853 et
1016 1808 1271 1871 pacem.
1366 1789 1489 1852 Per

292 1879 657 1944 dominum.
746 1877 885 1942 Hic
930 1885 1214 1960 surgant
1255 1897 1484 1942 omnes.

294 1969 779 2034 Benedicamus
806 1966 1099 2030 domino,
1166 1965 1317 2029 Deo
1338 1985 1487 2048 gra·-

294 2057 441 2122 tias,
524 2055 771 2120 Deinde
783 2063 1162 2138 prosternat
1186 2075 1255 2117 se
1280 2074 1487 2116 sacer-

290 2145 407 2210 dos
450 2154 512 2210 et
554 2143 783 2208 chorus
830 2143 1139 2208 similiter
1179 2151 1257 2206 ut
1290 2142 1490 2223 prius

290 2254 491 2316 usque
541 2241 695 2315 post
750 2233 1043 2314 psalmos
1100 2229 1489 2314 familiares

289 2343 435 2384 acm
492 2320 893 2386 orationibus
955 2320 1282 2402 completos
1302 2341 1328 2382 .·
1374 2319 1494 2401 qui

288 2421 535 2492 semper
588 2410 980 2492 incipientur
1036 2429 1119 2472 ex
1177 2429 1250 2472 ea
1294 2417 1492 2490 parte

290 2519 420 2581 qua
452 2499 704 2582 reg-itur
727 2498 957 2563 chorus
975 2519 999 2561 .·
1028 2505 1093 2561 et
1109 2496 1488 2561 alternatim

291 2609 335 2652 a
407 2587 592 2652 choro
664 2587 973 2653 dicentur,
1114 2586 1493 2669 Sequantur

278 2675 536 2759 psalmi
547 2676 934 2759 familiares
962 2683 1026 2739 et
1049 2674 1308 2739 dicendi
1331 2684 1491 2739 sunt

277 2766 531 2848 psalmi
542 2786 687 2829 cum
696 2764 1136 2847 prostratione
1146 2774 1272 2845 per
1286 2772 1487 2827 totam

292 2854 862 2937 quadragenmam
912 2853 1010 2917 ad
1047 2873 1264 2916 omnes
1291 2852 1488 2916 horas

294 2962 494 3025 usque
518 2941 614 3006 ad
631 2953 919 3024 vesperas
942 2942 1011 3005 in
1032 2961 1184 3004 cena
1200 2940 1488 3005 domi,ni·

292 3051 407 3113 qut
399 3030 669 3113 festive
694 3030 1031 3095 dicentur:
1076 3028 1214 3092 nisi
1241 3028 1313 3092 in
1345 3029 1487 3111 fis-

291 3120 381 3182 tis
419 3129 789 3183 sanctorum
840 3127 903 3181 et
950 3116 1308 3183 dominicis.
1383 3126 1485 3199 pf.

292 3206 409 3271 Ad
435 3208 780 3271 dominum
806 3227 958 3273 cum
978 3205 1327 3271 tribularer
1341 3227 1486 3269 cum

293 3295 521 3360 Gloria
567 3295 757 3379 patri.
849 3312 898 3381 γ
946 3294 1185 3361 Salvos
1218 3294 1321 3360 sac
1352 3314 1485 3358 ser-

289 3406 409 3449 vos
438 3395 590 3449 tuos
620 3394 689 3449 et
720 3384 992 3451 ancillas
1040 3392 1206 3447 tuas,
1301 3384 1487 3450 Deus

290 3493 479 3537 meus
526 3481 869 3555 sperantes
902 3472 969 3535 in
1004 3480 1091 3536 te.
1181 3488 1230 3557 γ
1286 3472 1487 3536 Mitte

288 3562 385 3625 eis
416 3562 687 3626 domine
727 3560 1051 3625 auxilium
1104 3560 1191 3623 de
1237 3576 1486 3624 sancto,

292 3651 384 3715 Et
415 3651 501 3715 de
530 3671 699 3733 syon
730 3659 917 3714 tuere
947 3670 1084 3713 eos,
1156 3648 1488 3713 Dominus

287 3739 647 3803 vobiscum.
685 3738 775 3803 Et
794 3758 944 3803 cum
958 3736 1206 3821 spiritu.
1238 3736 1485 3802 Oratio.

285 3831 611 3961 Deus·
593 3828 706 3910 qui
753 3826 1093 3891 charitatis
1142 3826 1322 3889 dona
1370 3845 1490 3909 per

442 3917 727 3999 gratiam
789 3916 1000 3980 sancti
1062 3913 1329 3997 spiritus
1383 3922 1488 3978 tu-

286 4024 475 4071 orum
501 4004 811 4070 cordibus
832 4003 1126 4069 fidelium
1152 4001 1485 4067 infudisti.

284 4093 375 4156 da
404 4092 670 4157 famulis
701 4100 769 4158 et
799 4092 1177 4157 famulabus
1208 4091 1340 4155 tuis
1363 4111 1482 4174 pro

284 4182 525 4264 quibus
600 4191 789 4246 tuam
850 4181 1290 4264 deprecamur
1354 4178 1483 4243 cle-

286 4272 605 4335 mentiam
637 4268 923 4335 salutem
956 4268 1201 4333 mentis
1234 4276 1301 4331 et
1344 4287 1485 4331 cor-

282 4360 461 4443 poris
493 4369 568 4425 ut
600 4368 667 4423 te
699 4368 847 4424 tota
876 4358 1121 4423 virtute
1152 4356 1437 4439 diligant
1466 4377 1481 4421 ε

2101 443 2260 498 286

1594 558 1663 613 et
1682 569 1814 632 que
1836 549 1953 612 tibi
1981 550 2228 632 placita
2250 559 2404 613 sunt
2426 558 2569 614 tota
2594 551 2793 614 dilec-

1594 637 1781 702 tione
1811 637 2174 720 perficiant.
2269 639 2391 702 Per
2433 639 2792 704 Christum.

1594 726 1737 790 Pro
1765 726 2106 807 defunctis.
2153 735 2254 828 ps..
2289 727 2396 790 De
2427 727 2790 811 profundis,

1591 814 1737 878 sine
1793 813 2022 880 Gloria
2081 815 2274 898 patri.
2364 832 2413 901 γ
2461 817 2789 916 Requiem

1593 912 1908 968 eternam.
2002 920 2049 989 γ
2097 904 2565 986 Requiescant.
2653 896 2791 968 Do‘-

1594 990 1814 1056 minus
1843 990 2204 1058 vobiscum.
2544 993 2789 1058 Orati.o

1591 1079 1990 1212 Absolve
2066 1101 2428 1164 quesumus
2519 1082 2792 1146 domine

1760 1169 2018 1232 animas
2064 1168 2462 1232 famulorum
2509 1169 2790 1234 famula-

1594 1276 1875 1340 rumque
1906 1266 2170 1321 tuarum
2203 1256 2289 1322 ab
2321 1258 2505 1321 omni
2525 1259 2789 1323 vinculo

1592 1345 2026 1412 delictorum:
2072 1355 2148 1409 ut
2197 1345 2263 1410 in
2297 1349 2788 1411 resurrectionis

1591 1433 1806 1515 gloria
1858 1434 2030 1498 inter
2087 1443 2352 1500 sanctos
2413 1444 2482 1499 et
2541 1435 2788 1521 ele-ctos

1590 1529 1743 1585 tuos
1805 1522 2172 1589 resuscitati
2233 1522 2570 1607 respirent.
2665 1524 2791 1588 Per

1594 1610 1953 1676 Christum.
2044 1612 2213 1675 Post
2242 1612 2534 1694 psalmos
2569 1612 2790 1693 fami-

1586 1698 1791 1763 liares
1819 1719 2154 1782 nunquam
2184 1700 2432 1764 dicitur
2466 1702 2788 1784 Requies-

1590 1795 1746 1852 cant
1779 1788 1845 1850 in
1880 1809 2062 1871 pace,
2127 1789 2533 1871 Sequantur¹
2564 1790 2792 1854 laudes

1575 1885 1702 1959 pro
1723 1875 2061 1958 defunctis.
2107 1887 2213 1941 an.
2239 1877 2662 1942 Exultabunt
2681 1889 2785 1943 etc.

1588 1963 1774 2028 Idem
1789 1974 1884 2028 est
1901 1975 2234 2046 processus
2239 1967 2322 2029 de
2322 1967 2764 2047 prostrationi
2761 2009 2786 2020 -

1590 2051 1711 2116 bus
1733 2053 1802 2115 in
1818 2053 2180 2134 ferialibus
2208 2053 2485 2136 vesperis
2500 2056 2786 2137 quadra-

1577 2141 1839 2223 gesime.
1928 2142 2014 2206 In
2060 2142 2221 2206 aliis
2271 2163 2419 2206 vero
2471 2143 2652 2207 horis
2695 2143 2796 2207 aa'

1590 2229 1976 2294 versiculum
2012 2232 2288 2314 Exurge
2333 2231 2604 2295 domine
2656 2232 2783 2296 Sa-

1588 2318 1805 2382 cerdos
1833 2339 1998 2382 -cnm
2051 2318 2211 2384 aliis
2241 2329 2620 2402 prostratus
2661 2321 2792 2384 erit

1575 2416 1730 2488 post
1755 2407 2110 2471 orationem
2138 2417 2202 2472 et
2235 2409 2530 2490 psalmos
2567 2409 2784 2491 fami-

1588 2494 1790 2560 liares
1813 2517 1838 2559 .·
1864 2496 2163 2578 plenarie
2199 2517 2344 2560 cum
2389 2497 2790 2563 orationibus

1575 2584 1902 2668 predictis.
1993 2586 2080 2649 In
2111 2585 2408 2669 precibus
2435 2588 2671 2650 scilicet
2697 2587 2797 2651 aa'

1590 2673 1960 2737 matutinas
1986 2684 2050 2740 et
2077 2687 2370 2758 vesperas
2394 2686 2643 2758 semper
2683 2678 2788 2741 in-

1586 2761 1830 2843 cipitur
1883 2764 2190 2845 psalmus
2265 2764 2580 2829 Miserere
2655 2766 2786 2828 mei

1589 2850 1756 2915 deus
1785 2872 1863 2915 ex
1888 2872 1965 2914 ea
2002 2862 2202 2933 parte
2241 2873 2374 2935 qua
2416 2854 2646 2918 chorus
2690 2874 2789 2918 re-

1580 2938 1787 3020 gitur.
1848 2940 1912 3003 A
1919 2940 1975 3003 d
1981 2941 2279 3023 primam
2311 2950 2417 3006 an.
2463 2942 2636 3007 Vivo
2658 2962 2788 3025 ego

1590 3027 1751 3092 dicit
1783 3028 2096 3094 dominus
2127 3030 2284 3094 nolo
2317 3039 2600 3095 mortem
2633 3051 2786 3113 pec-

1589 3116 1876 3181 catoris:
1922 3118 2040 3183 sed
2089 3127 2162 3183 ut
2195 3120 2410 3202 magis
2441 3128 2786 3185 converta-

1590 3212 1699 3269 tur
1727 3214 1796 3269 et
1825 3206 2022 3270 vivat.
2068 3216 2170 3290 ps.
2204 3209 2390 3271 Deus
2409 3207 2475 3270 in
2501 3209 2784 3273 nomine.

1588 3301 1696 3357 αῆ.
1786 3293 2068 3359 Adesto,
2197 3304 2298 3377 ps',
2389 3295 2787 3381 Quicunque

1588 3381 1748 3445 vult.
1825 3382 1945 3447 Re.
1993 3382 2152 3464 Jesu
2187 3383 2466 3449 Christe.
2545 3384 2788 3467 Kyrie-

1590 3469 1819 3534 leison.
1907 3479 2016 3536 etc.
2105 3472 2337 3535 Preces
2363 3472 2559 3537 solite.
2646 3473 2787 3536 Do-

1590 3558 1772 3623 mine
1820 3568 2049 3625 sancte
2102 3571 2292 3642 pater
2342 3560 2784 3642 omnipotens,

1588 3656 1698 3711 etc.
1743 3646 2013 3711 Psalmi
2036 3647 2441 3730 familiares.
2537 3649 2786 3714 Levavi

1590 3733 1836 3801 oculos,
1931 3735 2160 3801 Gloria
2189 3736 2378 3819 patri,
2454 3752 2503 3821 γ
2549 3736 2788 3802 Salvos

1590 3822 1712 3889 fac,
1789 3841 1838 3910 γ
1886 3824 2102 3893 Mitte.
2197 3823 2535 3891 Dominus
2564 3825 2785 3890 vobis-

1588 3931 1763 3976 cum.
2537 3914 2787 3979 Oratio.

1745 4000 2016 4065 retende
2063 4000 2335 4067 domine
2394 4001 2660 4067 famulis
2718 4012 2789 4067 et

1741 4088 2119 4154 famulabus
2149 4092 2279 4156 tuis
2299 4090 2650 4156 dexteram
2683 4112 2786 4156 ce-

1587 4176 1769 4241 lestis
1805 4178 2090 4243 auxilii:
2139 4188 2213 4243 ut
2265 4188 2334 4243 te
2389 4188 2535 4244 toto
2588 4182 2788 4245 corde

1584 4266 1972 4348 perquirant
2001 4288 2016 4331 ι
2061 4277 2130 4331 et
2161 4288 2291 4351 que
2322 4268 2526 4352 digne
2557 4278 2788 4351 postu-

1586 4354 1728 4419 lant
1759 4364 2214 4438 assequantur.
2271 4356 2396 4422 Per
2429 4357 2788 4425 Christum.

1312 4518 1325 4549 Ι
1363 4516 1609 4583 Sequatur
1626 4532 1643 4565 .·
1681 4515 1742 4567 G.
