3375 5100
1481 314 1735 369 FERJA
1794 314 2099 370 TERTIA

1105 422 1240 477 781

549 550 680 593 eos».
775 526 916 593 Sed
963 528 1283 593 dextera¹
1318 538 1436 593 tua
1479 539 1550 594 et
1597 530 1747 593 bra-

549 618 770 682 chium
791 628 980 681 tuum
1013 626 1080 681 et
1113 618 1507 683 illuminatio
1527 618 1749 681 vultus

547 708 684 770 tui:
716 708 1034 789 quoniam
1053 707 1510 789 complacuisti
1543 709 1608 771 in
1635 709 1747 771 eis.

561 796 662 859 Tu
711 816 782 859 es
845 796 984 878 ipse
1045 817 1165 859 rex
1221 816 1407 860 meus
1468 806 1536 859 et
1583 797 1749 859 deus

553 904 779 948 meus:
813 886 923 966 qui
951 885 1230 947 mandas
1261 884 1505 948 salutes
1533 884 1749 965 jacob.

551 972 636 1035 In
671 982 737 1036 te
769 974 1072 1037 inimicos
1115 983 1374 1036 nostros
1403 972 1751 1037 ventilabi-

553 1082 702 1125 mus
762 1082 1004 1125 cornu:
1069 1072 1136 1125 et
1186 1064 1252 1125 in
1305 1064 1571 1125 nomine
1632 1072 1751 1124 tuo

551 1170 937 1232 spernemus
984 1152 1394 1232 insurgentes
1443 1151 1509 1212 in
1545 1150 1749 1213 nobis,

552 1238 714 1302 Non
747 1241 921 1300 enim
957 1239 1021 1301 in
1056 1259 1208 1301 arcu
1244 1259 1396 1301 meo
1432 1239 1751 1321 sperabo:

553 1336 624 1391 et
645 1328 904 1408 gladius
939 1348 1123 1389 meus
1157 1348 1287 1389 non
1320 1326 1600 1389 salvabit
1627 1346 1751 1390 me.

558 1415 850 1479 Salvasti
897 1418 1072 1478 enim
1108 1435 1228 1478 nos
1274 1416 1358 1478 de
1403 1414 1754 1497 affligenti-

553 1503 677 1568 bus
711 1524 870 1567 nos:
917 1513 986 1566 et
1017 1505 1318 1568 odientes
1365 1524 1486 1567 nos
1527 1503 1754 1567 confu-

554 1594 728 1656 disti.
817 1592 902 1655 In
955 1592 1084 1655 deo
1139 1592 1559 1656 laudabimur
1609 1601 1755 1655 tota

555 1681 705 1745 die:
753 1689 821 1744 et
871 1682 936 1743 in
987 1681 1258 1745 nomine
1311 1689 1428 1744 tuo
1479 1680 1753 1743 confite-

555 1769 776 1833 bimur
806 1770 872 1832 in
903 1770 1215 1833 seculum.
1292 1769 1496 1833 Nunc
1527 1777 1753 1832 autem

555 1858 850 1940 repulisti
913 1867 981 1921 et
1034 1858 1388 1921 confudisti
1449 1878 1620 1921 nos:
1685 1866 1755 1921 et

557 1966 689 2010 non
721 1947 1074 2030 egredieris
1104 1948 1268 2010 deus
1301 1948 1368 2010 in
1399 1944 1755 2010 virtutibus

556 2038 812 2100 nostriS.
889 2037 950 2099 A
961 2036 1212 2099 vertisti
1245 2056 1366 2099 nos
1399 2044 1754 2099 retrorsum

555 2134 712 2209 post
770 2124 1070 2187 inimicos
1137 2135 1444 2188 nostros:
1508 2132 1578 2187 et
1639 2124 1755 2204 qui

556 2215 840 2277 oderunt
922 2234 1044 2277 nos
1127 2213 1528 2295 diripiebant
1611 2212 1752 2276 sibi.

555 2301 824 2366 Dedisti
887 2322 1008 2365 nos
1061 2310 1381 2384 tanquam
1435 2322 1594 2365 oves
1655 2320 1759 2363 es·-

559 2410 828 2455 carum:
893 2400 961 2453 et
1023 2390 1090 2453 in
1142 2390 1454 2473 gentibus
1506 2390 1757 2472 disper-

557 2479 702 2543 sisti
763 2499 902 2543 nos,
1003 2477 1372 2542 Vendidisti
1433 2478 1756 2562 populum

557 2577 748 2632 tuum
800 2569 942 2631 sine
996 2570 1258 2650 precio:
1328 2577 1395 2631 et
1449 2588 1582 2631 non
1633 2566 1759 2630 fuit

561 2657 920 2720 multitudo
991 2659 1053 2719 in
1126 2656 1761 2720 commutationibus

559 2765 804 2809 eorum.
853 2745 1150 2808 Posuisti
1183 2766 1304 2808 nos
1328 2745 1757 2828 opprobrium

559 2835 790 2897 vicinis
840 2835 1124 2898 nostris:
1171 2835 1759 2897 subsannationem

562 2931 629 2984 et
679 2923 969 2986 derisum
1031 2923 1132 2986 his
1181 2923 1294 3005 qui
1357 2924 1424 2985 in
1485 2923 1760 2986 circuitu

563 3020 790 3074 nostro
849 3019 1020 3074 sunt.
1121 3011 1417 3074 Posuisti
1494 3031 1616 3074 nos
1694 3012 1761 3074 in

563 3099 1062 3162 similitudinem
1139 3100 1499 3182 gentibus:
1578 3119 1761 3162 com-

565 3190 929 3251 motionem
1022 3189 1256 3271 capitis
1335 3190 1402 3252 in
1481 3188 1761 3271 populis,

575 3277 746 3340 Tota
775 3277 884 3340 die
915 3278 1312 3342 verecundia
1351 3298 1503 3342 mea
1532 3286 1767 3340 contra

563 3387 672 3430 me
720 3375 860 3430 est:
915 3375 982 3430 et
1032 3365 1332 3430 confusio
1384 3366 1570 3430 faciei
1618 3385 1766 3428 mee

565 3455 906 3536 cooperuit
957 3475 1077 3518 me.
1191 3456 1253 3517 A
1311 3475 1473 3519 voce
1523 3474 1768 3536 expro-

565 3543 817 3606 brantis
868 3553 936 3607 et
981 3544 1445 3626 obloquentis:
1503 3563 1546 3606 a
1596 3543 1765 3607 facie

567 3633 811 3695 inimici
889 3642 958 3696 et
1032 3632 1502 3715 persequentis,
1611 3631 1765 3695 Hec

567 3723 794 3785 omnia
837 3731 1160 3784 venerunt
1219 3741 1417 3803 super
1467 3741 1590 3783 nos
1643 3739 1767 3783 nec

567 3810 756 3874 obliti
808 3830 1035 3874 sumus
1083 3821 1190 3874 te:
1238 3818 1307 3872 et
1359 3809 1584 3891 inique
1632 3827 1767 3870 non

567 3901 824 3981 egimus
874 3901 941 3962 in
996 3907 1398 3962 testamento
1448 3907 1580 3960 tuo.
1671 3897 1771 3962 Et

569 4008 703 4050 non
746 3987 1014 4051 recessit
1066 3987 1283 4050 retro²
1311 4006 1426 4050 cor
1467 3994 1767 4049 nostrum

569 4083 638 4138 et
690 4075 1034 4138 declinasti
1095 4077 1366 4139 semitas
1413 4084 1676 4138 nostras
1729 4095 1771 4138 a

568 4163 678 4226 via
745 4171 878 4227 tua.
1000 4164 1324 4245 Quoniam
1408 4162 1770 4227 humiliasti

569 4269 692 4314 nos
754 4250 820 4314 in
869 4251 1018 4317 loco
1067 4253 1479 4318 afflictionis:
1544 4262 1613 4317 et
1662 4263 1805 4316 co-‘

803 4401 820 4433 ¹
856 4399 1060 4450 dexetra
1084 4417 1097 4449 ε
1131 4398 1184 4450 S.

805 4468 828 4566 ἰ
858 4482 950 4531 12‘0
980 4473 1145 4581 ’Ἢ
1160 4467 1395 4582 ²:003:ae
1415 4461 1516 4582 ἓ·

866 4533 1044 4582 ‘ne’a
1139 4549 1150 4581 :
1236 4569 1247 4582 .
1307 4567 1318 4581 .
1397 4567 1409 4580 .
1459 4567 1471 4580 .

2360 423 2513 480 782

1848 529 2111 613 operuit
2164 548 2289 594 nos
2340 529 2579 594 umbra
2629 528 2880 593 mortis,
2978 528 3063 593 Si

1850 618 2040 682 obliti
2086 638 2315 683 sumus
2358 637 2606 681 nomen
2648 618 2759 682 dei
2806 619 3060 682 nostri:

1848 716 1915 771 et
1948 709 2002 771 si
2047 708 2495 790 expandimus
2526 727 2763 770 manus
2795 716 3059 770 nostras

1851 796 1937 859 ad
1969 796 2171 859 deum
2202 797 2509 860 alienum.
2602 795 2851 859 Nonne
2888 796 3057 859 deus

1850 886 2137 967 requiret
2198 886 2367 949 ista:
2426 886 2570 967 ipse
2626 886 2805 947 enim
2870 886 3057 948 novit

1852 974 2244 1037 abscondita
2332 974 2565 1037 cordis.
2722 972 3054 1051 Quoniam

1853 1072 2123 1145 propter
2204 1071 2273 1125 te
2356 1060 2829 1125 mortificamur
2914 1072 3061 1124 tota

1856 1152 2001 1214 die:
2050 1150 2340 1213 estimati
2395 1170 2625 1213 sumus
2677 1150 2849 1213 sicut
2898 1170 3059 1213 oves

1854 1240 2218 1302 occisionis,
2330 1238 2617 1321 Exurge
2678 1258 2884 1321 quare
2934 1240 3063 1301 ob—

1854 1328 2103 1391 dormis
2148 1328 2456 1392 domine:
2504 1348 2759 1409 exurge
2803 1325 2915 1390 et⁸
2955 1348 3063 1390 re-

1855 1415 2069 1500 pellas
2116 1417 2181 1479 in
2233 1413 2450 1479 finem.
2550 1415 2766 1493 Quare
2814 1415 3059 1480 faciem

1856 1514 2041 1569 tuam
2076 1505 2354 1569 avertis:
2400 1504 2805 1568 oblivisceris
2836 1505 3059 1586 inopie

1858 1602 2081 1657 nostre
2116 1614 2131 1657 :
2198 1603 2267 1656 et
2316 1594 2761 1657 tribulationis
2812 1603 3058 1657 nostre.

1863 1681 2194 1759 Quoniam
2243 1681 2595 1745 humiliata
2640 1690 2742 1745 est
2790 1682 2857 1744 in
2913 1682 3063 1764 pul-

1854 1790 2011 1834 vere
2054 1772 2281 1834 anima
2324 1779 2593 1833 nostra:
2640 1772 3065 1853 conglutina-

1856 1868 1964 1923 tus
2024 1868 2125 1922 est
2186 1860 2253 1923 in
2314 1868 2488 1922 terra
2534 1868 2766 1923 venter
2817 1868 3059 1922 noster.

1854 1948 2137 2031 Exurge
2180 1950 2451 2012 domine
2486 1947 2729 2029 adjuva
2775 1967 2943 2011 nos:
2994 1957 3065 2011 et

1858 2036 2105 2101 redime
2136 2056 2259 2100 nos
2288 2046 2560 2121 propter
2582 2056 2825 2100 nomen
2852 2046 3063 2099 tuum.

1856 2126 2292 2259 Eructavit
2304 2146 2417 2188 cor
2436 2144 2661 2188 meum
2678 2125 3063 2209 [psalmus-,⁴

2008 2214 2281 2277 verbum
2343 2214 2645 2278 bonum:
2722 2213 2873 2277 dico
2934 2233 3067 2296 ego

1858 2322 2063 2385 opera
2122 2322 2273 2365 mea
2334 2302 2487 2385 regi.
2585 2303 2850 2384 Lingua
2910 2322 3068 2365 mea

1858 2390 2154 2455 calamus
2214 2391 2464 2455 scribe:
2531 2391 2847 2454 velociter
2905 2392 3067 2453 scri-

1862 2480 2097 2543 bentis,
2148 2479 2510 2563 Speciosus
2535 2478 2745 2543 forma
2771 2500 2887 2563 pre
2910 2478 3069 2542 filiis

1862 2567 2239 2634 hominum:
2304 2569 2544 2632 diffusa
2588 2579 2691 2633 est
2733 2570 2953 2652 gratia
2998 2571 3067 2632 in

1864 2657 2055 2722 labiis
2100 2658 2274 2722 tuis:
2320 2668 2671 2741 propterea
2716 2658 3073 2722 benedixit

1863 2755 1933 2810 te
1968 2746 2132 2810 deus
2180 2747 2245 2809 in
2279 2755 2601 2810 eternum.
2690 2747 3070 2828 Accingere

1862 2835 2089 2917 gladio
2143 2843 2303 2899 tuo:
2360 2854 2560 2918 super
2607 2834 2821 2899 femur
2872 2845 3069 2898 tuum

1864 2923 2338 3006 potentissime.
2405 2924 2649 3006 Specie
2680 2933 2797 2988 tua
2828 2934 2895 2987 et
2920 2924 3073 3006 pul-

1864 3011 2234 3075 chritudine
2264 3022 2418 3076 tua:
2454 3013 2723 3076 intende
2755 3033 3073 3095 prospere

1864 3100 2151 3183 procede
2190 3109 2258 3164 et
2290 3121 2507 3182 regna.
2580 3102 2873 3183 Propter
2900 3102 3073 3164 veri-

1865 3198 2075 3252 tatem
2124 3198 2191 3252 et
2224 3190 2803 3252 mansuetudinem
2835 3201 2904 3253 et
2930 3190 3073 3270 jus-

1865 3278 2090 3342 ticiam
2116 3299 2131 3343 :
2178 3287 2245 3342 et
2270 3279 2553 3342 deducet
2584 3287 2653 3342 te
2684 3279 3079 3342 mirabiliter

1867 3367 2146 3429 dextera
2178 3377 2308 3431 tua.
2388 3367 2655 3449 Sagitte
2686 3377 2800 3430 tue
2832 3377 3027 3431 acute
3058 3389 3075 3432 z

1868 3455 2097 3537 populi
2144 3456 2268 3519 sub
2314 3464 2381 3519 te
2425 3457 2712 3519 cadent:
2760 3457 2827 3519 in
2869 3457 3078 3520 corda

1869 3543 2282 3607 inimicorum
2356 3545 2543 3626 regis,
2660 3544 2878 3608 Sedes
2955 3554 3075 3607 tua

1869 3632 2033 3696 deus
2095 3630 2160 3694 in
2217 3632 2513 3696 seculum
2567 3633 2822 3698 seculi:
2886 3634 3079 3715 virga

1868 3720 2247 3786 directionis
2296 3722 2483 3802 virga
2528 3723 2711 3804 regni
2758 3722 2871 3785 tui.
2949 3722 3079 3785 Di-

1871 3808 2093 3872 lexisti
2119 3808 2454 3892 justiciam
2488 3819 2557 3872 et
2588 3810 2786 3873 odisti
2834 3811 3079 3892 iniqui-

1870 3906 2117 3960 tatem:
2164 3907 2515 3981 propterea
2554 3899 2751 3961 unxit
2797 3909 2865 3962 te
2908 3901 3081 3962 deus

1873 3986 2038 4049 deus
2085 3995 2237 4049 tuus
2284 3987 2434 4050 oleo
2488 3986 2704 4051 leticie
2752 4008 2871 4070 pre
2918 4008 3083 4051 con-

1872 4073 2157 4164 sortibus
2210 4076 2359 4139 tuis.
2451 4075 2543 4139 M
2548 4076 2721 4140 irrha
2770 4087 2840 4140 et
2882 4085 3083 4159 gutta

1874 4172 1941 4227 et
1992 4165 2172 4227 casia
2193 4163 2219 4201 ⁶
2270 4185 2313 4226 a
2372 4165 2787 4228 vestimentis
2846 4167 2977 4228 tuis
3042 4187 3087 4229 a

1872 4252 2183 4316 domibus
2244 4251 2599 4318 eburneis:
2684 4274 2775 4316 ex
2836 4253 3085 4337 quibus

2076 4401 2098 4494 t
2158 4402 2328 4516 gsg:
2346 4413 2365 4448 .·
2390 4399 2464 4516 ἔ
2478 4401 2535 4452 G.
2606 4401 2764 4472 xliiii.
2790 4417 2809 4452 .·
2842 4403 2897 4452 S.
