3375 5100
1083 427 1244 485 223

554 541 793 605 iterum
864 538 1301 623 deplacabat.¹
1416 539 1573 621 Ipse
1632 538 1750 621 qui

548 627 964 693 dormiebat:
1010 628 1173 691 illud
1219 628 1491 692 verbum
1552 647 1745 690 sanc-

550 727 693 781 tum
732 717 909 781 dicit.
1002 717 1155 800 Ego
1200 717 1459 780 dormio
1512 725 1581 780 et
1632 736 1746 779 cor

550 825 771 870 meum
802 804 1051 888 vigilat.
1423 803 1634 867 Lectio
1658 804 1744 868 ix.

548 896 701 1027 Α
716 893 759 956 d
780 914 980 975 quem
1000 893 1389 956 accedentes
1407 891 1742 975 discipuli:

716 981 1127 1046 suscitabant
1198 1000 1353 1043 eum
1429 981 1742 1043 dicentes,

551 1071 881 1134 Domine:
956 1069 1139 1133 salva
1236 1088 1356 1131 nos
1433 1069 1744 1151 perimus,

550 1159 775 1222 Tanto
827 1158 1086 1221 fuerant
1140 1166 1321 1220 metu
1370 1157 1744 1220 conterriti:

550 1256 618 1310 et
648 1266 817 1329 pene
847 1246 1072 1310 animo
1108 1245 1417 1308 alienati:
1464 1253 1539 1307 ut
1586 1245 1744 1308 irru-

549 1344 735 1398 erent
782 1335 848 1397 in
897 1353 1095 1398 eum:
1137 1342 1207 1397 et
1266 1353 1399 1395 non
1444 1332 1745 1396 modeste

548 1431 667 1486 aut
740 1422 1001 1487 leviter²
1072 1431 1535 1504 suggererent:
1623 1422 1744 1486 sed

528 1509 968 1576 .turbulentur
1006 1511 1398 1574 suscitarent
1445 1529 1599 1573 eum
1644 1509 1748 1572 di-

548 1610 773 1663 centes
802 1621 816 1663 :
861 1599 1149 1662 Domine
1178 1597 1363 1661 salva
1392 1617 1529 1666 nos.
1576 1599 1746 1680 peri-

548 1707 714 1751 mus,
833 1687 919 1750 In
992 1686 1320 1767 evangelio
1391 1694 1498 1750 αῆ.
1611 1686 1742 1749 As-

548 1777 872 1840 cendente
902 1776 1061 1858 jesu
1092 1775 1159 1838 in
1191 1773 1562 1838 naviculam
1590 1795 1605 1838 :
1638 1795 1744 1837 ec-

548 1884 623 1928 ee
676 1873 897 1928 motus
950 1883 1234 1945 magnus
1282 1861 1495 1926 factus
1541 1863 1740 1927 estin

549 1953 759 2017 mari:
803 1962 871 2016 et
912 1953 1393 2015 suscitaverunt
1423 1971 1575 2015 eum
1609 1950 1742 2014 dis-

549 2040 747 2124 cipuli
823 2041 967 2123 ejus
1026 2039 1375 2103 dicentes:
1450 2039 1741 2104 Domine

548 2129 732 2193 salva
761 2149 900 2192 nos,
933 2137 1031 2211 pff.
1058 2128 1471 2192 Benedictus.
1515 2126 1742 2192 Cetera

546 2217 643 2280 ad
653 2217 1019 2281 matutinas
1038 2227 1102 2279 et
1125 2216 1322 2280 horas
1340 2225 1415 2279 ut
1430 2215 1499 2278 in
1508 2216 1740 2296 prima

533 2305 869 2370 'dominica
888 2329 912 2369 .·
953 2326 1097 2368 cum
1149 2304 1435 2367 oratione
1452 2325 1483 2366 .·
1555 2304 1742 2368 Deus

546 2395 660 2476 qui
710 2414 832 2458 nos
860 2395 927 2457 in
959 2394 1165 2457 tantis
1213 2391 1534 2476 periculis
1623 2392 1751 2456 Ad

547 2493 841 2566 vesperas
887 2481 957 2544 in
1004 2481 1332 2564 evangelio
1375 2488 1479 2544 αῆ.
1545 2480 1745 2545 Dixit

546 2572 741 2654 Jesus
793 2570 1130 2653 discipulis
1160 2571 1295 2633 suis
1326 2569 1491 2652 quid
1521 2570 1743 2633 timidi

546 2660 705 2723 estis
736 2660 996 2722 modice
1026 2658 1225 2721 fidei:
1264 2662 1421 2721 tunc
1467 2677 1742 2740 surgens

546 2749 897 2830 imperavit
925 2747 1140 2811 ventis
1170 2754 1240 2809 et
1271 2745 1475 2809 mari:
1507 2755 1575 2808 et
1608 2746 1741 2810 fac-

546 2846 615 2899 ta
662 2844 764 2899 est
808 2834 1251 2918 tranquillitas
1298 2854 1559 2915 magna.
1636 2843 1741 2916 pff.

549 2922 955 3006 Magnificat.
1050 2922 1278 2987 Oratio
1306 2931 1381 2984 ut
1405 2933 1623 3021 supra..

536 3016 613 3090 ..Ι
658 3012 981 3075 Lectiones
993 3010 1285 3091 finales.
1328 3010 1468 3073 Lec.
1487 3010 1737 3092 prima.

543 3100 893 3252 Deinde
946 3108 1099 3182 post
1149 3118 1359 3162 annos
1404 3108 1537 3161 tres
1587 3099 1740 3162 veni

702 3188 1211 3270 hierosolymam
1310 3187 1534 3251 videre
1623 3208 1741 3269 pe—

546 3286 760 3342 trum:
794 3285 862 3339 et
892 3277 1105 3339 mansi
1126 3274 1305 3358 apud
1330 3295 1481 3339 eum
1501 3276 1739 3339 diebus

546 3366 946 3448 quindecim.
1021 3363 1257 3428 Alium
1286 3373 1511 3428 autern
1543 3383 1738 3447 apos-

544 3455 829 3518 tolorum
890 3453 1223 3517 neminem
1273 3451 1405 3515 vidi
1455 3453 1579 3515 nisi
1635 3452 1740 3534 ja-

515 3544 784 3608 ·cobum
860 3542 1128 3606 fratrem
1204 3541 1473 3606 domini.
1586 3540 1736 3623 Que

538 3642 765 3695 autem
798 3631 1013 3695 scribo
1043 3630 1265 3695 vobis:
1311 3650 1462 3693 ecce
1511 3650 1734 3692 coram

541 3721 699 3784 deo:
732 3722 889 3803 quia
912 3740 1046 3783 non
1074 3720 1371 3782 mentior.
1420 3717 1636 3781 Lectio
1667 3718 1734 3801 ij.

540 3811 889 3941 Deinde
919 3809 1069 3873 veni
1101 3808 1167 3870 in
1201 3817 1421 3889 partes
1464 3808 1638 3888 syrie
1669 3815 1739 3870 et

696 3897 946 3961 cilicie.³
994 3897 1196 3960 Eram
1229 3905 1452 3959 autem
1472 3896 1738 3978 ignotus

542 3984 707 4047 facie
738 3984 1027 4049 ecclesiis
1052 3984 1253 4065 judee
1285 4005 1415 4066 que
1447 3993 1636 4048 erant
1668 3984 1734 4046 in

546 4072 827 4136 Christo,
916 4072 1209 4135 Tantum
1262 4082 1484 4135 autem
1548 4073 1737 4136 audi-

541 4170 684 4224 tum
762 4159 1139 4224 habebant:
1228 4161 1543 4242 quoniam
1620 4162 1734 4243 qui

540 4249 1061 4333 persequebatur
1158 4268 1278 4311 nos
1374 4248 1736 4332 aliquando

643 4387 655 4416 ¹
693 4386 790 4436 Pro
852 4385 1196 4451 ‘deplacabat’

540 4453 899 4570 E.(}.leniter=
935 4519 1069 4569 E.G.

1256 4384 1389 4435 idem
1473 4386 1705 4451 placabat
1723 4403 1736 4435 ε

1430 317 1844 374 DOMINICA
1903 317 2228 388 QUINTA

2363 427 2518 480 224

1849 556 2024 600 nunc
2071 535 2333 602 autem⁴
2383 534 2792 619 evangelizat
2843 535 3044 601 fidem

1848 646 2052 708 quarn
2084 627 2443 708 aliquando
2467 625 2902 708 expugnabat
2931 649 2945 690 :
2978 637 3048 690 et

1847 715 1914 777 in
1938 735 2044 778 me
2062 712 2508 778 clarificabant
2528 714 2746 778 deum.
2786 714 2930 778 Lec.
2948 714 3045 796 iij.

1847 803 2196 934 Deinde
2230 811 2381 884 post
2411 821 2620 865 annos
2644 803 3048 885 quatuorde-

2003 892 2176 955 cim:
2223 891 2460 954 iterum
2507 891 2774 954 ascendi
2830 890 3046 954 hiero-

1847 978 2149 1042 solimam
2181 999 2333 1042 cum
2365 978 2659 1043 barnaba
2699 989 3044 1062 assumpto

1847 1075 1914 1129 et
1933 1068 2076 1131 tito.
2122 1067 2414 1131 Ascendi
2435 1075 2656 1131 autem
2677 1069 3040 1131 secundum

1847 1155 2314 1219 revelationem
2345 1155 2637 1219 domini:
2683 1165 2751 1220 et
2791 1157 3041 1220 contuli

1847 1243 2160 1307 cumillis
2205 1243 2623 1326 evangelium
2669 1246 2850 1326 quod
2897 1264 3042 1327 pre-

1847 1332 1998 1396 dico
2029 1332 2096 1395 in
2125 1332 2458 1414 gentibuS.

1846 1421 2011 1483 Item
2041 1420 2332 1484 lectiones
2358 1419 2438 1483 de
2449 1420 2652 1502 seria.
2760 1420 2977 1485 Lectio
2979 1423 3041 1503 j.

1845 1509 2060 1641 Sed
2123 1529 2339 1591 neque
2397 1509 2558 1572 titus
2618 1509 2731 1590 qui
2780 1529 3040 1574 mecum

1979 1607 2122 1661 erat
2150 1617 2301 1660 cum
2334 1606 2508 1660 esset
2537 1596 2802 1680 gentilis
2855 1619 3040 1661 com-

1846 1683 2078 1766 pulsus
2117 1695 2218 1748 est
2249 1685 2599 1749 circuncidi
2632 1685 2748 1748 sed
2774 1697 3044 1768 propter

1847 1773 2257 1836 introductos
2317 1772 2516 1838 falsos
2591 1773 2865 1838 fratres:
2925 1777 3040 1858 qui

1845 1861 2360 1925 subintroierunt
2391 1862 2739 1944 explorare
2770 1862 3042 1927 liberta-

1844 1958 1981 2013 tem
2015 1959 2308 2014 nostram
2358 1971 2560 2032 quam
2614 1950 2936 2014 habemus
2969 1954 3036 2015 in

1846 2037 2111 2102 Christo
2133 2039 2335 2119 Jesu:
2382 2048 2455 2102 ut
2487 2059 2606 2102 nos
2653 2040 2720 2101 in
2765 2041 3036 2104 servitu-

1842 2135 1980 2190 tem
2014 2127 2402 2208 redigerent.
2723 2128 2936 2192 Lectio
2968 2130 3038 2212 ij.

1979 2214 2172 2278 uibus
2218 2235 2432 2297 neque
2465 2215 2548 2278 ad
2580 2214 2810 2278 horam
2845 2218 3040 2281 cessi-

1981 2323 2126 2366 mus
2173 2303 2608 2386 subjectioni:
2677 2313 2751 2369 ut
2797 2307 3041 2370 veritas

1843 2392 2166 2474 evangelii
2226 2401 2614 2474 permaneat
2673 2394 2852 2475 apud
2901 2415 3035 2458 vos,

1844 2478 1960 2542 Ab
2022 2479 2124 2542 his
2184 2489 2408 2544 autem
2470 2481 2582 2564 qui
2645 2482 3040 2546 videbantur

1843 2588 1986 2632 esse
2046 2570 2294 2651 aliquid
2371 2570 2602 2652 quales
2679 2572 3037 2653 aliquando

1843 2656 2084 2721 fuerint
2102 2657 2262 2720 nihil
2285 2678 2432 2721 mea
2451 2659 2737 2723 interest.
2783 2660 2917 2724 Lec.
2939 2662 3038 2743 iij.

1841 2748 2112 2876 Deus
2133 2755 2354 2809 autem
2382 2766 2731 2829 personam
2750 2747 3036 2813 hominis

1998 2854 2128 2898 non
2207 2835 2490 2918 accipit.⁸
2581 2836 2750 2899 Mihi
2809 2848 3032 2901 autem

1843 2923 1954 3004 qui
2030 2921 2425 2986 videbantur
2515 2922 2764 3007 aliquid
2841 2947 2984 2989 esse
3019 2948 3034 2991 :

1841 3009 2003 3074 nihil
2033 3012 2468 3075 contulerunt.
2563 3012 2697 3077 Sed
2731 3034 2768 3075 e
2799 3024 3032 3078 contra

1842 3120 1992 3163 cum
2025 3100 2344 3164 vidissent
2366 3100 2548 3183 quod
2581 3102 2901 3165 creditum
2935 3113 3036 3167 est

1841 3186 2002 3249 mihi
2062 3188 2477 3270 evangelium
2525 3191 2816 3272 prepucii
2864 3191 3036 3255 sicut

1840 3284 1905 3339 et
1931 3286 2122 3358 petro
2145 3278 2646 3341 circuncisionis
2703 3278 2836 3361 Qui
2858 3280 3036 3343 enim

1839 3374 2151 3447 operatus
2193 3375 2295 3428 est
2338 3376 2544 3468 ’petro
2590 3367 2656 3429 in
2703 3367 3035 3450 apostola-

1839 3462 1982 3515 tum
2017 3454 2540 3518 circuncisionis:
2588 3465 2896 3538 operatus
2932 3466 3035 3521 est

1840 3550 1907 3604 et
1941 3541 2100 3604 mihi
2134 3542 2303 3605 inter
2342 3552 2591 3624 gentes,

1841 3634 1905 3707 ([
1952 3630 2296 3693 Domim’ca
2329 3652 2384 3694 v.

1844 3718 2127 3782 Sabbato
2155 3718 2251 3781 aa'
2275 3730 2580 3801 vesperas.
2655 3722 2738 3785 In
2778 3743 3032 3805 evange.

1837 3816 1944 3870 αῆ.
1995 3809 2257 3871 Fratres
2324 3808 2593 3890 perfecti
2643 3820 2855 3874 estote
2917 3831 3034 3893 pa-
3076 3819 3084 3825 ’

1840 3916 1986 3959 cem
2039 3895 2280 3959 habete
2335 3906 2402 3960 et
2451 3898 2614 3961 deus
2660 3899 3034 3963 dilectionis

1840 3993 1908 4047 et
1940 3984 2121 4066 pacis
2160 3986 2283 4048 erit
2313 3986 2672 4051 vobiscum.
2721 3988 2885 4051 all'a.
2932 3997 3033 4069 pf.

1847 4072 2254 4155 Magnificat.
2787 4076 3036 4141 Oratio,

1835 4159 2287 4294 Familiam
2323 4171 2506 4225 tuam
2538 4185 2897 4247 quesumus
2916 4166 3034 4229 do-

1998 4270 2178 4313 mine
2224 4252 2542 4316 continua
2592 4254 2844 4336 pietate
2889 4274 3034 4318 cus-

2072 4387 2093 4416 *
2124 4385 2328 4436 celicie:
2364 4387 2449 4437 W.

2053 4454 2090 4483 ·⁴
2131 4453 2360 4502 ‘autem'
2397 4469 2533 4505 om.:
2569 4456 2794 4507 E.G.W.

2067 4520 2087 4547 ³
2125 4519 2348 4583 accepit:
2385 4520 2467 4571 W.
