3375 5100
1187 329 1494 386 TERTIA
1547 331 2024 389 ADVENTUS.

909 440 1004 494 67

337 545 600 628 psalmi
627 544 1018 626 Magnis-icat
1061 552 1126 608 et
1167 543 1403 607 ultima
1445 542 1553 606 a'ie

358 636 424 700 O
465 636 651 716 virgo
696 634 1024 715 virginum
1069 632 1378 696 similiter
1398 642 1548 713 per-

353 733 656 786 cantetur
677 732 830 784 ante
867 721 1271 803 inceptionem
1302 719 1556 803 psalmi

356 810 769 894 Magnificat.
889 809 1105 872 Nulla
1169 809 1277 872 his
1317 818 1548 891 septem

353 900 580 963 diebus
605 899 738 961 erit
761 898 841 960 de
867 908 1091 961 sancta
1114 897 1330 960 maria
1353 899 1459 960 vel
1473 898 1554 960 de

355 987 648 1051 secundo¹
665 986 977 1049 adventu²
993 986 1304 1050 memoria
1324 985 1392 1048 in
1413 1006 1546 1048 ves-

338 1076 528 1158 peris
557 1095 666 1138 nec
695 1075 763 1137 in
793 1075 1015 1138 diebus
1038 1073 1350 1157 profestis
1384 1072 1546 1138 dice-

356 1175 476 1228 tur
545 1164 643 1226 ad
707 1174 1000 1245 vesperas
1087 1161 1548 1245 Kyrieleyson.

355 1253 466 1316 vel
478 1251 504 1290 ⁸
529 1251 660 1334 fiet
684 1250 1043 1333 prostratio
1089 1251 1158 1314 in
1202 1249 1384 1314 choro
1415 1250 1553 1313 nisi

351 1340 456 1404 ad
478 1339 946 1421 completorium
965 1338 1134 1402 sicut
1158 1350 1404 1420 semper
1419 1339 1506 1419 fit
1521 1339 1546 1376 ⁴

353 1429 618 1512 quando
669 1437 976 1491 cantatur
1016 1428 1096 1490 de
1130 1428 1318 1509 feria
1363 1437 1547 1490 extra

355 1528 604 1598 tempus
619 1515 933 1598 paschale.
1409 1516 1546 1580 Ανῖ.

365 1607 494 1740 O
515 1605 858 1687 Sapientia
888 1624 1019 1686 que
1048 1625 1136 1666 ex
1167 1623 1280 1666 ore
1311 1603 1546 1667 altissi-

497 1694 586 1756 mi
635 1693 910 1775 prodisti
942 1693 1276 1774 attingens
1329 1713 1370 1756 a
1415 1692 1574 1756 fine·

353 1802 568 1863 usque
599 1781 684 1844 ad
717 1781 915 1844 finem
949 1781 1204 1844 fortiter
1222 1779 1546 1844 suaviter⁶

351 1872 850 1952 disponensque
911 1870 1174 1933 omnia:
1247 1870 1398 1932 veni
1459 1868 1546 1932 ad

351 1959 733 2021 docendum
796 1977 917 2021 nos
960 1957 1136 2020 viam
1183 1958 1545 2039 prudentie.

337 2055 449 2128 ps.
483 2046 888 2128 Magnificat.
1435 2055 1542 2109 αῆ.

366 2136 495 2269 O
523 2133 862 2216 Adonay⁶
908 2141 976 2197 et
1019 2133 1162 2197 dux
1194 2133 1431 2197 domus
1463 2135 1544 2197 is-

496 2222 629 2286 rael
662 2224 772 2304 qui
806 2222 1018 2303 moysi
1061 2223 1128 2284 in
1175 2222 1329 2305 igne
1361 2221 1548 2286 flam-

356 2331 470 2373 me
531 2311 673 2375 rubi
736 2311 1096 2393 apparuisti
1131 2332 1146 2375 z
1222 2320 1288 2374 et
1353 2311 1417 2374 ei
1477 2311 1544 2374 in

353 2418 530 2479 syna
603 2397 818 2481 legem
893 2400 1172 2463 dedisti:
1246 2400 1396 2462 veni
1457 2401 1542 2463 ad

358 2487 814 2550 redimendum
861 2507 980 2550 nos
1011 2489 1077 2550 in
1110 2487 1380 2552 brachio
1424 2507 1543 2550 ex·

353 2584 568 2640 tento.
645 2586 748 2658 ps'.
783 2576 1190 2658 Magnificat.
1409 2577 1470 2640 A
1483 2586 1544 2641 ἢ.

370 2665 494 2799 O
541 2664 766 2728 Radix
793 2665 966 2746 jesse
998 2666 1110 2747 qui
1147 2674 1283 2728 stas
1315 2665 1382 2729 in
1412 2666 1543 2747 sig-

495 2774 653 2816 num
686 2754 1082 2837 populorum
1116 2774 1312 2836 super
1340 2774 1540 2835 quem

353 2840 790 2905 continebunt
811 2862 994 2923 reges
1014 2862 1087 2904 os
1119 2862 1309 2905 suum
1341 2862 1540 2923 quem

355 2940 594 3012 gentes
648 2929 1214 3012 deprecabuntur:
1260 2932 1407 2993 veni
1454 2931 1549 2993 ad·

359 3017 773 3082 liberandum
793 3039 914 3081 nos
939 3018 1078 3099 jam
1103 3019 1235 3082 noli
1263 3020 1540 3083 tardare.

337 3114 444 3187 ps‘.
479 3106 881 3187 Magnificat.
1405 3108 1468 3170 A
1479 3118 1536 3171 ii.

368 3195 492 3329 O
555 3195 775 3259 Clavis
835 3194 1034 3259 david
1081 3204 1149 3258 et
1207 3204 1539 3277 sceptrum

492 3284 728 3346 domus
789 3283 978 3347 israel
1038 3284 1152 3366 qui
1214 3285 1426 3365 aperis
1472 3294 1540 3347 et

355 3390 556 3435 nemo
585 3372 877 3435 claudit:
925 3372 1176 3435 claudis
1226 3382 1293 3435 et
1342 3392 1539 3436 nemo

353 3461 566 3541 aperit
595 3482 608 3523 :
654 3461 801 3523 veni
837 3469 904 3524 et
934 3462 1099 3523 educ
1131 3461 1422 3524 vinctum
1456 3462 1540 3525 de

353 3549 560 3611 domo
591 3548 862 3612 carceris
895 3549 1235 3612 sedentem
1258 3550 1324 3611 in
1357 3559 1539 3613 tene-

351 3636 488 3700 bris
519 3646 587 3700 et
617 3637 853 3700 umbra
884 3638 1130 3701 mortis,
1205 3646 1304 3719 ps‘.
1345 3638 1536 3720 Mag-

351 3724 596 3788 nificat.
703 3798 710 3806 ¹
1428 3736 1534 3790 αῆ.

362 3813 486 3947 O
519 3813 757 3878 Oriens
786 3813 1100 3896 splendor
1128 3813 1290 3877 lucis
1321 3825 1542 3878 eterne

516 3912 585 3966 et
631 3902 728 3965 sol
778 3903 1040 3983 justicie
1085 3903 1231 3966 veni
1283 3912 1350 3966 et
1396 3902 1540 3967 illu-

349 3990 535 4053 mina
593 3991 937 4055 sedentem
1001 3992 1065 4054 in
1127 3992 1414 4055 tenebris
1473 4002 1540 4056 et

452 4151 469 4181 ¹
509 4150 741 4199 ‘secundo
759 4150 772 4172 '
794 4166 888 4199 om.
907 4167 925 4199 .·
968 4150 1026 4199 G.

449 4219 472 4247 ²
509 4221 524 4245 ⁴
543 4216 922 4266 veldeomnibus
932 4216 1133 4266 sancti?
1157 4218 1283 4269 add:
1295 4220 1364 4270 E.
1379 4218 1435 4269 G.
1454 4220 1529 4269 W.

447 4285 471 4382 ἶ
489 4290 587 4347 pro
609 4284 742 4398 ‘'Z‘'
754 4299 851 4398 gec-
840 4348 911 4396 W
911 4283 970 4331 G.

447 4418 470 4447 ⁸
488 4350 812 4480 {agriter-que.
835 4384 1126 4481 disponens:
1160 4416 1293 4468 E.G.

447 4485 470 4514 ⁰
499 4482 721 4532 Adonai:
754 4482 820 4532 G.

2189 439 2289 495 58

1647 545 1883 608 umbra
1902 545 2148 609 mortis,
2175 555 2275 626 ps'.
2300 543 2701 626 Magnificat.
2725 551 2834 608 αῆ.

1658 635 1780 769 O
1814 635 1967 696 Rex
1992 634 2291 716 gentium
2320 642 2391 696 et
2420 633 2835 696 desideratus

1783 742 2051 786 earum:
2127 721 2425 805 lapisque
2500 722 2836 803 angularis

1647 809 1763 892 qui
1812 810 1972 874 facis
2033 819 2311 893 utraque
2373 830 2617 872 unum:
2678 810 2835 872 veni

1645 898 1832 962 salva
1892 898 2231 962 hominem
2276 918 2475 981 quem
2522 899 2607 961 de
2670 896 2835 960 limo

1645 986 1961 1052 formasti.
2035 997 2136 1069 ps.
2200 985 2605 1068 Magnificat.
2693 986 2831 1049 Αῆ.

1656 1076 1778 1210 O
1811 1075 2142 1139 Emanuel
2171 1097 2293 1138 rex
2324 1085 2392 1139 et
2422 1075 2651 1157 legifer
2679 1093 2835 1136 nos-

1780 1174 1884 1227 ter
1953 1165 2333 1247 expectatio
2405 1163 2703 1245 gentium
2764 1172 2833 1226 et

1643 1251 1932 1315 salvator
1961 1272 2185 1316 earum
2214 1275 2229 1316 :
2274 1253 2421 1315 veni
2455 1251 2541 1314 ad
2572 1249 2832 1314 salvan-

1642 1341 1806 1404 dum
1866 1361 1989 1404 nos
2047 1341 2317 1405 domine
2377 1341 2541 1404 deus
2588 1347 2833 1402 noster.

1629 1438 1730 1510 pf.
1778 1429 2185 1510 Magnificat.
2694 1427 2827 1491 Αῆ.

1655 1518 1777 1652 O
1799 1517 2008 1599 Virgo
2016 1518 2341 1600 virginum
2360 1515 2698 1599 quomodo
2716 1515 2833 1579 fiet

1780 1606 1955 1670 istud
1982 1629 1995 1670 :
2028 1607 2183 1688 quia
2202 1626 2323 1668 nec
2344 1606 2626 1688 primam
2649 1604 2829 1666 simi-

1644 1692 1775 1756 lem
1806 1695 1947 1758 visa
1987 1716 2061 1757 es
2106 1715 2228 1758 nec
2272 1693 2513 1758 habere
2557 1713 2832 1776 sequen-

1643 1790 1821 1846 tem:
1876 1783 2006 1846 filie
2057 1781 2449 1846 hiemsalem
2498 1781 2658 1864 quid
2720 1800 2829 1844 me

1642 1870 2060 1934 admiramini
2107 1872 2402 1934 divinum
2448 1880 2550 1933 est
2582 1877 2828 1950 myste-

1643 1958 1809 2022 rium
1836 1959 1961 2022 hoc
1983 1959 2162 2041 quod
2183 1959 2460 2023 cernitis,
2478 1967 2575 2039 ps.
2600 1957 2824 2038 Magn.

1645 2051 1711 2124 11
1755 2047 2104 2111 Dominica
2163 2047 2286 2128 iiij.
2410 2045 2692 2110 Sabbato
2738 2046 2836 2108 ad

1642 2146 1947 2217 vesperas.
2053 2145 2158 2199 ανῖ.
2222 2135 2633 2197 Benedictus,
2724 2143 2827 2214 ps'.

1645 2224 1895 2307 Ipsum.
1993 2223 2381 2306 Capitulum.
2475 2223 2555 2286 In
2593 2221 2827 2284 diebus

1641 2312 1787 2377 illis.
1856 2313 1971 2376 Re.
2006 2313 2162 2376 Non
2194 2311 2537 2374 auferetur.
2614 2309 2825 2390 Hym-

1640 2421 1768 2464 nus
1820 2401 2140 2466 Conditor
2191 2399 2379 2463 alme.
2478 2415 2527 2485 γ
2573 2398 2825 2461 Rorate

1642 2489 1782 2555 celi.
1872 2490 1957 2554 In
2000 2487 2326 2572 evangelio
2368 2496 2475 2552 aii.
2566 2486 2648 2552 O.
2722 2495 2824 2568 pf.

1641 2578 2048 2659 Magnificat.
2580 2574 2826 2641 Oratio.

1641 2668 1971 2803 Excita
2001 2667 2271 2731 domine
2305 2664 2675 2748 potentiam
2720 2672 2823 2727 tu-

1787 2777 1896 2819 am
1930 2766 1997 2820 et
2026 2755 2176 2819 veni
2202 2778 2215 2819 :
2261 2764 2331 2818 et
2360 2774 2604 2837 magna
2633 2752 2825 2816 nobis

1637 2844 1879 2909 virtute
1954 2864 2253 2909 succurre
2340 2853 2412 2906 ut
2501 2842 2823 2905 auxilium

1638 2934 1849 3015 gratie
1900 2942 2015 2997 tue
2046 2934 2225 3016 quod
2278 2942 2503 2995 nostra
2550 2939 2826 3014 peccata

1637 3022 2062 3105 prepediunt:
2096 3020 2506 3102 indulgentia
2529 3029 2643 3082 tue
2676 3038 2826 3099 pro·

1636 3110 2007 3193 piciationis
2040 3109 2371 3173 acceleret.
2434 3109 2567 3191 Qui
2597 3107 2779 3169 viviS.

1724 3198 1849 3261 Ad
1916 3210 2115 3262 matu.
2222 3196 2450 3260 invita.
2602 3196 2824 3258 Dicite

1638 3285 1772 3350 filie
1854 3307 2023 3369 syon
2087 3307 2238 3350 ecce
2306 3286 2595 3349 salvator
2669 3294 2823 3347 tuus

1636 3376 1834 3439 venit.
1946 3377 2187 3440 Venite
2261 3376 2629 3437 adoremuS.
2721 3382 2820 3453 ps'.

1634 3466 1896 3529 Venite.
1987 3463 2295 3543 Hymnus
2352 3461 2646 3527 Verbum
2717 3480 2823 3521 su-

1633 3572 1931 3634 pernum.
2021 3553 2106 3615 In
2135 3551 2359 3632 primo
2389 3559 2687 3613 nocturno
2717 3556 2823 3611 αῆ.

1637 3641 1795 3705 Non
1847 3640 2195 3704 auferetur.
2269 3648 2369 3721 ps.
2417 3640 2663 3702 Beatus
2708 3636 2824 3699 vir.

1626 3738 1732 3810 ps.
1824 3729 2047 3811 Quare
2092 3728 2515 3791 fremuerunt.
2562 3734 2684 3787 ete.
2776 3741 2823 3809 y

1645 3818 1759 3881 Ex
1792 3837 1959 3898 syon
1980 3818 2249 3900 species,
2536 3812 2750 3876 Lectio
2760 3814 2823 3894 j.

1641 3907 1821 4037 H
1837 3902 1954 3968 ec'·'
2023 3905 2182 3968 dicit
2268 3902 2577 3966 dominus
2659 3901 2825 3964 deus

1820 4014 2047 4058 creans
2107 3992 2281 4057 celos
2326 4000 2393 4055 et
2452 3992 2825 4054 extendens

1659 4156 1861 4238 ’Ecce
1894 4170 1987 4219 ego
2022 4156 2216 4204 mittam
2249 4154 2302 4204 in
2334 4154 2669 4204 fundamentis
2702 4168 2825 4217 syon

1776 4220 1991 4285 lapidem
2010 4222 2274 4286 probatum
2298 4220 2599 4285 angularem.
2664 4220 2827 4269 Preci-

1633 4302 1775 4336 osum
1799 4288 1850 4336 in
1872 4287 2196 4338 fundamento
2230 4288 2505 4338 fundatum.
2575 4286 2674 4350 Qui
2722 4302 2825 4335 cre-

1633 4353 1815 4404 diderit
1862 4354 1915 4403 in
1960 4370 2073 4407 eum
2124 4370 2225 4404 non
2276 4354 2487 4405 festinet.
2606 4352 2828 4402 Festinet

1640 4418 1764 4485 [om.
1780 4437 1793 4469 :
1807 4420 1900 4487 G.]
1917 4429 1968 4471 et
1986 4428 2141 4485 ponat
2160 4423 2387 4485 [pomum
2412 4420 2502 4482 G.]
2515 4418 2754 4482 judicium
2775 4418 2825 4465 in

1635 4486 1857 4549 pondere
1872 4494 1919 4535 et
1938 4487 2178 4552 justitiam
2196 4487 2244 4536 in
2264 4501 2541 4536 mensuram
2558 4488 2827 4549 [mensura:

1637 4553 1747 4617 G.].
1815 4552 1879 4603 Et
1914 4556 2161 4605 subvertet
2194 4553 2385 4618 grando
2407 4568 2547 4616 spem
2582 4548 2827 4600 mendacii
