3375 5100
1282 443 1407 498 AD
1455 442 1829 497 SEXTAM.

861 550 1019 607 895

328 660 561 744 spiritu
592 658 749 722 tu0.¹
800 656 1031 721 Oratio
1058 655 1529 739 qualescunque.

326 750 453 815 Ad
473 757 745 811 sextam.
806 746 1131 827 Hymnus·
1215 743 1530 829 [evenerit.

326 840 658 970 Rector
688 844 925 918 potens
968 854 1177 898 verax
1222 833 1387 896 deus
1417 833 1531 916 qui

476 935 806 1007 temperas
839 943 1054 986 rerum
1090 923 1267 986 vices
1311 921 1534 1004 splen-

330 1015 491 1077 dore
542 1032 739 1077 mane
800 1012 1065 1075 instruis
1128 1020 1195 1075 et
1269 1010 1533 1093 ignibus

330 1102 692 1166 meridiem.
757 1101 1111 1183 Extingue
1142 1097 1537 1163 flammasli-

328 1192 499 1255 tium
534 1189 719 1254 aufer
742 1188 1026 1252 calorem
1066 1188 1346 1251 noxium
1377 1207 1532 1251 con-

329 1279 429 1344 fer
468 1279 751 1343 salutem
789 1296 1137 1361 corporum
1174 1295 1534 1359 veramque

329 1388 567 1451 pacem
628 1366 943 1431 cordium.
1042 1366 1286 1429 Presta
1343 1373 1535 1447 pater

329 1456 643 1541 piissime.
1172 1452 1533 1517 Psalmus.²

527 1544 685 1609 fecit
726 1543 792 1606 in
850 1542 1140 1606 salutare
1170 1550 1359 1605 tuum
1393 1541 1533 1605 ani-

490 1654 599 1697 ma
619 1652 773 1695 mea
794 1653 808 1695 :
828 1640 909 1695 et
940 1632 1007 1693 in
1039 1631 1315 1694 verbum
1339 1640 1530 1693 tuum

334 1720 809 1804 supersperavi.
900 1717 1310 1782 Defecerant
1359 1716 1532 1781 oculi

334 1812 463 1873 mei
498 1810 563 1872 in
598 1807 937 1890 eloquium
970 1818 1202 1873 tuum:
1234 1808 1533 1871 dicentes

332 1898 607 1982 quando
638 1896 1085 1961 consolaberis
1130 1915 1255 1971 me.
1364 1894 1534 1973 Quia

331 1987 546 2051 factus
576 2006 724 2049 sum
756 1986 926 2049 sicut
972 1994 1117 2048 uter
1162 1984 1229 2047 in
1261 1984 1533 2066 pruina:

323 2074 832 2158 justificationes
853 2082 1001 2137 tuas
1033 2092 1168 2136 non
1188 2092 1335 2136 sum
1367 2071 1535 2134 obli-

330 2173 457 2227 tus,
555 2162 733 2241 Quot
774 2170 932 2225 sunt
978 2162 1121 2226 dies
1168 2160 1335 2224 servi
1396 2160 1534 2224 tui:

332 2253 607 2335 quando
638 2251 838 2316 facies
870 2250 955 2313 de
986 2248 1533 2333 persequentibus

334 2361 444 2405 me
468 2339 810 2423 judicium.
886 2338 1344 2402 Narraverunt
1374 2336 1535 2400 mihi

335 2428 541 2513 iniqui
576 2426 1055 2492 fabulationes:
1100 2426 1217 2489 sed
1274 2444 1407 2491 non
1460 2434 1537 2489 ut

334 2518 450 2584 lex
513 2526 647 2584 tua.
743 2514 987 2582 Omnia
1040 2513 1359 2579 mandata
1418 2523 1537 2579 tua

335 2609 619 2672 veritas:
652 2605 863 2689 iniqui
894 2604 1219 2687 persecuti
1251 2611 1407 2666 sunt
1428 2623 1537 2668 me

332 2697 581 2778 adjuva
642 2715 767 2760 me.
877 2692 1320 2758 Paulominus
1378 2712 1538 2755 con-

334 2790 835 2850 summaverunt
888 2783 1096 2846 mein
1148 2790 1365 2845 terra:
1412 2801 1538 2862 ego

337 2882 562 2938 autem
641 2892 776 2935 non
836 2870 1158 2953 dereliqui
1219 2869 1540 2932 mandata

336 2971 470 3026 tua.
582 2959 970 3025 Secundum
1021 2957 1538 3022 misericordiam

338 3060 525 3115 tuam
556 3048 815 3113 vivifica
876 3068 1022 3113 me:
1069 3057 1138 3111 et
1168 3047 1540 3112 custodiam

338 3138 725 3203 testimonia
755 3137 886 3201 oris
915 3137 1031 3202 tui.
1120 3137 1207 3199 In
1237 3146 1541 3199 eternum

339 3228 610 3292 domine
637 3247 652 3291 ε
683 3225 960 3288 verbum
981 3233 1171 3288 tuum
1194 3232 1542 3307 permanet

338 3316 407 3379 in
437 3313 599 3380 celo,
689 3315 774 3378 In
794 3313 1222 3395 generatione
1246 3320 1316 3376 et
1343 3332 1541 3394 gene-

339 3402 709 3468 rationem⁸
750 3403 993 3467 veritas
1039 3410 1200 3466 tua:
1248 3399 1541 3465 fundasti

337 3501 584 3558 terram
640 3498 709 3554 et
768 3497 1136 3574 permanet.
1262 3489 1543 3554 Ordina-

339 3581 524 3646 tione
554 3591 672 3644 tua
730 3587 1105 3662 perseverat
1150 3577 1331 3642 dies:
1378 3597 1541 3661 quo-

340 3671 521 3734 niam
555 3669 782 3733 omnia
812 3668 1107 3730 serviunt
1138 3667 1279 3731 tibi.
1369 3665 1542 3729 Nisi

340 3759 523 3842 quod
556 3758 669 3822 lex
700 3765 819 3820 tua
850 3756 1198 3820 meditatio
1230 3775 1381 3818 mea
1400 3763 1541 3818 est:

339 3858 504 3911 tunc
536 3845 705 3910 forte
742 3844 1084 3930 periissem
1104 3844 1129 3880 ⁴
1178 3843 1247 3906 in
1278 3842 1543 3907 humili-

340 3945 483 4000 tate
516 3947 682 3998 mea.
752 3935 838 3997 In
870 3942 1171 3997 eternum
1204 3952 1338 3996 non
1378 3930 1544 3995 obli-

338 4025 555 4088 viscar
601 4021 1107 4105 justificationes
1150 4029 1341 4085 tuas:
1387 4019 1547 4103 quia

338 4113 407 4176 in
470 4111 629 4196 ipsis
687 4108 1035 4174 vivificasti
1096 4129 1219 4174 me.
1367 4109 1547 4173 Tuus

338 4221 488 4265 sum
522 4221 647 4282 ego
677 4199 932 4262 salvum
982 4218 1090 4262 me
1120 4198 1264 4262 fac:
1310 4197 1545 4280 quoni-

338 4309 453 4352 am
479 4287 983 4370 justificationes
1014 4294 1165 4351 tuas
1200 4285 1547 4369 exquisivi.

340 4377 472 4441 Me
502 4385 1025 4460 expectaverunt
1056 4383 1437 4458 peccatores
1469 4383 1545 4439 ut

447 4525 462 4556 ¹
503 4523 748 4575 ‘Oremus
767 4539 880 4573 cum
916 4523 1138 4574 mbae
1164 4523 1446 4589 pertinente
1477 4523 1551 4572 ad

342 4593 474 4643 dae'em
494 4589 507 4615 ’
528 4591 654 4640 add:
682 4591 741 4640 G.

445 4659 467 4689 ²
504 4655 641 4707 ‘etc-,⁹
663 4657 798 4706 add:
830 4655 971 4706 E.G.

2137 549 2299 605 896

1630 656 1983 741 perderent
2042 676 2194 720 me:
2283 656 2668 721 testimonia
2718 665 2837 722 tua

1634 744 1952 809 intellexi.
2107 743 2340 808 Omnis
2414 765 2837 810 consumma·-

1633 833 1836 897 tionis
1853 832 1988 897 vidi
2019 830 2220 895 finem
2249 855 2264 897 ε
2312 833 2521 897 latum
2557 836 2838 899 manda-

1635 930 1782 985 tum
1815 932 2005 986 tuum
2038 922 2278 985 nimis,⁵
2513 924 2836 1005 psalmus.

1775 1010 2065 1073 uomodo
2124 1009 2333 1074 dilexi
2376 1010 2592 1094 legem
2646 1020 2833 1075 tuam

1774 1100 2084 1163 domine:
2132 1106 2277 1162 tota
2323 1100 2434 1163 die
2487 1100 2839 1164 meditatio

1634 1208 1788 1251 mea
1817 1196 1935 1252 est.
2029 1187 2252 1270 Super
2310 1188 2608 1251 inimicos
2651 1209 2842 1253 meos

1635 1275 2032 1357 prudentem
2095 1296 2203 1339 me
2255 1275 2466 1340 fecisti
2513 1278 2835 1341 mandato

1632 1374 1785 1429 tuo:
1831 1364 1990 1447 quia
2047 1364 2114 1428 in
2174 1373 2476 1428 eternum
2523 1367 2684 1429 mihi
2717 1376 2840 1431 est.

1639 1453 1863 1536 Super
1892 1473 2124 1517 omnes
2155 1452 2471 1518 docentes
2503 1475 2610 1517 me
2641 1455 2840 1519 intel-

1633 1540 1814 1607 lexi:
1861 1542 2018 1623 quia
2060 1542 2442 1607 testimonia
2472 1552 2590 1607 tua
2627 1543 2837 1607 medi-

1630 1631 1803 1693 tatio
1835 1650 1986 1693 mea
2029 1638 2148 1693 est.
2246 1630 2468 1713 Super
2511 1651 2704 1695 senes
2734 1632 2837 1695 in-

1630 1717 1863 1782 tellexi
1889 1740 1903 1783 :
1937 1720 2094 1801 quia
2125 1720 2445 1783 mandata
2473 1728 2589 1783 tua
2619 1722 2842 1802 quesi-

1630 1807 1714 1871 vi.
1807 1807 1924 1871 Ab
1955 1808 2139 1870 omni
2184 1809 2293 1871 via
2321 1807 2500 1872 mala
2529 1808 2840 1891 prohibui

1633 1895 1840 1978 pedes
1885 1915 2108 1959 meos:
2155 1906 2230 1960 ut
2277 1898 2648 1961 custodiam
2694 1918 2840 1961 ver-

1633 1984 1723 2048 ba
1756 1994 1889 2047 tua.
1981 1986 2044 2049 A
2077 1983 2344 2066 judiciis
2394 1986 2524 2049 tuis
2556 2006 2690 2049 non
2722 1985 2840 2050 de-

1633 2071 1919 2137 clinavi:
1965 2072 2123 2154 quia
2175 2082 2248 2137 tu
2306 2072 2521 2155 legem
2553 2075 2836 2156 posuisti

1636 2161 1817 2225 mihi.
1945 2160 2161 2239 Quam
2236 2162 2458 2226 dulcia
2537 2162 2844 2228 faucibus

1636 2250 1804 2313 meis
1835 2247 2095 2332 eloquia
2141 2258 2292 2314 tua:
2335 2270 2535 2333 super
2579 2252 2710 2315 mel
2741 2254 2837 2316 ori

1635 2357 1807 2402 meo,
1864 2338 1929 2401 A
1967 2338 2300 2403 mandatis
2332 2341 2461 2403 tuis
2491 2340 2793 2404 intellexi
2825 2364 2846 2407 ε

1633 2434 1985 2510 propterea
2008 2428 2186 2491 odivi
2211 2448 2478 2491 omnem
2509 2428 2686 2492 viam
2719 2430 2843 2493 ini-

1636 2515 1930 2600 quitatis,
2019 2514 2328 2581 Lucerna
2357 2518 2641 2600 pedibus
2673 2520 2846 2584 meis

1636 2603 1914 2670 verbum
1945 2612 2176 2669 tuum:
2224 2613 2294 2670 et
2324 2604 2546 2672 lumen
2580 2608 2843 2672 semitis

1639 2694 1822 2756 meiS.
1925 2692 2165 2768 Juravi
2197 2703 2264 2758 et
2324 2696 2572 2760 statui:
2619 2707 2840 2761 custo-

1636 2782 1782 2845 dire
1804 2781 2058 2865 judicia
2080 2783 2340 2866 justitie
2369 2793 2500 2850 tue.
2591 2785 2841 2849 Humi-

1639 2869 1838 2934 liatus
1867 2891 2014 2934 sum
2039 2891 2514 2957 usquequaque
2535 2873 2806 2939 domine
2825 2895 2846 2938 z

1637 2957 1900 3023 vivifica
1959 2979 2067 3023 me
2146 2962 2510 3026 secundum
2562 2963 2838 3030 verbum

1639 3055 1850 3112 tuum.
1961 3047 2347 3113 Voluntaria
2377 3051 2508 3114 oris
2561 3051 2693 3114 mei
2725 3054 2844 3116 be·-

1641 3135 1975 3219 neplacita
2003 3136 2108 3201 fac
2139 3137 2447 3204 domine:
2495 3149 2564 3204 et
2587 3141 2844 3222 judicia

1640 3233 1760 3289 tua
1807 3223 1974 3288 doce
2035 3245 2160 3290 me.
2246 3227 2502 3292 Anima
2562 3248 2714 3291 mea
2773 3230 2846 3293 in

1644 3312 1951 3377 manibus
1983 3315 2146 3378 meis
2176 3334 2476 3396 semper:
2522 3325 2590 3380 et
2621 3316 2840 3399 legem

1641 3411 1831 3466 tuam
1888 3421 2023 3465 non
2055 3422 2203 3465 sum
2236 3401 2499 3468 oblitus,
2588 3405 2847 3469 Posue-

1641 3499 1798 3555 runt
1849 3499 2228 3573 peccatores
2284 3490 2596 3574 laqueum
2647 3494 2846 3558 mihi:

1642 3589 1712 3642 et
1745 3578 1830 3643 de
1880 3580 2213 3644 mandatis
2245 3581 2376 3643 tuis
2430 3600 2566 3644 non
2611 3583 2845 3647 erravi.

1642 3667 2042 3732 Hereditate
2088 3669 2402 3751 acquisivi
2464 3670 2846 3735 testimonia

1641 3765 1762 3820 tua
1791 3756 1858 3818 in
1921 3764 2261 3822 eternum:
2308 3757 2466 3840 quia
2513 3758 2854 3824 exultatio

1642 3844 1860 3908 cordis
1910 3845 2040 3908 mei
2093 3854 2265 3910 sunt.
2352 3844 2676 3911 Inclinavi
2732 3869 2853 3912 cor

1646 3953 1868 3996 meum
1884 3933 1968 3997 ad
1991 3934 2326 3998 faciendas
2337 3932 2852 4016 justificationes

1644 4031 1797 4084 tuas
1827 4022 1895 4085 in
1955 4031 2298 4088 eternum:
2343 4035 2616 4108 propter
2660 4026 2845 4090 retri-

1644 4110 2034 4175 butionem.³
2525 4113 2850 4194 psalmus.

1643 4201 1743 4332 l
1765 4199 2001 4282 niquos
2031 4199 2190 4263 odio
2238 4198 2484 4266 habui:
2530 4212 2599 4266 et
2629 4202 2852 4285 legem

1733 4297 1920 4352 tuam
1952 4287 2178 4353 dilexi.
2267 4289 2565 4371 Adjutor
2587 4300 2655 4354 et
2707 4311 2849 4356 sus-

1646 4385 1879 4459 ceptor
1909 4397 2097 4440 meus
2119 4397 2192 4441 es
2222 4387 2294 4442 tu
2325 4400 2338 4443 :
2372 4389 2440 4443 et
2472 4381 2540 4443 in
2569 4380 2850 4444 verbum

1742 4526 1763 4621 Ῐ
1795 4524 2320 4657 ’ἷῗῗέιῖῗῗιῖἶῑγὲἑιᾱ
2343 4611 2356 4626 -
2379 4530 2446 4644 0⁴
2479 4529 2755 4594 ‘’ewen'‘
2791 4531 2850 4582 ε’
