3375 5100
1388 327 1809 382 DOMJNJCA
1866 327 2204 400 QUARTA

1087 437 1223 494 381

550 547 697 624 ejus
728 545 1003 628 projecit
1034 545 1101 607 in
1142 565 1340 609 mare.
1431 545 1744 627 Adjutor.

555 635 803 699 Gloria.
925 634 1236 715 Adjutor.

554 724 637 786 In
666 721 935 786 secundo
965 732 1270 786 nocturno
1296 730 1403 786 αῆ.
1474 722 1744 786 Nature.

542 821 639 894 pf.
705 811 1059 876 Conserva.
1159 828 1206 897 γ
1277 811 1431 894 Ipse
1508 811 1748 874 libera-

556 901 654 963 bit
686 919 793 962 me
825 899 910 962 de
941 900 1182 981 laqueo
1211 901 1614 963 venantium.

558 988 789 1052 Sermo
807 987 976 1050 beati
982 988 1302 1069 joliannis
1321 989 1432 1069 effi.
1463 990 1601 1051 Lec.
1625 987 1750 1069 iiij.

553 1077 872 1211 Stabat
904 1078 1288 1158 moyses,in
1341 1086 1567 1140 monte
1613 1096 1748 1139 non

690 1166 889 1227 armis
922 1166 1036 1227 sed
1071 1165 1374 1245 precibus
1420 1175 1750 1247 pugnatu-

556 1273 683 1316 rus,
774 1253 1017 1316 Stabat
1048 1255 1342 1316 extensis
1392 1254 1476 1317 ad
1533 1253 1748 1318 celum

557 1341 865 1404 manibus
924 1341 1167 1404 devoto
1214 1362 1409 1406 orans
1459 1341 1699 1405 affectu
1737 1363 1750 1404 :

558 1449 692 1491 non
797 1429 881 1492 de
986 1439 1158 1492 terra
1234 1429 1350 1493 sed
1433 1431 1519 1493 de
1608 1431 1752 1492 celo

556 1518 880 1581 auxilium
956 1517 1353 1600 postulabat.
1494 1519 1752 1602 Pugnat

557 1627 709 1669 cum
772 1606 1075 1670 hostibus
1120 1607 1401 1672 absens:
1446 1627 1598 1670 cum
1631 1628 1748 1670 ex-

559 1695 762 1758 ternis
836 1696 979 1758 sine
1056 1695 1230 1758 bello
1304 1696 1601 1759 decertat
1676 1704 1752 1759 ut

558 1803 759 1865 quem
791 1782 917 1846 loci
950 1783 1293 1847 diversitas
1338 1786 1424 1847 ab
1470 1785 1752 1848 inimicis

558 1872 994 1952 sejunxerat:
1086 1874 1401 1936 orationis
1476 1872 1750 1936 effectus

560 1960 949 2024 bellatorem
1048 1971 1421 2043 presentem
1546 1961 1753 2024 hosti-

558 2051 683 2112 bus
772 2049 1137 2114 exhiberet.
1257 2050 1371 2114 Re.
1444 2051 1523 2114 In
1588 2050 1752 2113 mari

558 2139 667 2200 via
711 2147 828 2202 tua
880 2147 949 2201 et
997 2140 1231 2202 semite
1283 2149 1396 2202 tue
1442 2141 1508 2202 in
1562 2139 1754 2222 aquis

560 2226 808 2290 multiS.
912 2227 1273 2290 Deduxisti
1350 2229 1520 2292 sicut
1596 2247 1754 2291 oves

559 2315 881 2398 populum
928 2326 1115 2379 tuum
1168 2319 1233 2379 in
1288 2337 1489 2380 manu
1539 2315 1754 2398 moysi

559 2413 629 2466 et
662 2424 880 2467 aaron.
973 2422 1020 2489 γ
1070 2404 1442 2468 Illuxerunt
1488 2404 1756 2468 chorus-

558 2493 854 2557 cationes
884 2501 998 2557 tue
1029 2494 1170 2557 orbi
1217 2502 1387 2557 terre
1416 2503 1757 2558 commota

560 2591 663 2644 est
736 2591 805 2644 et
879 2583 1277 2645 contremuit
1337 2591 1527 2646 terra.
1620 2584 1757 2646 De-

558 2670 831 2733 duxisti.
1448 2670 1665 2735 Lectio
1695 2692 1755 2734 v.

558 2759 767 2891 Fit
800 2777 1031 2839 moyse
1084 2767 1316 2823 orante
1368 2780 1593 2842 pugna
1646 2780 1756 2823 oc-

710 2845 935 2909 culta:
982 2847 1101 2910 sed
1150 2848 1503 2911 manifesta
1545 2848 1756 2911 victo·-

561 2935 672 2997 ria.
766 2934 1086 2998 Latenter
1160 2936 1431 3000 dimicat
1492 2945 1567 3000 ut
1619 2938 1754 3001 evi-

557 3024 800 3087 denter
870 3024 1199 3087 devincat.
1292 3024 1492 3090 Solus
1558 3036 1755 3089 orat:

562 3121 635 3174 ut
669 3111 859 3175 multi
890 3112 1244 3177 salventur.
1324 3114 1535 3180 Sabat
1567 3134 1757 3196 moy-

560 3220 667 3263 ses
741 3202 809 3264 in
872 3210 1137 3265 monte:
1196 3202 1337 3283 jam
1413 3204 1758 3284 proximus

560 3288 743 3353 celo:
785 3290 928 3372 jam
958 3290 1211 3354 vicinus
1251 3290 1643 3373 syderibus:
1691 3301 1760 3355 et

560 3388 817 3461 quanto
870 3399 1024 3442 eum
1086 3378 1461 3443 sublimitas
1510 3382 1758 3444 montis

561 3466 897 3531 extulerat
946 3489 959 3531 ε
1052 3476 1243 3531 tanto
1341 3469 1554 3533 oratio
1628 3470 1759 3532 deo

562 3557 948 3638 proximum
980 3556 1361 3621 exhibebat.
1451 3557 1568 3622 Re.
1624 3558 1759 3641 Qui

562 3645 1130 3727 persequebantur
1186 3646 1505 3729 populum
1568 3654 1758 3711 tuum

560 3733 833 3797 domine
894 3734 1264 3798 demersisti
1315 3756 1429 3798 eos
1490 3736 1555 3799 in
1608 3756 1763 3817 pro-

561 3820 862 3886 fundum.
960 3823 1049 3886 Et
1095 3824 1161 3887 in
1201 3824 1511 3887 columna
1563 3825 1760 3888 nubis

560 3910 803 3975 ductor
832 3931 1059 3975 eorum
1106 3911 1285 3976 fuisti
1334 3912 1617 3976 domine.
1714 3930 1762 3999 γ

565 3997 923 4063 Deduxisti
984 4001 1156 4065 sicut
1214 4022 1373 4065 oves
1436 4002 1758 4084 populum

564 4095 754 4150 tuum
806 4090 872 4151 in
923 4109 1125 4153 manu
1176 4091 1399 4173 moysi·
1439 4100 1507 4153 et
1539 4110 1762 4154 aaron.

566 4174 657 4239 Et
690 4176 758 4239 in
790 4177 1115 4243 columna.
1427 4180 1642 4243 Lectio
1673 4180 1761 4261 vj.

558 4266 770 4397 Fit
846 4286 1079 4348 moyse
1155 4277 1387 4331 orante
1446 4268 1760 4331 victoria:

2359 435 2518 492 832

1847 543 2058 608 hostis
2135 545 2462 608 efficitur:
2549 543 2712 626 justi
2773 563 3060 627 corpore

1849 632 2149 716 fatigato
2223 633 2488 696 Desinit
2521 633 2712 696 israel
2741 633 3008 697 vincere
3041 657 3058 698 :

1851 741 2084 804 moyse
2141 723 2502 784 desistente
2563 725 2629 784 in
2691 743 2926 804 prece:
2975 733 3058 785 ut

1849 810 2012 874 dum
2033 812 2309 874 adversa
2327 810 2589 893 populis
2613 811 3054 875 exhibentur:

1850 900 2165 962 orationis
2189 899 2381 963 nobis
2405 900 2703 981 potentia
2723 909 3059 962 monstra-

1855 997 2046 1052 retur.
2140 987 2449 1069 Denique
2480 989 2737 1050 tamdiu
2772 989 2898 1050 ista
2927 989 3058 1050 ad·-

1851 1077 2126 1139 versitas
2185 1075 2445 1138 valuit:
2492 1076 2810 1158 quamdiu
2865 1075 3058 1158 jugis

1854 1166 2066 1228 oratio
2095 1164 2322 1227 defuit.
2404 1165 2869 1228 Perseverante
2900 1186 3056 1246 pre-

1850 1273 1966 1315 ce:
2013 1273 2438 1334 perseverans
2466 1255 2746 1317 victoria
2777 1253 3051 1316 robora-

1853 1351 1975 1405 tur.
2066 1342 2181 1404 Re.
2249 1341 2525 1423 Moyses
2577 1342 2866 1405 famulus
2925 1342 3054 1404 do-

1855 1431 2016 1493 mini
2059 1430 2386 1512 jejunavit
2434 1431 2874 1513 quadraginta
2903 1431 3054 1493 die-

1854 1518 1978 1582 bus
2031 1519 2472 1600 quadraginta
2529 1520 2851 1582 noctibuS.
2947 1519 3056 1592 Ut

1854 1606 2069 1690 legem
2084 1607 2335 1670 domini
2355 1618 2715 1672 mereretur
2733 1608 3052 1688 accipere.

1855 1713 1902 1782 γ
1946 1696 2274 1759 Ascendit
2313 1715 2577 1777 moyses
2631 1697 2698 1758 in
2749 1705 3053 1758 montem

1851 1786 2058 1866 synai.
2125 1785 2222 1849 Ut
2254 1784 2469 1865 legem
2502 1784 2770 1847 domini.
2821 1784 3056 1848 Gloria

1855 1875 2044 1955 patri.
2140 1873 2238 1937 Ut
2268 1874 2485 1954 legem
2517 1873 2791 1936 domini.

1854 1962 1938 2025 In
1971 1962 2067 2043 iij.
2088 1971 2242 2025 noct.
2273 1969 2380 2024 aii.
2431 1961 2748 2045 Sponsus,
2769 1970 2867 2041 pii
2901 1961 3050 2026 Celi

1855 2061 2179 2114 enarrant.
2315 2051 2434 2114 Re.
2530 2049 2838 2132 Scapulis
2912 2051 3058 2113 suis

1855 2138 2300 2203 obumbrabit.
2526 2138 2657 2202 Sec.
2671 2139 3052 2221 johannem.

1853 2229 2005 2365 ln
2049 2227 2162 2290 illo
2209 2237 2522 2309 tempore.
2615 2226 2809 2290 Abiit
2856 2227 3056 2308 Jesus

1961 2326 2144 2379 trans
2205 2336 2386 2378 mare
2444 2315 2682 2398 galilee
2724 2315 2904 2398 quod
2947 2325 3052 2379 est

1857 2404 2263 2487 tyberiadis:
2339 2413 2408 2468 et
2453 2404 2850 2487 sequebatur
2893 2424 3054 2467 eum

1857 2494 2216 2558 multitudo
2240 2512 2522 2576 magna:
2553 2494 2714 2575 quia
2731 2491 3058 2559 videbant

1857 2585 2048 2665 signa
2117 2603 2247 2664 que
2314 2583 2598 2646 faciebat
2675 2603 2873 2666 super
2945 2581 3056 2645 his

1856 2673 1973 2755 qui
2021 2671 2542 2735 infirmabantur.
2643 2666 2734 2735 Et
2780 2671 3052 2754 reliqua.

1861 2760 2115 2825 Omelia
2166 2760 2549 2823 venerabilis
2606 2760 2752 2823 bede
2791 2759 3058 2843 presby-

1857 2849 1996 2912 teri.
2692 2849 2906 2912 Lectio
2935 2849 3054 2931 vij.

1878 2936 2184 3070 Turbe
2244 2936 2476 3001 fratres
2521 2959 2653 3021 que
2703 2938 3058 3002 dominum

2023 3035 2248 3089 secute
2271 3035 2429 3090 sunt
2459 3026 2818 3090 electorum
2844 3025 3060 3089 eccle-

1859 3114 1956 3177 sia
1987 3114 2408 3196 intelligitur:
2441 3135 2528 3178 ex
2559 3116 2867 3179 omnibus
2891 3134 3058 3197 gen-

1858 3204 2040 3267 tibus
2072 3203 2366 3267 collecta.
2461 3204 2609 3267 Hec
2663 3205 2840 3268 enim
2888 3224 3060 3286 quo-

1858 3292 2022 3356 tidie
2098 3291 2446 3355 dominum
2522 3294 2870 3374 sequitur:
2917 3312 3056 3355 non

1861 3380 2158 3463 egressu¹
2222 3381 2428 3462 pediS.
2503 3382 2620 3444 sed
2683 3381 3060 3444 imitatione

1860 3470 2093 3552 operiS.
2189 3469 2365 3532 Ecce
2401 3470 2646 3533 etenim
2696 3469 3058 3552 appropin-

1861 3567 2110 3641 quante
2168 3558 2416 3640 pascha
2459 3558 2570 3623 die
2614 3558 2785 3621 festo
2821 3557 3058 3640 judeo-

1862 3667 2016 3710 nem
2048 3654 2436 3729 sequentem
2463 3668 2533 3711 se
2559 3647 3056 3711 multitudinem

1861 3736 2170 3799 dominus
2202 3736 2403 3799 verbo
2433 3735 2668 3798 salutis
2712 3737 2959 3818 pariter
2987 3744 3058 3798 et

1861 3844 2062 3906 opere
2122 3825 2475 3888 curationis
2535 3825 2848 3906 erigebat.
2939 3822 3058 3887 Re.

1863 3912 2238 3995 Splendida
2270 3910 2444 3976 facta
2478 3921 2580 3976 est
2609 3912 3057 3996 faciesmoysi

1863 4002 2023 4065 dum
2058 4001 2412 4084 respiceret
2443 4002 2508 4064 in
2542 4022 2694 4065 eum
2727 4002 3058 4065 dominuS.

1862 4090 2187 4154 Videntes
2307 4091 2596 4154 seniores
2688 4088 3056 4153 claritatem

1864 4178 2086 4243 vultus
2151 4178 2293 4260 ejus
2353 4180 2760 4243 admirantes
2822 4178 3060 4242 timue-

1865 4278 2018 4331 runt
2045 4268 2257 4331 valde.
2323 4286 2370 4355 γ
2397 4268 2762 4332 Descendit
2793 4286 3061 4348 moyses

713 4364 1018 4420 cessante
1050 4358 1365 4421 mesticia.
1423 4357 1766 4421 Potentior
1866 4358 1950 4420 de
2019 4366 2246 4420 monte
2307 4357 2498 4439 synai
2560 4366 2833 4440 portans
2893 4357 3060 4420 duas

1566 4518 1577 4547 ¹
1612 4532 1818 4581 gressu:
1855 4517 2078 4567 E.G.W.
