3375 5100
1001 248 1104 307 IN
1147 252 1688 309 COMMEMORA
1704 250 1960 305 TJONE
2008 252 2068 304 S.
2134 250 2543 305 WJLELMI:

1041 363 1200 417 695

507 469 688 553 quod
741 486 894 532 caro
941 468 1198 551 pridem
1261 478 1416 531 ante
1471 486 1705 549 rogum

509 560 576 621 in
601 556 940 641 pulverem
965 554 1394 619 defluxisset:
1427 564 1494 619 et
1525 556 1707 638 quod

511 667 684 710 nunc
713 666 866 709 ossa
891 644 1088 708 cineri
1116 664 1315 727 rogus
1337 654 1708 745 erogasset:

511 736 629 799 sed
681 735 830 797 sons
881 734 1160 815 irriguus
1209 733 1294 797 de
1342 752 1478 815 quo
1539 753 1711 815 aque

509 826 659 889 vive
691 823 980 887 emicant
1007 842 1022 884 :
1057 822 1332 903 purique
1365 822 1594 884 latices
1625 822 1713 885 de

511 913 652 977 vita
702 921 932 975 eterna
979 912 1290 973 salientes
1343 910 1435 972 sic
1489 909 1715 973 afflata

514 1000 819 1065 incendia
861 999 1174 1063 divinitus
1211 998 1713 1081 temperabant:

513 1100 589 1153 ut
641 1088 850 1151 serica
895 1088 1099 1150 vestis
1149 1088 1216 1150 in
1268 1107 1402 1168 qua
1455 1086 1715 1151 celestis

513 1176 714 1259 gleba
791 1176 1004 1239 suerat
1091 1175 1386 1238 involuta
1423 1196 1436 1239 :
1532 1174 1719 1239 nulla

515 1275 707 1348 parte
754 1264 855 1327 sui
910 1262 1116 1326 ullam
1169 1274 1464 1327 senserat
1513 1264 1719 1327 ustio-

519 1374 714 1417 nem:
762 1373 881 1415 nec
941 1362 1084 1417 erat
1144 1360 1218 1415 ut
1267 1352 1506 1420 ardens
1565 1372 1721 1416 caro

519 1441 701 1525 quod
743 1442 976 1504 subtus
1022 1440 1311 1504 latebat:
1359 1441 1476 1503 sed
1527 1440 1719 1523 quasi

521 1540 871 1611 argentum
905 1530 1304 1592 candescens
1353 1530 1417 1591 in
1455 1528 1723 1593 fornace

521 1619 772 1682 candor
817 1618 1030 1681 carnis
1081 1618 1164 1679 ad
1207 1617 1520 1681 celestem
1569 1617 1725 1680 bea-

523 1708 878 1771 titudinem
929 1716 1290 1769 reservate:
1339 1708 1510 1777 inter
1553 1705 1721 1769 sila¹

525 1796 884 1859 resultavit.

529 1889 593 1963 ([
639 1884 804 1947 Item
835 1884 916 1947 de
939 1894 1157 1946 sancto
1187 1882 1476 1948 wilelme.
1521 1884 1662 1947 Lec.
1663 1883 1723 1964 j.

525 1973 1146 2107 Adolescentula
1191 1972 1393 2054 igitur
1437 1973 1727 2054 quedam

693 2082 734 2125 a
788 2062 1017 2145 primis
1077 2060 1421 2125 cunabulis
1471 2062 1729 2145 privata

531 2151 796 2215 luminis
819 2149 1142 2213 beneficio
1173 2160 1240 2213 et
1270 2150 1558 2213 tenebris
1581 2168 1731 2231 sep-

531 2241 760 2303 tennio
791 2240 1228 2319 circumsepta
1260 2239 1344 2301 ad
1388 2238 1599 2302 sancti
1631 2258 1732 2300 se-

533 2328 881 2411 pulchrum
943 2348 1154 2409 usque
1213 2328 1530 2409 pervenit.
1641 2326 1731 2389 Et

533 2424 696 2481 dum
775 2417 840 2477 in
913 2424 1144 2479 sancta
1204 2425 1398 2479 nocte
1459 2414 1735 2498 penthe-

536 2516 752 2570 costes
785 2524 906 2568 nec
938 2506 1187 2587 precise
1218 2505 1520 2587 vigilaret
1549 2525 1562 2568 :
1614 2523 1736 2566 nec

537 2593 863 2678 profunde
895 2593 1209 2655 dormiret
1241 2605 1437 2675 prout
1468 2594 1737 2657 sanitati

538 2683 845 2746 restituta
875 2691 1108 2762 postea
1137 2682 1460 2747 refer-ebat
1489 2704 1502 2745 ε
1551 2681 1741 2748 affuit

539 2772 637 2834 vir
668 2771 936 2852 quidam
963 2770 1438 2850 pulcherrimus
1469 2780 1741 2852 aspectu

542 2879 743 2922 canos
769 2857 1021 2919 habens
1044 2859 1379 2940 angelicos
1407 2860 1741 2922 inestima-

540 2947 655 3010 bili
689 2947 984 3027 fragrans
1016 2947 1237 3022 odore,
1308 2948 1440 3029 Qui
1477 2949 1743 3010 misera-

543 3047 650 3099 tus
713 3035 854 3116 ejus
920 3035 1248 3098 miseriam
1313 3057 1486 3099 nunc
1539 3055 1741 3098 manu

543 3123 832 3208 pupillas
885 3124 1122 3205 pressit
1175 3124 1533 3188 oculorum.
1626 3125 1744 3187 Ad

545 3214 732 3294 cujus
777 3231 1052 3274 manum
1087 3213 1302 3295 caligo
1347 3215 1544 3276 cessit
1573 3214 1743 3277 ceci-

545 3303 746 3365 tatis:
796 3311 864 3364 et
895 3302 954 3365 ei
1001 3323 1122 3384 pro
1161 3313 1330 3366 tetra
1380 3313 1572 3365 nocte
1605 3303 1748 3365 dies

545 3392 846 3454 redditur
875 3400 1232 3455 serenatus,
1321 3392 1749 3472 Responsorc'a

545 3489 620 3542 ut
646 3491 846 3561 supra
877 3489 1207 3544 notantur.
1431 3481 1647 3543 Lectio
1679 3481 1749 3561 zj.

545 3569 938 3701 Eadem²
969 3569 1170 3632 etiam
1219 3579 1412 3632 nocte
1461 3569 1750 3650 quedam

700 3657 932 3720 mulier
991 3657 1221 3721 dolore
1275 3660 1598 3722 viscerum
1654 3658 1754 3718 in-

547 3748 800 3808 viscata
843 3756 910 3808 et
944 3746 1226 3828 caligine
1273 3766 1427 3810 ceca
1472 3747 1752 3809 decenni

549 3843 704 3897 ante
751 3835 958 3896 sancti
1002 3837 1208 3917 patris
1241 3835 1570 3898 tumulum
1602 3855 1755 3917 pro-

548 3923 778 3985 voluta
835 3923 1020 3986 fortis
1081 3924 1336 3986 oratrix
1397 3934 1498 3987 est
1560 3923 1752 3986 sacta.

551 4011 645 4073 Et
681 4031 833 4074 cum
880 4011 1216 4074 oculorum
1265 4013 1456 4076 sedes
1499 4012 1755 4094 lachry-

552 4119 808 4162 marum
839 4101 1184 4180 ymbribus
1220 4099 1595 4184 frequenter
1632 4101 1754 4164 im-

553 4187 914 4266 maduisset
944 4209 958 4249 :
1003 4190 1248 4254 ventris
1280 4190 1576 4253 dolorem
1610 4210 1755 4272 per-

533 4277 760 4340 ·didit:
826 4286 892 4338 et
953 4296 1197 4342 novum
1259 4279 1438 4352 diem
1503 4280 1755 4342 invenit

753 4425 766 4456 ¹
804 4423 924 4474 fila:
963 4425 1153 4475 E.G.S.

990 4495 1003 4522 ⁴
1039 4491 1378 4568 recipiendas:
1418 4495 1479 4552 G,

1705 5053 3311 5100 -—„ss„„,......-........-.——-—.-—-ss----q

1516 4430 1536 4458 '·’
1576 4427 1715 4478 ‘die’
1743 4427 1878 4478 add:
1914 4427 2107 4478 E.G.S.

2302 360 2459 414 696

1807 466 2144 530 admirans
2202 466 2561 548 plurimum
2630 468 2721 530 de
2800 489 3031 533 rerum

1808 556 2107 619 omnium
2140 574 2305 637 quas
2337 554 2503 617 vidit
2534 558 2857 621 novitate.

1808 644 2057 775 Nec
2089 652 2191 707 est
2220 644 2669 707 omittendum
2714 644 2897 728 [Lec.
2929 646 3031 729 ig'j.

1994 732 2177 815 quod
2254 732 2413 795 seria
2487 734 2786 797 secunda
2860 746 3032 817 post

1815 820 2296 885 Penthecosten
2326 828 2705 883 contractus
2738 824 3029 905 quidam

1814 909 2062 992 rigidos
2085 908 2338 972 habens
2361 909 2756 973 intrinsecus
2780 932 3031 975 nervos

1814 1009 1883 1062 et
1906 996 2273 1061 arefactos:
2308 999 2589 1080 propriis
2611 1000 2909 1081 pedibus
2940 1000 3033 1063 ad

1816 1086 2027 1150 sancti
2104 1086 2524 1169 sepulchrum
2586 1088 2815 1151 venire
2890 1108 3033 1152 non

1816 1175 2077 1239 valuit:
2151 1174 2268 1237 sed
2344 1173 2585 1237 baculo
2646 1186 2716 1239 et
2781 1176 3033 1259 bajulis

1818 1271 2227 1327 sustentatus
2274 1262 2536 1325 duobus
2584 1264 2737 1327 illuc
2786 1268 3036 1347 perdu-

1819 1354 2025 1415 citur:
2072 1363 2139 1415 et
2170 1351 2261 1434 pii
2306 1351 2514 1434 patris
2556 1353 2847 1434 gratiam
2882 1374 3035 1436 pre-

1818 1440 2005 1503 cibus
2052 1440 2323 1523 planctu
2354 1440 2569 1523 plenis
2614 1442 3035 1522 postulavit:

1824 1530 2035 1592 donec
2082 1528 2351 1593 sanitati
2394 1530 2779 1593 restitutus:
2828 1531 3041 1594 bacu-

1825 1618 1965 1681 lum
2004 1637 2141 1699 quo
2184 1618 2365 1699 prius
2412 1618 2809 1699 portabatur
2851 1620 3041 1683 leva-

1826 1716 1969 1769 tum
2016 1714 2289 1788 portans
2332 1706 2397 1767 in
2444 1707 2753 1770 manibus
2802 1716 2875 1771 et
2920 1708 3041 1771 ba-

1822 1794 1977 1876 julis
2008 1793 2438 1875 sequentibus
2469 1814 2510 1857 a
2540 1795 2859 1860 remotis:
2898 1796 3043 1860 leto

1828 1894 1895 1947 et
1958 1882 2167 1946 libero
2218 1902 2443 1965 gressu
2504 1884 2784 1947 domum
2848 1904 3045 1968 repe-

1828 1971 2029 2035 davit.

1829 2060 1999 2124 Item
2074 2060 2145 2123 in
2216 2060 2813 2124 commemoratione
2870 2060 3051 2125 beati

1831 2147 2113 2213 wilelmi.
2740 2149 2973 2213 Lectio
2982 2152 3043 2233 j.

2001 2238 2227 2301 eniant
2286 2238 2355 2299 in
2414 2238 2711 2301 medium
2774 2248 2849 2301 et
2910 2238 3049 2301 alia

1972 2326 2323 2389 miracula:
2364 2334 2441 2389 ut
2464 2325 2719 2389 mirifici
2752 2326 3049 2390 medici⁸

1834 2423 2273 2496 cognoscatur
2304 2414 2649 2478 medicina.
2700 2414 3047 2498 Tempore

1838 2504 2075 2568 eodem
2138 2503 2373 2567 mulier
2430 2502 2721 2586 quedam
2784 2524 3049 2568 annosa

1838 2593 1933 2657 sic
1974 2613 2015 2656 a
2060 2593 2356 2676 primeva
2398 2603 2578 2655 etate
2615 2593 2883 2656 clausos
2922 2593 3047 2656 ha-

1839 2682 1983 2745 buit
2016 2681 2271 2744 aurium
2319 2691 2621 2745 meatus:
2669 2682 2853 2763 quod
2902 2683 3053 2746 nul-

1842 2771 1965 2833 lius
1998 2770 2141 2832 soni
2172 2769 2411 2832 solatio
2436 2790 2554 2851 per
2572 2779 2835 2852 portam
2862 2769 3049 2832 illam

1843 2860 2064 2922 anima
2155 2859 2299 2940 ejus
2382 2859 2601 2940 potuit
2677 2857 3047 2922 refocillari.

1842 2947 2193 3011 Accedens
2247 2947 2449 3028 igitur
2496 2957 2651 3010 ante
2712 2947 3047 3010 tumulum

1846 3057 1916 3098 se
1950 3036 2303 3117 prostravit
2336 3037 2403 3097 in
2427 3033 2665 3099 faciem
2696 3046 2764 3098 et
2790 3035 3050 3118 lachry-

1846 3126 1970 3187 mis
1994 3125 2450 3207 pavimentum
2472 3123 2666 3188 lavit:
2700 3144 3052 3206 quousque

1847 3213 1932 3276 ad
1980 3213 2247 3276 laudem
2298 3213 2395 3275 sui
2436 3213 2831 3276 confessoris
2878 3215 3056 3275 inte-

1848 3302 2093 3366 riorum
2126 3301 2533 3364 officinarum
2581 3302 2870 3364 hominis
2915 3301 3051 3365 cla-

1846 3392 2031 3472 viger
2085 3390 2386 3455 Christus
2446 3391 2705 3454 aurium
2766 3389 3055 3453 claustra

1850 3479 2081 3542 tandiu
2140 3478 2367 3542 clausa
2426 3479 2510 3541 ad
2586 3479 2999 3560 recipiendos
3028 3479 3055 3515 ⁴

1850 3587 2088 3630 vocum
2127 3568 2303 3630 vices
2351 3568 2678 3630 reseravit.
2771 3567 3053 3648 Respon-

1849 3657 2028 3720 soria
2058 3665 2133 3718 ut
2159 3667 2358 3738 supra
2390 3665 2714 3718 notantur.
2806 3655 2951 3718 Lec.
2985 3655 3054 3737 ij.

1850 3744 2229 3879 Mulier
2276 3765 2433 3807 vero
2472 3744 2760 3826 quedam
2808 3764 2942 3826 que
2987 3745 3057 3807 in

2060 3843 2243 3896 etate
2298 3833 2573 3915 juvenili
2640 3833 2901 3896 lascivis
2976 3853 3055 3896 ac

1852 3923 2171 4005 saginatis
2214 3923 2523 3985 carnibus
2562 3921 2867 3985 incedere
2898 3941 3057 3985 con-

1856 4019 2198 4075 sueverat:
2246 4010 2503 4074 infectis
2570 4009 2795 4073 subito
2852 4011 3059 4073 visce-

1858 4101 2035 4162 ribus
2082 4099 2418 4163 adinstar⁵
2450 4097 2676 4162 inflate
2718 4107 2786 4161 et
2838 4098 3056 4162 lucide

1855 4189 2068 4253 vesice
2115 4209 2233 4269 per
2266 4188 2527 4270 singula
2575 4187 2878 4250 membra
2920 4187 3057 4250 dis-

1854 4278 2166 4340 tenditur.
2261 4277 2472 4358 Ignea
2515 4277 2721 4340 etiam
2751 4276 2943 4340 tabes
2988 4276 3053 4338 in

2250 4427 2269 4456 ²
2309 4425 2552 4475 ‘medici’
2579 4441 2681 4476 om.
2715 4443 2727 4476 ι
2762 4425 2959 4478 E.G.S.

2140 4495 2159 4523 ⁵
2194 4491 2382 4542 instar:
2422 4492 2618 4543 E.G.S.
