3375 5100
1576 342 2004 400 DOMINJCA

1079 443 1229 501 873

555 549 621 611 in
684 548 1065 612 nationibus
1112 546 1417 631 implebit
1476 548 1700 611 ruinas
1729 568 1748 611 t

556 638 1027 720 conquassabit
1108 639 1331 721 capita
1422 636 1490 699 in
1574 646 1752 699 terra

554 726 935 790 multorum.
1038 727 1151 789 De
1202 733 1494 789 torrente
1542 726 1609 788 in
1640 726 1750 789 via

556 813 769 879 bibit:
830 822 1182 897 propterea
1232 813 1601 877 exaltavit¹
1637 834 1751 877 ca-

552 902 721 985 put.²
766 904 901 967 Αῆ.
936 903 1176 967 Dixit³
1204 904 1513 967 dominus
1537 901 1754 965 domi-

556 1012 647 1054 no
678 1012 830 1055 meo
853 994 1012 1056 sede
1042 1014 1083 1056 a
1110 992 1369 1055 dextris
1402 990 1581 1054 meis,
1612 991 1748 1055 Αῆ.

556 1080 859 1143 Fidelia.⁴
1401 1080 1752 1161 psalmus.²⁵

566 1168 1021 1302 Confitebor
1043 1167 1163 1233 tibi
1196 1168 1467 1232 domine
1503 1169 1569 1231 in
1602 1177 1752 1230 toto

688 1258 889 1321 corde
920 1278 1071 1321 meo
1098 1280 1112 1321 :
1144 1259 1211 1320 in
1230 1257 1507 1321 consilio
1536 1255 1750 1337 justo-

554 1366 699 1409 rum
745 1356 816 1409 et
866 1348 1395 1429 congregatione.
1486 1346 1752 1427 Magna

552 1455 755 1516 opera
765 1435 1019 1498 domini
1038 1456 1053 1499 :
1078 1435 1414 1517 exquisita
1432 1432 1498 1496 in
1514 1454 1750 1497 omnes

550 1522 929 1586 voluntates
990 1523 1153 1604 ejus,
1278 1522 1620 1588 Confessio
1680 1530 1750 1585 et

552 1610 1049 1693 magnificentia
1060 1632 1233 1693 opus
1254 1611 1398 1692 ejus
1422 1632 1437 1675 ε
1468 1618 1537 1673 et
1552 1610 1750 1691 justi-

548 1700 643 1763 tia
672 1701 815 1781 ejus
848 1710 1074 1763 manet
1104 1702 1170 1763 in
1202 1700 1497 1763 seculum
1526 1699 1750 1765 seculi.

548 1789 957 1852 Memoriam
1004 1788 1160 1853 fecit
1206 1787 1607 1851 mirabilium
1640 1808 1752 1851 su-

548 1898 743 1939 orum
760 1878 1127 1941 misericors
1146 1886 1216 1940 et
1246 1879 1591 1941 miserator
1626 1876 1749 1941 do·

550 1967 812 2030 minus:
842 1986 1065 2029 escam
1114 1966 1302 2029 dedit
1354 1964 1746 2028 timentibus

548 2074 636 2119 se.
684 2055 961 2118 Memor
988 2056 1114 2118 erit
1132 2056 1199 2117 in
1232 2054 1527 2117 seculum
1542 2063 1746 2117 testa-

548 2144 756 2207 menti
788 2144 887 2207 sui
914 2166 929 2209 :
960 2145 1272 2207 virtutem
1298 2162 1573 2225 operum
1594 2162 1746 2205 suo—

544 2252 691 2295 rum
771 2233 1205 2297 annunciabit
1274 2231 1527 2314 populo
1603 2252 1744 2296 su0.

556 2320 651 2384 Ut
699 2322 815 2383 det
875 2320 1003 2383 illis
1043 2320 1522 2383 hereditatem⁶
1582 2340 1744 2401 gen-

543 2409 711 2472 tium
742 2431 755 2473 :
802 2430 1007 2491 opera
1048 2430 1367 2473 manuum
1397 2408 1543 2490 ejus
1576 2409 1745 2471 veri-

542 2507 648 2562 tas
695 2507 763 2562 et
788 2499 1131 2580 judicium.
1225 2498 1485 2562 Fidelia
1514 2498 1744 2562 omnia

544 2589 867 2651 mandata
890 2588 1032 2669 ejus
1053 2585 1441 2651 confirmata
1465 2587 1532 2648 in
1556 2607 1744 2650 secu-

544 2676 683 2738 lum
744 2677 946 2740 seculi
978 2699 993 2740 ε
1040 2676 1217 2740 facta
1268 2677 1335 2739 in
1366 2677 1643 2740 veritate
1674 2685 1743 2738 et

546 2766 857 2847 equitate.
914 2764 1479 2847 Redemptionem
1512 2764 1695 2827 misit
1717 2762 1743 2802 ⁷

544 2854 795 2936 populo
826 2874 949 2916 suo
976 2875 991 2917 :
1050 2855 1393 2917 mandavit
1456 2854 1521 2916 in
1573 2863 1743 2916 eter-

544 2963 705 3004 num
726 2951 1202 3006 testamentum
1222 2962 1434 3005 suum.
1530 2941 1746 3005 Sanc-

544 3041 687 3094 tum
750 3040 819 3093 et
892 3030 1185 3094 terribile
1246 3050 1491 3093 nomen
1554 3029 1698 3110 ejus
1727 3051 1742 3095 :

542 3119 805 3183 initium
848 3121 1173 3202 sapientie
1221 3119 1421 3182 timor
1470 3119 1742 3182 domini.

540 3207 931 3273 Intellectus
984 3208 1201 3271 bonus
1244 3208 1555 3270 omnibus
1588 3207 1746 3270 faci-

543 3298 807 3361 entibus
851 3317 1007 3359 eum
1043 3318 1059 3362 :
1107 3296 1403 3359 laudatio
1426 3296 1571 3377 ejus
1604 3316 1745 3359 ma-

540 3395 656 3449 net
688 3387 752 3448 in
774 3385 1064 3449 seculum
1090 3385 1341 3448 seculi.⁸
1382 3385 1516 3448 Αῆ.
1552 3384 1750 3448 Fide-

540 3474 627 3538 lia
658 3474 885 3537 omnia
929 3475 1249 3538 mandata
1307 3472 1453 3554 ejus
1508 3471 1745 3536 confir-

542 3573 725 3626 mata
784 3564 851 3625 in
922 3563 1218 3627 seculum
1280 3561 1499 3625 seculi.
1608 3564 1669 3625 A
1682 3571 1742 3626 ἦ.

542 3653 623 3716 In
658 3651 1035 3716 mandatis,⁹
1372 3650 1743 3732 psalmus.¹⁰

539 3745 874 3874 Beatus
885 3740 984 3803 vir
1005 3740 1117 3822 qui
1142 3740 1337 3802 timet
1359 3740 1738 3802 dominum:

686 3831 751 3891 in
790 3830 1126 3892 mandatis
1158 3828 1300 3909 ejus
1318 3827 1498 3890 volet
1526 3828 1738 3894 nimis,

540 3919 799 3982 Potens
832 3919 899 3980 in
930 3927 1106 3980 terra
1137 3919 1259 3980 erit
1297 3937 1521 3979 semen
1557 3916 1738 3996 ejus:

538 4008 882 4089 generatio
914 4015 1241 4069 rectorum
1294 4006 1738 4070 benedicetur.

639 4145 652 4174 ¹
688 4142 964 4192 exaltabit:
1000 4143 1134 4192 EG.

634 4211 657 4239 ²
696 4214 710 4238 ‘
732 4209 907 4258 Gloria
930 4209 1091 4273 patri’
1117 4209 1217 4258 add
1243 4227 1257 4258 t
1291 4208 1486 4258 E.G.S.

633 4279 653 4307 ⁸
692 4281 707 4303 ⁸
728 4276 857 4326 Sede
897 4291 927 4324 a
961 4276 1148 4325 dextris
1184 4275 1308 4324 meis
1346 4274 1471 4324 dixit
1506 4274 1738 4324 dominus

534 4342 739 4391 domino
764 4341 903 4390 meo'
929 4359 941 4391 ι
978 4343 1110 4392 E.G.

637 4412 657 4440 ⁴
695 4411 829 4457 ·Αἱὶ.
861 4408 1055 4457 Fidelia
1077 4407 1089 4432 ’
1113 4424 1213 4457 om.
1242 4425 1254 4458 :
1290 4407 1423 4458 E.G.

634 4475 1091 4590 :523534225235
1266 4489 1283 4524 ··
1316 4475 1368 4525 ³·

636 4612 652 4636 ⁷
694 4577 1135 4656 ‘dominus'adch
1170 4607 1303 4657 EG.

2375 440 2518 496 874

1849 546 2073 611 Glorie
2095 545 2137 585 ¹¹
2190 555 2262 610 et
2291 546 2521 611 divitie
2551 548 2616 609 in
2638 546 2843 611 domo
2861 546 3010 630 ejus
3039 568 3060 613 ε

1845 644 1914 698 et
1939 635 2207 717 justicia
2237 636 2382 719 ejus
2409 644 2636 699 manet
2661 638 2728 699 in
2749 638 3056 700 seculum

1845 724 2066 787 seculi.
2156 725 2502 787 Exortum
2531 734 2634 787 est
2659 726 2728 787 in·
2757 726 3060 788 tenebris

1847 812 2072 875 lumen
2097 814 2291 876 rectis
2320 835 2335 876 :
2367 813 2740 877 misericors
2758 824 2824 876 et
2851 816 3060 877 mise-

1847 910 2028 965 rator
2049 910 2118 964 et
2141 901 2378 982 justus.
2477 902 3058 975 Jocundushomo

1845 991 1960 1071 qui
1995 992 2340 1053 miseretur
2368 1000 2437 1053 et
2457 992 2840 1054 commodat
2867 1013 2880 1053 ε
2914 992 3060 1053 dis-

1847 1078 2038 1159 ponit
2085 1099 2424 1142 sermones
2465 1100 2622 1142 suos
2681 1080 2749 1141 in
2791 1080 3058 1161 judicio

1844 1168 2004 1248 quia
2033 1168 2099 1229 in
2133 1177 2434 1231 eternum
2483 1188 2615 1229 non
2667 1188 3060 1231 commove-

1845 1254 2042 1319 bitur.
2129 1256 2215 1319 In
2260 1258 2580 1319 memorIa
2641 1266 2870 1319 eterna
2923 1258 3056 1319 erit

1839 1342 2104 1423 justus:
2150 1345 2242 1408 ab
2285 1344 2628 1408 auditione
2681 1345 2860 1407 mala
2909 1366 3054 1408 non

1847 1432 2128 1497 timebit.
2215 1433 2544 1497 Paratum
2581 1453 2696 1497 cor
2722 1434 2864 1514 ejus
2895 1453 3056 1515 spe-

1847 1540 1991 1583 rare
2051 1521 2119 1584 in
2189 1522 2512 1586 domino:
2577 1520 3051 1585 confirmatum

1846 1618 1948 1671 est
1981 1629 2095 1673 cor
2121 1609 2302 1691 ejus:
2352 1630 2486 1673 non
2519 1610 3058 1673 commovebitur

1847 1697 2058 1761 donec
2119 1698 2444 1780 despiciat
2507 1699 2809 1762 inimicos
2865 1720 3050 1763 suos,

1845 1786 2181 1869 Dispersit
2203 1788 2390 1851 dedit
2419 1788 2820 1869 pauperibus
2845 1808 2860 1851 :
2905 1787 3052 1868 jus-

1846 1874 1994 1937 titia
2027 1874 2172 1956 ejus
2203 1885 2431 1939 manet
2481 1876 2548 1939 in
2609 1876 2908 1939 seculum
2941 1896 3052 1937 se-

1845 1963 2011 2026 culi:
2058 1984 2260 2027 cornu
2313 1964 2461 2045 ejus
2518 1964 2931 2027 exaltabitur
2977 1967 3050 2027 in

1843 2052 2070 2133 gloria.
2162 2052 2494 2116 Peccator
2511 2052 2762 2116 videbit
2781 2064 2852 2116 et
2882 2054 3052 2116 iras-

1843 2150 2073 2204 cetur:
2127 2141 2438 2204 dentibus
2497 2142 2630 2204 suis
2690 2141 2932 2205 fremet
2975 2150 3052 2204 et

1843 2229 2182 2294 tabescet:
2258 2230 2659 2293 desiderium
2735 2240 3052 2312 peccato-

1841 2338 1986 2381 rum
2019 2318 2332 2400 peribit.¹²
2419 2318 2552 2381 Ar'i.
2651 2318 2730 2381 In
2764 2320 3052 2381 manda-

1839 2407 1928 2469 tis
1985 2406 2132 2488 ejus
2175 2406 2360 2471 volet
2405 2408 2622 2471 nimis.
2705 2408 2840 2470 Ari.
2937 2407 3054 2472 Sit

1843 2496 2158 2560 nomen.¹⁸
2670 2496 3050 2578 psalmus.¹⁴

1840 2584 2220 2716 Laudate
2251 2585 2436 2667 pueri
2468 2584 2854 2650 dominum:
2903 2586 3052 2648 lau-

1976 2674 2134 2736 date
2209 2693 2454 2736 nomen
2529 2673 2804 2737 domini.
2927 2674 3051 2738 Sit

1842 2781 2086 2825 nornen
2119 2763 2372 2826 domini
2435 2763 2858 2825 benedictum
2889 2784 2906 2826 ε
2953 2784 3052 2826 ex

1841 2849 1970 2913 hoc
2001 2871 2176 2914 nunc
2219 2860 2291 2914 et
2341 2871 2552 2933 usque
2604 2852 2672 2912 in
2725 2851 3048 2916 seculum.

1840 2940 1903 3001 A
1943 2938 2099 3002 solis
2132 2949 2278 3003 ortu
2312 2960 2522 3021 usque
2567 2939 2655 3002 ad
2685 2959 3000 3003 occasum
3031 2963 3050 3004 ;

1843 3027 2175 3090 laudabile
2237 3047 2481 3091 nomen
2531 3029 2804 3091 domini.
2895 3029 3050 3090 Ex-

1842 3115 2056 3179 celsus
2105 3137 2306 3199 super
2351 3136 2586 3180 omnes
2633 3125 2874 3198 gentes
2925 3118 3052 3180 do-

1845 3206 2107 3270 minus:
2183 3215 2252 3268 et
2320 3225 2517 3287 super
2589 3204 2765 3268 celos
2829 3205 3049 3287 gloria

1843 3292 2000 3374 ejus,
2098 3293 2260 3372 Quis
2309 3295 2477 3357 sicut
2527 3293 2832 3356 dominus
2877 3295 3050 3357 deus

1843 3391 2106 3446 noster:
2151 3384 2266 3465 qui
2321 3381 2388 3445 in
2434 3381 2586 3445 altis
2649 3381 2912 3445 habitat
2976 3393 3050 3446 et

1841 3471 2118 3534 humilia
2177 3472 2446 3553 respicit
2503 3472 2572 3533 in
2633 3471 2775 3534 celo
2830 3479 2900 3534 et
2979 3472 3046 3534 in

1842 3569 2034 3624 terra.
2103 3559 2159 3623 S
2160 3561 2450 3624 uscitans
2473 3579 2516 3621 a
2533 3569 2706 3622 terra
2731 3559 3006 3642 inopem
3031 3583 3047 3624 :

1841 3658 1910 3711 et
1941 3649 2026 3712 de
2055 3658 2343 3712 stercore
2373 3650 2632 3729 erigens
2661 3668 3045 3730 pauperem.

1851 3737 1942 3802 Ut
1974 3737 2252 3800 collocet
2311 3757 2464 3800 eum
2520 3757 2668 3800 cum
2731 3738 3048 3820 principi-

1841 3826 2015 3890 bus:
2105 3846 2260 3888 cum
2337 3825 2744 3908 principibus
2811 3827 3044 3908 populi

1845 3916 1962 3979 sui.
2089 3915 2214 3992 Qui
2279 3914 2578 3978 habitare
2631 3913 2790 3977 facit
2853 3917 3044 3978 steri-

1845 4003 1976 4067 lem
2032 4004 2098 4066 in
2150 4004 2393 4066 domo:
2440 4011 2722 4066 matrem
2755 4001 3044 4068 filiorum

1935 4143 1956 4170 ⁸
1995 4144 2009 4168 ‘
2031 4137 2207 4190 Gloria
2229 4139 2358 4212 patp
2374 4137 2387 4161 ’
2409 4137 2510 4188 add
2531 4157 2546 4188 ι
2579 4139 2768 4189 E.G.S.

1935 4209 1956 4237 ⁰
1997 4209 2126 4256 Ἀνὶ
2169 4206 2230 4254 In
2257 4205 2527 4254 mandatis’
2551 4221 2679 4255 om.:
2702 4205 2838 4256 E.G.

1920 4274 1958 4370 ,¹1
1982 4281 2222 4388 {loz-¹2¹
2244 4273 2450 4387 ἔξω
2467 4273 2565 4387 ‘5²²
2585 4287 2605 4320 ·’
2635 4273 2691 4321 ⁸·

1922 4407 1961 4436 ¹²
1997 4411 2012 4432 ⁴
2035 4376 2212 4453 Gloria
2235 4375 2396 4468 patri'
2421 4374 2553 4454 add:
2591 4403 2724 4454 E.G.

1923 4475 1960 4503 '³
1999 4473 2134 4520 ‘Ar-2.
2177 4471 2253 4521 Sit
2276 4471 2487 4520 nomen'
2511 4487 2612 4520 om.
2639 4489 2652 4520 t
2687 4471 2826 4522 E.G.

1927 4540 2065 4604 ¹·1p3.
2097 4551 2187 4588 112
2208 4553 2225 4586 .·
2259 4538 2398 4588 E.G.
2470 4538 2584 4604 cxij.
2607 4555 2628 4588 :
2661 4539 2718 4588 S.
