3375 5100
1285 333 1623 408 QUADRA
1633 337 1978 394 GESJME.

888 444 1027 498 277

350 550 417 614 in
465 551 685 635 specie
732 552 1040 617 columbe
1086 553 1432 620 descendit
1479 555 1546 618 in

349 641 687 705 desertum
734 661 879 706 esse
930 641 1225 706 ductum.
1304 643 1549 708 Permi-

351 731 439 792 sit
490 749 563 792 se
622 729 801 793 enim
864 751 905 793 a
966 731 1261 813 maligno
1314 733 1548 815 spiritu

352 819 665 900 temptari
741 827 817 882 ut
888 818 1081 882 nobis
1156 820 1546 903 exemplum

352 906 695 988 pugnandi
747 907 1143 972 ostenderet.
1222 908 1337 974 Re.
1400 909 1546 973 Ab·

348 994 651 1058 scondite
738 995 1171 1081 elemosinam
1252 997 1323 1061 in
1394 999 1547 1063 sinu

346 1085 655 1164 pauperis
700 1093 771 1148 et
816 1085 961 1166 ipsa
1000 1094 1148 1149 orat
1189 1105 1309 1167 pro
1354 1086 1545 1151 vobis

346 1171 433 1234 ad
480 1172 846 1236 dominum.
940 1173 1119 1257 Quia
1162 1175 1334 1238 sicut
1366 1195 1543 1258 aqua

344 1261 684 1343 extinguit
742 1261 965 1342 ignem
1024 1260 1119 1325 ita
1178 1261 1543 1328 elemosina

343 1349 685 1431 extinguit
713 1357 1081 1432 peccatum.
1157 1364 1210 1433 γ
1260 1351 1541 1416 Honora

337 1437 685 1501 dominum
731 1439 819 1502 de
871 1446 990 1502 tua
1048 1439 1422 1504 substantia
1470 1449 1540 1506 et

337 1524 423 1588 de
470 1526 784 1608 primiciis
829 1525 1094 1608 frugum
1140 1536 1407 1593 tuarum
1448 1530 1539 1594 da

334 1614 755 1696 pauperibus,
848 1615 1027 1699 Quia
1056 1615 1243 1680 sicut.

347 1703 581 1836 Cum
627 1723 789 1785 ergo
840 1704 1057 1786 majus
1106 1703 1349 1787 [Lectio
1392 1705 1532 1790 viij.

462 1791 551 1855 sit
610 1791 821 1856 occidi
898 1812 1101 1874 quam
1176 1797 1531 1876 temptari:

337 1898 471 1941 non
535 1889 639 1944 est
702 1880 941 1944 mirum
996 1881 1051 1944 si
1104 1901 1178 1945 se
1230 1884 1529 1964 permisit

336 1986 375 2029 a
428 1969 647 2050 capite
710 1968 1024 2052 temptari
1096 1969 1209 2052 qui
1264 1992 1335 2036 se
1380 1992 1527 2054 per-

336 2056 515 2122 misit
560 2078 601 2120 a
646 2057 963 2121 membris
1022 2058 1331 2142 crucifigi.
1446 2062 1527 2125 In

328 2164 411 2207 eo
454 2146 633 2209 enim
681 2145 864 2229 quod
914 2153 1340 2230 superaturus
1372 2149 1527 2230 ‘dia-

328 2231 557 2296 bolum
605 2235 697 2298 xl.
766 2234 1001 2298 diebus
1068 2243 1137 2299 et
1183 2236 1273 2301 xl.
1300 2238 1523 2301 'nocti-

326 2318 450 2384 bus
490 2320 859 2404 jejunavit:
908 2325 1276 2388 necessaria
1328 2325 1522 2390 nobis

323 2429 510 2473 arma
562 2419 793 2475 contra
844 2414 1318 2495 temptationes
1378 2414 1521 2478 dia-

324 2496 511 2564 boli:
599 2499 927 2583 jejunium
1004 2510 1074 2566 et
1146 2503 1517 2569 orationem

320 2606 467 2652 esse
513 2590 823 2655 ostendit.
898 2589 1016 2655 Re.
1065 2591 1350 2673 Angelis
1380 2594 1516 2657 suis

322 2676 667 2742 mandavit
700 2678 811 2742 .de
871 2686 939 2741 te
1002 2687 1076 2742 ut
1134 2681 1517 2746 custodiant

317 2772 387 2827 te
462 2766 530 2828 in
605 2766 915 2831 omnibus
977 2768 1099 2831 viis
1173 2769 1321 2833 tuis,
1433 2770 1515 2833 In

318 2854 627 2917 manibus
688 2854 1050 2937 portabunt
1111 2864 1180 2920 te
1246 2876 1332 2921 ne
1393 2878 1513 2922 un-

316 2961 519 3023 quam
572 2943 873 3007 offendas
920 2944 1007 3007 ad
1058 2944 1350 3027 lapidem
1397 2966 1513 3029 pe·-

310 3029 464 3092 dem
498 3039 707 3097 tuum.
783 3048 832 3117 y
864 3032 1083 3115 Super
1108 3034 1411 3117 aspidem
1444 3044 1513 3100 et

314 3117 694 3183 basiliscum
726 3119 1101 3186 ambulabis
1146 3131 1215 3186 et
1246 3123 1509 3187 concul-

310 3207 493 3271 cabis
540 3206 801 3274 leonem
848 3218 917 3274 et
955 3210 1331 3275 draconem.
1425 3211 1507 3277 In

309 3296 635 3361 manibus.
1174 3298 1390 3363 Lectio
1420 3298 1505 3366 ix.

304 3385 695 3515 Dignum
744 3394 847 3449 est
888 3386 1066 3450 enim
1098 3386 1331 3451 fratres
1367 3408 1383 3453 ε
1430 3397 1505 3453 ut

462 3474 577 3555 qui
624 3494 743 3556 per
771 3482 988 3538 totum
1020 3495 1275 3540 annum
1310 3476 1503 3541 nobis

306 3560 649 3627 viximus:
726 3562 965 3628 saltem
1042 3564 1187 3628 istis
1267 3564 1505 3629 diebus

302 3650 506 3713 sacris
578 3651 710 3716 deo
773 3652 1124 3716 vivamus:
1216 3661 1292 3717 ut
1365 3674 1504 3717 non

304 3736 519 3801 solum
582 3740 667 3803 de
741 3740 981 3804 nostris
1056 3740 1303 3805 rebus:
1379 3742 1497 3805 sed

302 3826 506 3889 etiam
538 3828 625 3890 de
671 3830 913 3893 nostris
953 3830 1337 3911 corporibus
1368 3831 1499 3894 deo

301 3914 597 3979 decimas
671 3916 925 3981 demus
1054 3918 1242 3983 Sicut
1316 3918 1499 3983 enim

297 4000 671 4069 fomentum
713 4007 1013 4070 omnium
1045 4006 1357 4070 vitiorum
1393 4016 1497 4071 est

296 4090 493 4171 gula:
538 4094 633 4157 sic
682 4096 909 4158 nutrix
956 4096 1257 4159 omnium
1289 4096 1495 4159 virtu-

294 4186 440 4243 tum
492 4190 595 4245 est
639 4183 1059 4248 abstinentia.
1152 4182 1497 4265 Quamdiu

293 4268 471 4331 enim
505 4271 699 4352 primi
733 4282 1040 4354 parentes
1082 4272 1150 4335 in
1182 4272 1500 4354 paradiso-

293 4356 357 4419 in
401 4357 802 4424 abstinentia
845 4370 1278 4427 manserunt:
1320 4370 1493 4425 tam-

656 4540 667 4569 ¹
702 4539 957 4589 sumitur:
999 4538 1069 4589 E.
1091 4539 1171 4590 W.

2177 446 2322 503 278

1648 553 1764 618 diu
1855 554 2006 618 cibo
2087 555 2296 618 vetito
2370 553 2856 622 abstinuerunt.

1652 642 2016 725 Postquam
2076 663 2233 706 vero
2293 643 2450 725 gule
2510 643 2853 707 desideriis

1650 731 2159 796 satisfecerunt:
2235 731 2525 814 paradisi
2595 732 2850 796 ameni-

1650 829 1863 884 tatem
1908 821 2208 906 protinus
2254 819 2638 884 amiserunt.
2729 821 2845 886 Re.

1650 909 1916 973 Ductus
1978 919 2080 974 est
2129 909 2326 990 jesus
2388 909 2456 970 in
2508 910 2847 973 desertum

1648 1015 1690 1060 a
1742 998 1974 1079 spiritu
2015 1007 2092 1062 ut
2139 1005 2578 1078 temptaretur
2616 1016 2657 1059 a
2702 997 2846 1060 dia-

1647 1084 1822 1150 bole.
1915 1087 2011 1150 Et
2081 1085 2403 1150 accedens
2477 1094 2847 1168 temptator

1645 1173 1826 1238 dixit
1885 1175 1968 1238 ei.
2061 1174 2135 1240 Si
2197 1173 2370 1237 filius
2429 1173 2538 1237 dei
2601 1193 2674 1236 es
2733 1174 2841 1237 dic

1646 1271 1720 1326 ut
1795 1262 2052 1346 lapides
2110 1263 2218 1327 isti
2265 1281 2472 1344 panes
2519 1260 2701 1325 fiant.
2795 1279 2841 1349 y

1645 1349 1739 1414 Et
1785 1372 1938 1416 cum
1984 1351 2350 1435 jejunasset
2396 1350 2842 1433 quadraginta

1640 1439 1878 1504 diebus
1925 1450 1994 1505 et
2041 1439 2486 1523 quadraginta
2533 1439 2840 1502 noctibus

1639 1539 1880 1610 postea
1951 1529 2194 1593 esuriit.
2328 1527 2422 1590 Et
2497 1527 2837 1592 accedens,

1640 1616 1870 1681 Gloria
1929 1618 2119 1701 patri.
2220 1616 2294 1681 Si
2357 1614 2546 1680 filius,
2645 1615 2836 1680 Octa-

1636 1725 1794 1769 vum
1855 1707 2039 1789 Resp.
2100 1713 2166 1769 et
2214 1725 2455 1768 nonum
2515 1723 2642 1766 non
2701 1705 2842 1768 nisi

1636 1793 1708 1857 in
1765 1795 2092 1860 dominica
2148 1793 2460 1856 derantur
2475 1814 2500 1856 .·
2550 1791 2708 1873 quia
2756 1793 2837 1854 de

1630 1884 1960 1967 evangelio
2044 1881 2435 1946 sumuntur.¹
2549 1880 2834 1961 Respon-

1629 1971 1876 2034 sorium
1909 1971 2169 2052 fhriale.
2259 1969 2372 2033 Re.
2449 1967 2835 2032 Tribularer

1628 2059 1683 2122 si
1745 2061 2066 2125 nescirem
2136 2057 2618 2122 misericordias
2677 2067 2830 2120 tuas

1628 2148 1900 2212 domine
1948 2158 2022 2213 tu
2059 2147 2291 2213 dixisti
2338 2144 2492 2208 nolo
2541 2154 2826 2208 mortem

1626 2238 1994 2319 peccatoris
2059 2236 2182 2303 sed
2243 2234 2466 2316 potius
2497 2233 2521 2268 ²
2551 2252 2824 2300 conver-

1626 2333 1808 2389 tatur
1835 2335 1904 2390 et
1935 2324 2133 2390 vivat.
2225 2323 2360 2406 Qui
2405 2321 2822 2385 chananeam

1622 2421 1694 2478 et
1722 2414 2152 2495 publicanum
2193 2410 2445 2475 vocasti
2499 2410 2586 2473 ad
2637 2410 2822 2491 peni-

1621 2504 1920 2568 tentiam.
2011 2519 2066 2589 γ
2107 2502 2200 2567 Et
2242 2507 2505 2583 petrum
2561 2497 2820 2581 lachry-

1622 2601 1926 2657 mantem
1941 2589 2289 2674 suscepisti
2313 2588 2680 2651 misericors
2698 2588 2818 2651 do-

1620 2680 1816 2745 mine.
1909 2680 2070 2763 Qui
2137 2680 2236 2743 Et
2263 2676 2620 2743 notandum
2651 2676 2826 2757 quod

1602 2778 1759 2850 post
1813 2767 2316 2852 Κεφοηεονεειεει
2361 2764 2612 2847 feriale
2654 2764 2812 2827 inci-

1600 2857 1918 2939 piendum
1977 2868 2076 2921 est
2131 2856 2228 2920 ad
2265 2856 2566 2937 primum
2626 2853 2813 2935 Resp.

1617 2945 1796 3009 Ecce
1826 2966 2040 3011 nme:
2087 2945 2158 3008 in
2173 2944 2381 3027 ferizs
2409 2942 2667 3025 quando
2689 2962 2814 3005 non

1596 3033 1696 3134 fif
1736 3034 1820 3098 de
1863 3035 2090 3117 aliqua
2127 3032 2404 3097 hiuma
2433 3029 2816 3095 dominicali

1614 3122 1753 3185 nisi
1823 3124 1906 3186 de
1959 3123 2127 3187 hac.
2169 3130 2232 3185 et
2291 3120 2475 3183 istud
2512 3119 2812 3217 primum

1610 3210 2110 3294 Respomom'um
2127 3209 2377 3273 dicitur
2389 3207 2540 3271 hic
2511 3207 2808 3288 tufi-na.-

1592 3298 2259 3382 propterpaucitatem
2278 3295 2811 3378 Responsmffum
2785 3344 2800 3359 .

1606 3408 1752 3451 cum
1825 3388 1954 3452 duo
2028 3385 2457 3470 Responsoria
2523 3383 2806 3464 ejusdem

1603 3476 1876 3540 historie
1899 3475 2310 3558 excipiuntur
2326 3471 2546 3554 quoad
2552 3470 2804 3551 ferias:

1602 3564 1838 3630 sciltket
1880 3564 2022 3628 viii.
2110 3563 2224 3627 Re.
2279 3571 2343 3624 et
2392 3560 2474 3623 ix.
2567 3574 2616 3643 γ
2649 3558 2806 3642 Ipse

1603 3652 1925 3716 liberavit.
2243 3650 2326 3713 In
2355 3646 2662 3711 laudibus
2691 3656 2796 3712 αὴ.

1613 3743 1816 3876 Cor
1843 3739 2168 3804 mundum
2201 3758 2352 3802 crea
2397 3737 2463 3799 in
2497 3755 2606 3798 me
2636 3734 2802 3799 deus

1739 3838 1806 3893 et
1837 3828 2150 3911 spiritum
2177 3834 2429 3890 rectum
2455 3824 2704 3887 innova
2733 3823 2800 3887 in

1599 3918 1956 3981 visceribus
2021 3916 2205 3980 meis.
2311 3922 2414 3997 ps'z
2463 3912 2798 3979 Miserere.

1597 4014 1712 4070 aii.
1755 4007 1816 4072 Ο
1851 4006 2120 4069 domine
2173 4003 2434 4068 salvum
2487 4021 2595 4064 me
2648 4000 2797 4066 sac:

1598 4115 1639 4157 o
1670 4095 1943 4158 domine
1991 4096 2162 4158 bene
2211 4110 2616 4175 prosperare.
2689 4100 2795 4171 pff.

1599 4182 2044 4248 Con-fitemini.
2106 4191 2213 4246 aii.
2264 4181 2380 4245 Sic
2405 4180 2794 4242 benedicam

1596 4280 1665 4335 te
1718 4271 1786 4335 in
1835 4273 1976 4337 vita
2029 4292 2180 4335 mea
2237 4268 2510 4333 domine
2539 4289 2560 4331 2
2604 4276 2673 4331 et
2727 4268 2792 4330 in

1594 4362 1866 4425 nomine
1897 4372 2016 4426 tuo
2047 4360 2285 4425 levabo
2319 4376 2556 4421 manus
2589 4374 2791 4420 meas,

1985 4540 2003 4569 ²
2044 4538 2147 4589 ‘ut'
2169 4537 2303 4587 add:
2341 4536 2402 4585 G.
