3375 5100
1572 328 1677 383 IN
1715 326 1982 383 FESTO

1054 437 1215 493 499

524 544 749 609 orbem
810 552 1143 610 terrarum.
1238 543 1328 607 Et
1370 540 1495 609 hoc
1534 542 1716 626 quod

527 636 821 701 continet
868 634 1091 697 omnia
1136 632 1475 697 scientiam
1515 632 1718 695 habet

524 723 703 786 vocis
734 722 895 785 all’a.
964 721 1046 785 In
1092 741 1341 803 evange.
1371 728 1475 785 aii.
1568 720 1718 801 Ego

528 812 791 873 mittam
824 810 1011 873 vobis
1042 810 1339 891 spiritum
1384 808 1716 873 veritatis:

526 906 600 961 ut
633 906 897 961 maneat
930 896 1267 961 vobiscum
1307 898 1374 961 in
1418 906 1716 960 eternum

530 986 598 1049 in
630 986 741 1049 illa
770 987 877 1049 die
920 1005 1039 1049 vos
1071 985 1515 1067 cognoscetis:
1561 985 1718 1065 quia

530 1095 571 1137 a
624 1084 809 1156 patre
877 1073 1053 1137 exivi
1113 1082 1180 1135 et
1228 1073 1294 1135 in
1366 1072 1555 1135 vobis
1604 1092 1718 1137 ero

528 1161 811 1226 alleluia.
853 1170 951 1242 pf.
1002 1158 1404 1243 Magnificat.
1474 1160 1716 1225 Oratio.

535 1251 761 1315 Presta
862 1269 1216 1332 quesumus
1298 1247 1718 1330 omnipotens

530 1339 711 1403 deus.
760 1337 1235 1401 Benedicamus
1263 1337 1533 1401 domino
1553 1336 1722 1399 sicut

531 1425 605 1489 in
661 1426 767 1488 die
784 1424 1017 1507 pasche
1056 1425 1153 1488 ad
1188 1424 1511 1507 ‘verpe-ras.¹
1602 1424 1728 1489 Ad

528 1512 1039 1595 completorium.²
1099 1521 1204 1577 aii.
1268 1512 1603 1577 Alleluia⁸
1645 1521 1722 1578 ut

527 1613 725 1683 supra
814 1601 883 1664 in
956 1610 1177 1665 octava
1266 1600 1525 1663 pasche.
1615 1610 1717 1682 pff.

530 1689 701 1755 Cum
806 1690 1191 1753 invocarem.
1335 1687 1716 1770 Capitulum.

525 1778 633 1843 Tu
708 1778 775 1842 in
857 1778 1061 1841 nobis.
1150 1778 1471 1857 Hymnus.
1556 1777 1716 1858 Jesu

525 1866 828 1934 salvator.
874 1882 921 1953 γ
966 1865 1247 1949 Spiritus
1294 1874 1558 1929 sanctus
1599 1866 1718 1928 do-

526 1954 701 2019 cebit
759 1975 914 2019 vos:
1008 1954 1297 2019 Omnem
1370 1955 1716 2019 veritatem

526 2042 804 2108 alleluia.
849 2045 983 2108 Aa.
1028 2042 1338 2107 Alleluia.
1430 2041 1715 2123 Spiritus

526 2131 878 2213 paraclitus
940 2131 1202 2194 alleluia
1261 2130 1528 2195 docebit
1597 2150 1716 2193 vos

523 2222 748 2283 omnia
768 2222 793 2257 ⁴
816 2218 1079 2283 alleluia
1100 2218 1373 2283 alleluia.
1389 2227 1489 2300 ps.
1522 2217 1719 2281 Nunc

524 2309 803 2372 dimittis
898 2327 1175 2371 servum.
1283 2306 1718 2388 Kyrieleison.

524 2407 635 2461 etc.
724 2396 858 2461 Isto
889 2396 1070 2459 modo
1106 2394 1368 2457 dicatur
1404 2396 1720 2477 completo-

524 2486 701 2549 rium
762 2505 958 2567 usque
1009 2485 1107 2547 ad
1182 2483 1353 2547 diem
1425 2483 1720 2549 sabbati:

526 2575 707 2638 salvo
751 2573 925 2656 quod
978 2573 1046 2636 in
1112 2571 1217 2636 die
1252 2571 1670 2653 penthecostes
1693 2595 1718 2636 .·

514 2662 699 2744 seria
728 2660 1003 2724 secunda
1034 2661 1225 2726 tertia
1252 2670 1316 2724 et
1354 2671 1591 2742 quarta
1617 2661 1720 2724 di-

529 2760 769 2814 cuntur
805 2750 930 2813 loco
1015 2748 1243 2830 hymni
1323 2749 1671 2830 sequenti-5⁶
1691 2771 1718 2812 .·

515 2848 719 2921 prout
741 2837 881 2900 suis
910 2837 1059 2900 locis·
1086 2846 1408 2900 notantur.

530 2931 597 3005 οἷ
640 2924 766 2989 Ad
816 2925 1173 2988 matutinas
1252 2924 1719 2991 invitatorium.

529 3013 837 3078 Alleluia.
886 3013 1168 3095 Spiritus
1215 3013 1467 3076 domini
1512 3014 1720 3097 reple-

532 3104 629 3166 vit
652 3102 877 3165 orbem
908 3110 1225 3164 terrarum
1254 3123 1268 3165 ε
1301 3101 1541 3166 Venite
1560 3101 1719 3166 ado-

532 3211 751 3256 remus
781 3189 1058 3253 alleluia.
1090 3198 1190 3271 pi.
1235 3189 1488 3255 Venite.
1520 3191 1718 3270 Hym.

698 3298 806 3344 am
870 3278 1167 3343 Christus
1196 3287 1371 3341 astra
1410 3279 1723 3343 ascende-

532 3280 686 3456 J
700 3377 800 3432 rat
825 3388 839 3431 ε
872 3386 1199 3449 regressus
1218 3365 1393 3429 unde
1408 3375 1679 3432 venerat
1707 3390 1722 3432 ε

532 3457 858 3540 promisso
888 3455 1092 3537 patris
1124 3473 1391 3518 munere
1421 3466 1722 3520 sanctum

534 3545 807 3608 daturus
850 3544 1168 3626 spiritum.
1262 3542 1571 3608 Solennis
1618 3565 1722 3608 ur-

530 3633 732 3716 gebat
764 3632 904 3696 dies
934 3651 1067 3713 quo
1108 3633 1389 3712 mystico
1440 3641 1724 3714 septem·

534 3723 688 3804 plici
720 3720 893 3785 orbis
924 3720 1185 3784 volutus
1208 3719 1234 3758 ⁶
1252 3721 1724 3802 septiessignat

532 3812 733 3874 beata
823 3819 1139 3891 tempora.
1272 3808 1457 3874 Dum
1561 3809 1726 3873 hora

529 3899 783 3963 cunctis
842 3899 1071 3962 tertia:
1118 3905 1389 3979 repente
1440 3896 1725 3965 mundus

531 3989 793 4050 intonat
815 3986 1153 4049 orantibus
1182 3985 1499 4067 apostolis
1518 3986 1718 4050 deum

530 4075 787 4137 venisse
818 4075 1099 4138 nunciat.
1188 4073 1297 4136 De
1328 4075 1531 4156 patris
1562 4095 1722 4156 ergo

531 4161 781 4225 lumine
828 4163 1101 4226 decorus
1154 4162 1323 4244 ignis
1376 4161 1589 4227 almus
1618 4171 1722 4228 est

632 4297 647 4326 ¹
689 4297 796 4345 ‘sica
825 4297 879 4345 in
902 4297 949 4346 d.
969 4305 1078 4361 pas.
1107 4297 1370 4361 advesp.’.·
1402 4315 1494 4348 om.
1524 4298 1593 4348 N.

629 4364 651 4394 ⁸
682 4371 740 4412 ut
764 4370 985 4412 notatum
1005 4372 1073 4412 est
1085 4371 1195 4427 part
1207 4363 1501 4427 psalterium
1519 4366 1573 4413 in
1596 4381 1720 4415 com·

520 4431 745 4497 pletoriis
764 4430 985 4478 seriatim
1004 4444 1021 4478 .·
1052 4429 1122 4478 N.

632 4498 650 4526 ¹
684 4497 905 4544 Alleluia
926 4495 1021 4560 iiij.
1043 4511 1061 4545 .·
1096 4496 1163 4545 Ν.

628 4565 648 4596 ⁴
690 4567 703 4590 ⁸
726 4562 921 4614 omnia’
948 4577 1043 4612 om.
1075 4579 1085 4610 :
1121 4561 1189 4611 N.

2321 437 2487 495 300

1815 542 1930 625 qui
1977 540 2111 607 fida
2170 540 2412 609 Christi
2469 552 2738 627 pectora
2795 544 3011 611 calore

1813 631 1996 695 verbi
2027 641 2420 696 concremat.
2493 632 2762 698 Dudum
2793 656 3006 701 sacra·

1815 728 1903 785 ta.
1950 719 2059 784 Sit
2091 718 2230 783 laus
2253 721 2438 802 patri.
2470 721 2554 784 In
2577 732 2878 787 nocturno
2897 733 3006 789 αῆ.

1989 817 2132 873 ctus
2181 817 2282 872 est
2343 818 2611 891 repente
2697 810 2784 873 de
2857 812 3006 875 celo

1947 916 2146 961 sonus
2176 896 2580 962 advenientis
2599 899 2864 981 spiritus
2893 921 3004 964 ve-

1817 982 2144 1049 hementis
2201 983 2461 1049 alleluia
2547 986 2824 1051 alleluia.
2900 997 3005 1070 pf.

1818 1071 2106 1154 Magnus
2123 1071 2472 1138 dominus!
2513 1082 2618 1139 αῆ.
2669 1075 3008 1140 Confirma

1813 1158 1940 1225 hoe
1970 1162 2134 1225 deus
2159 1162 2339 1243 quod
2363 1173 2669 1243 operatus
2690 1184 2762 1227 es
2783 1163 2848 1227 in
2883 1184 3006 1227 no-

1815 1246 1918 1311 bis
1977 1269 2018 1311 a
2061 1248 2314 1331 templo
2371 1260 2601 1315 sancto
2652 1260 2770 1315 tuo
2820 1252 3004 1333 quod

1815 1344 1918 1399 est
1977 1337 2044 1399 in
2103 1336 2492 1403 hierusalem
2563 1338 2840 1404 alleluia.
2902 1350 3004 1421 pff.

1820 1424 2124 1507 Exurgat
2226 1426 2405 1491 deus.
2523 1428 2655 1491 Αῆ.
2749 1429 3008 1492 Emitte

1816 1512 2116 1595 spiritum
2145 1522 2333 1577 tuum
2365 1524 2433 1579 et
2461 1516 2891 1581 creabuntur:
2935 1526 3008 1581 et

1818 1602 2159 1664 renovabis
2225 1600 2460 1667 faciem
2517 1611 2688 1669 terre
2739 1604 3008 1669 alleluia

1817 1687 2098 1753 alleluia.
2172 1698 2270 1771 pf.
2363 1690 2668 1757 Benedic.
2771 1692 2894 1775 (ij.)
2956 1710 3006 1778 γ

1817 1775 2100 1859 Spiritus
2131 1778 2398 1845 domini.
2488 1780 2618 1843 Sec.
2631 1779 3006 1863 johannem.

1817 1867 1913 1997 J
1933 1885 1977 1929 n
2035 1864 2150 1929 illo
2200 1875 2538 1950 tempore:
2587 1869 2782 1933 Dixit
2810 1869 3006 1950 Jesus

1931 1953 2269 2036 discipulis
2291 1956 2441 2020 suis,
2534 1955 2757 2039 Siquis
2789 1956 3007 2039 diligit

1815 2061 1960 2106 me:
2027 2062 2395 2107 sermonem
2445 2063 2664 2108 meum
2701 2046 3006 2111 servabit.

1818 2129 1912 2193 Et
1933 2139 2120 2211 pater
2149 2150 2333 2195 meus
2379 2132 2610 2214 diliget
2638 2154 2789 2197 eum
2821 2144 2888 2198 et
2918 2134 3006 2197 ad

1818 2236 1970 2281 eum
2021 2220 2397 2285 veniemus:
2465 2232 2532 2284 et
2591 2222 3004 2286 mansionem

1817 2305 1993 2387 apud
2027 2326 2176 2370 eum
2209 2307 2538 2373 faciemus.
2587 2310 2675 2373 Et
2706 2311 2973 2393 reliqua.

1818 2394 2120 2457 Homelia
2149 2394 2319 2459 beati
2330 2398 2625 2479 gregorii
2627 2408 2807 2479 pape.

1817 2483 2143 2616 Hodie
2173 2503 2435 2568 nanque
2463 2486 2594 2569 spi·
2698 2484 2934 2570 [Lectio
2941 2487 3006 2569 j.

1994 2573 2154 2636 ritus
2173 2583 2436 2638 sanctus
2459 2577 2800 2658 repentino
2829 2577 3006 2640 soni-

1817 2669 1888 2724 tu
1920 2679 2117 2742 super
2161 2661 2516 2744 discipulos
2571 2663 2788 2728 venit:
2821 2684 3007 2728 rnen-

1815 2756 2047 2830 tesque
2077 2751 2432 2814 carnalium
2465 2752 2530 2816 in
2581 2753 2682 2815 sui
2713 2773 3008 2816 amorem

1816 2838 2226 2918 permutavit.
2319 2839 2410 2902 Et
2443 2839 2596 2903 foris
2633 2843 3007 2922 apparenti-

1817 2923 1940 2988 bus
2001 2924 2238 3008 linguis
2299 2927 2545 3009 igneis:
2592 2929 2766 2994 intus
2827 2928 3008 2994 sacta

1815 3017 1970 3076 sunt
1990 3015 2190 3077 corda
2209 3014 2615 3080 flammantia
2637 3038 2651 3080 ε
2672 3016 2828 3099 quia
2846 3017 3008 3082 dum

1816 3101 2017 3165 deum
2077 3102 2144 3165 in
2205 3104 2372 3185 ignis
2429 3105 2678 3168 visione
2735 3107 3006 3188 suscipi-

1820 3197 1983 3254 unt:
2027 3211 2146 3272 per
2189 3210 2482 3256 amorem
2527 3194 2810 3257 suaviter
2831 3195 3010 3258 intus

1820 3287 2134 3344 arserunt.
2175 3277 2292 3344 Re.
2363 3279 2544 3345 Dum
2602 3281 3010 3364 compleren-

1820 3374 1928 3429 tur
1956 3365 2098 3430 dies
2140 3367 2598 3449 penthecostes
2651 3380 2836 3434 erant
2865 3391 3008 3434 om-

1821 3473 1940 3518 nes
2013 3455 2255 3537 pariter
2323 3456 2620 3522 dicentes
2693 3457 2882 3522 all’a:
2941 3469 3009 3522 et

1820 3542 2041 3607 subito
2086 3543 2296 3606 factus
2351 3555 2456 3610 est
2496 3566 2696 3609 sonus
2739 3547 2826 3610 de
2866 3547 3012 3612 celo

1822 3629 1984 3695 all’a.
2046 3631 2396 3714 Tanquam
2433 3635 2697 3715 spiritus
2753 3643 3012 3700 torrens

1823 3718 2096 3801 replevit
2125 3728 2336 3786 totam
2366 3721 2642 3788 domum
2673 3722 2820 3787 all’a
2843 3723 3010 3788 all’a.

1824 3824 1871 3895 γ
1919 3806 2182 3890 Repleti
2255 3819 2409 3874 sunt
2485 3830 2716 3874 ornnes
2775 3812 3008 3893 spiritu

1822 3904 2052 3960 sancto
2079 3918 2093 3961 ε
2125 3906 2191 3961 et
2227 3909 2539 3980 ceperunt
2591 3899 2784 3981 loqui.
2833 3900 3014 3965 Tan-

1819 4003 2018 4066 quam
2049 3985 2328 4067 spirituS.
2694 3988 2908 4051 Lectio
2940 3988 3012 4069 ij.

1935 4093 2052 4154 pse
2111 4093 2376 4156 nanque
2434 4075 2696 4157 spiritus
2747 4085 3014 4140 sanctus

1934 4181 2123 4225 amor
2149 4171 2290 4227 est:
2337 4163 2514 4228 unde
2543 4173 2611 4228 et
2649 4163 3014 4246 johannes⁸

1917 4299 2250 4428 :23:335
2275 4298 2358 4414 el:

1919 4433 1938 4458 '¹
1979 4429 2263 4478 ‘est’addz
2301 4431 2360 4480 N.

1919 4499 1939 4527 ⁸
1967 4494 2214 4558 joannes:
2249 4496 2317 4546 N.
