3375 5100
872 394 1015 452 221

328 525 427 587 ge.
489 511 597 568 αῆ.
689 503 955 566 Fratres
1028 500 1397 584 glorificate
1472 511 1541 566 et

340 600 604 676 portate
622 591 969 655 dominum
1003 591 1071 653 in
1102 610 1372 672 corpore
1396 611 1541 654 ves-

342 690 462 745 tro,
496 679 809 744 Alleluia.
824 688 925 761 pf.
947 678 1353 760 Magnificat.
1391 679 1538 743 Oea.

342 773 616 902 Deus
648 769 761 850 qui
782 788 903 831 nos
924 769 993 831 in
1010 767 1215 831 tantis
1236 767 1541 849 periculis

498 858 894 920 constitutos
926 876 1047 938 pro
1093 855 1385 919 humana
1415 855 1542 918 scis

343 945 705 1027 fragilitate
738 964 871 1008 non
903 963 1097 1026 posse
1143 942 1497 1007 subsistere
1526 964 1541 1006 :

344 1036 434 1099 da
464 1032 657 1097 nobis
686 1033 970 1097 salutem
1002 1031 1243 1096 mentis
1289 1040 1358 1095 et
1401 1050 1543 1095 cor-

344 1123 563 1206 poris:
610 1131 685 1184 ut
744 1141 826 1184 ea
884 1141 1015 1203 que
1073 1139 1194 1202 pro
1254 1121 1545 1202 peccatis

347 1211 589 1274 nostris
678 1210 971 1291 patimur
1045 1216 1112 1272 te
1187 1208 1545 1288 adjuvante

345 1296 744 1363 vincamuS.¹
778 1317 894 1380 per
924 1297 1288 1360 dominum.

356 1387 582 1453 Cetera
614 1395 689 1448 ut
713 1396 931 1467 supra.

348 1474 601 1538 Lectio²
622 1473 703 1537 de
720 1473 1014 1556 apistolis
1023 1473 1050 1511 ⁸
1052 1472 1253 1554 pauli
1273 1471 1373 1535 ad
1388 1470 1545 1536 Gal-

350 1562 567 1628 latas.⁴
1269 1559 1487 1623 Lectio
1484 1559 1547 1642 j.

351 1649 695 1785 Paulus
728 1649 1034 1732 apotolus
1056 1669 1189 1712 non
1221 1648 1309 1712 ab
1337 1647 1549 1712 homi-

506 1739 700 1802 nibus
760 1759 976 1820 neque
1034 1757 1153 1820 per
1209 1737 1548 1801 hominem

352 1829 473 1891 sed
506 1847 624 1910 per
652 1828 881 1910 Jesum
904 1825 1239 1890 Christum
1260 1835 1329 1889 et
1347 1826 1548 1890 deum

355 1925 614 1999 patrem
691 1916 805 1998 qui
880 1914 1222 1978 suscitavit
1296 1933 1450 1978 eum
1512 1934 1553 1976 a

358 2005 673 2067 mortuis:
734 2011 803 2066 et
876 2003 987 2085 qui
1064 2021 1323 2066 mecum
1399 2009 1553 2065 sunt

356 2112 591 2156 omnes
639 2090 873 2155 fratres
922 2091 1211 2155 ecclesiis
1242 2089 1553 2172 galathie.

368 2181 657 2317 Gratia
682 2179 873 2242 vobis
900 2187 969 2242 et
1000 2199 1136 2262 pax
1230 2177 1464 2262 [Lectio
1482 2177 1554 2259 ij.

490 2290 531 2333 a
561 2270 691 2332 deo
721 2276 909 2350 patre
941 2275 1008 2331 et
1028 2265 1303 2330 domino
1326 2275 1555 2330 nostro

359 2357 521 2440 Jesu
570 2356 834 2421 Christo
881 2356 997 2437 qui
1030 2355 1215 2419 dedit
1244 2356 1557 2437 semetip-

360 2465 509 2508 sum
587 2465 707 2528 pro
766 2445 1055 2527 peccatis
1116 2443 1355 2506 nostris
1392 2465 1405 2506 :
1481 2451 1557 2506 ut

360 2534 642 2617 eriperet
695 2553 815 2596 nos
846 2533 933 2597 de
981 2533 1271 2616 presenti
1334 2531 1557 2595 seculo

358 2642 689 2705 nequam:
736 2622 1101 2686 secundum
1142 2622 1555 2685 voluntatem

362 2710 469 2774 dei
550 2720 617 2774 et
712 2712 921 2793 patris
995 2709 1202 2774 nostri
1276 2710 1381 2772 cui
1456 2718 1559 2773 est

360 2797 572 2882 gloria
662 2800 728 2861 in
833 2798 1053 2863 secula
1160 2797 1555 2861 seculorum.

362 2907 575 2951 amen.
1216 2886 1432 2949 Lectio
1462 2884 1559 2968 iij.

362 2976 707 3109 Miror
776 2974 955 3057 quod
1034 2976 1126 3039 sic
1210 2984 1350 3038 tam
1425 2974 1571 3038 cito·

574 3062 1109 3127 transferrimini⁶
1168 3062 1255 3126 ab
1316 3082 1397 3125 eo
1444 3062 1557 3145 qui

362 3172 481 3216 vos
509 3153 770 3215 vocavit
802 3151 868 3214 in
898 3152 1181 3234 gratiam
1216 3150 1457 3216 Christi
1490 3152 1557 3214 in

363 3239 543 3303 aliud
564 3240 1022 3322 evangelium:
1053 3260 1185 3303 non
1212 3239 1432 3321 quod⁶
1457 3248 1559 3304 est

364 3328 545 3391 aliud
606 3329 727 3391 nisi
788 3337 943 3391 sunt
1004 3327 1205 3410 aliqui
1267 3328 1381 3410 qui
1440 3349 1559 3391 vos

362 3416 799 3481 conturbant:
832 3425 900 3480 et
918 3415 1151 3480 volunt
1180 3427 1559 3481 convertere

364 3504 781 3588 evangelium
845 3504 1105 3569 Christi.
1209 3504 1345 3571 Sed
1406 3504 1560 3569 licet

366 3614 485 3657 nos
515 3593 620 3658 vel
652 3592 926 3676 angelus
970 3594 1057 3657 de
1101 3591 1247 3657 celo
1276 3613 1560 3677 evange-

364 3682 517 3745 lizet
546 3683 737 3745 vobis
767 3680 1232 3766 preterquam⁷
1277 3702 1563 3765 evange-

366 3770 707 3834 lizavimus
766 3770 953 3834 vobis
1028 3769 1383 3834 anathema
1456 3772 1559 3835 sit.

364 3860 701 3991 Modo
731 3858 907 3922 enim
932 3858 1143 3921 homi·
1180 3858 1414 3943 [Lectio
1434 3859 1557 3940 iiij.

568 3947 763 4011 nibus
793 3948 1043 4012 suadeo
1072 3948 1230 4012 aut⁸
1254 3947 1412 4011 deo:
1442 3956 1560 4011 aut

365 4056 569 4117 quero
587 4035 965 4099 hominibus
988 4036 1247 4118 placere
1273 4034 1299 4099 ?
1349 4035 1422 4100 Si
1444 4036 1560 4100 ad-

365 4124 491 4187 huc
523 4124 901 4187 hominibus
925 4123 1283 4207 placerem:
1316 4122 1559 4189 Christi

598 4269 613 4298 ¹
650 4268 941 4317 vincamur:
976 4266 1061 4317 W.

597 4335 617 4364 ²
651 4334 899 4383 Lectiones
910 4322 1026 4385 s'E.
1042 4334 1099 4383 G.
1118 4335 1193 4383 W.

596 4402 620 4497 ⁸⁴
646 4400 901 4515 egat-5:522
916 4400 982 4449 E
978 4401 1205 4517 aepistola
1226 4416 1243 4449 .·
1288 4402 1347 4451 G.

598 4534 617 4563 ⁸
652 4503 1033 4582 transferifflinii
1070 4532 1204 4583 ao.

991 285 1213 342 POST
1263 285 1366 342 OC
1370 285 1425 340 T
1418 285 1473 340 A
1492 285 1650 340 VAS
1696 286 2189 342 EPIPHANIE.

2151 395 2308 448 222

1618 511 1870 565 'servus
1899 521 2032 565 non
2065 520 2296 566 essem.
2375 501 2629 564 Notum
2662 501 2837 564 enim

1642 589 1831 654 vobis
1892 590 2062 654 facio
2122 589 2355 652 fratres
2420 589 2835 670 evangelium

1644 679 1825 761 quod
1889 678 2414 761 evangelizatum
2477 686 2579 740 est
2627 699 2667 740 a
2731 698 2838 741 me

1644 768 1802 849 quia
1821 787 1954 830 non
1973 776 2076 830 est
2099 766 2458 830 secundum
2481 764 2838 829 hominem.

1644 857 1999 987 Neque
2021 857 2198 919 enim
2221 854 2308 917 ab
2324 853 2536 917 homi·
2581 853 2746 937 [Lec.
2779 875 2839 918 v.

1833 965 1915 1006 ne
1965 965 2092 1026 ego
2142 943 2365 1024 accepi
2413 942 2576 1005 illud
2625 961 2840 1025 neque

1647 1031 1848 1096 didici
1873 1054 1886 1094 :
1911 1032 2028 1096 sed
2055 1052 2171 1114 per
2193 1029 2662 1094 revelationem
2682 1031 2840 1111 Jesu

1649 1119 1909 1185 Christi.
2001 1120 2306 1183 Audistis
2348 1120 2526 1183 enim
2574 1139 2843 1183 conver-

1646 1209 1974 1271 sationem
2050 1228 2266 1273 meam
2343 1207 2700 1289 aliquando
2775 1209 2841 1270 in

1642 1295 1980 1377 judaismo
2005 1297 2320 1378 quoniam
2345 1317 2544 1379 supra
2568 1295 2844 1359 modum

1647 1385 2091 1468 persequebar
2119 1384 2462 1448 ecclesiam
2487 1385 2595 1448 dei
2629 1393 2696 1448 et
2727 1404 2844 1446 ex-

1649 1474 2030 1556 pugnabam
2063 1472 2262 1536 illam.
2529 1471 2740 1536 Lectio
2757 1473 2847 1555 vj.

1662 1563 1902 1695 Cum
1935 1569 2159 1625 autem
2192 1560 2438 1644 placuit
2479 1562 2537 1625 ei
2581 1561 2698 1645 qui
2743 1581 2846 1624 se-

1789 1651 2090 1732 gregavit
2121 1670 2228 1713 me
2259 1649 2344 1714 de
2391 1659 2578 1714 utero
2619 1651 2846 1713 matris

1650 1758 1836 1802 mee:
1881 1747 1950 1801 et
1978 1739 2241 1802 vocavit
2272 1759 2390 1820 per
2418 1739 2702 1821 gratiam
2735 1759 2843 1802 su-

1650 1846 1762 1890 am
1795 1835 1870 1890 ut
1915 1825 2232 1890 revelaret
2275 1826 2485 1891 filium
2533 1847 2728 1890 suum
2779 1827 2846 1889 in

1653 1935 1760 1978 me
1821 1923 1898 1976 ut
1955 1911 2478 1996 evangelizarem
2539 1915 2728 1978 illum
2779 1916 2846 1977 in

1649 2002 1999 2086 gentibus:
2041 2003 2354 2065 continuo
2385 2021 2520 2065 non
2551 2003 2848 2084 acquievi

1652 2091 1830 2156 carni
1877 2099 1945 2154 et
1989 2090 2335 2172 sanguini:
2382 2109 2598 2172 neque
2638 2089 2848 2154 enim⁹

1652 2179 1804 2244 veni
1863 2177 2352 2242 hierosolimam
2407 2178 2494 2242 ad
2555 2189 2850 2243 anteces-

1652 2287 1835 2332 sores
1888 2287 2072 2330 meos
2122 2265 2502 2349 apostolos:
2552 2266 2670 2330 sed
2717 2267 2848 2330 abii

1656 2357 1723 2420 in
1785 2355 2078 2419 arabiam
2139 2363 2208 2419 et
2268 2355 2504 2419 iterum
2555 2375 2851 2419 reversus

1656 2465 1805 2508 sum
1839 2445 2240 2508 damascum.
2311 2443 2444 2508 Sec.
2485 2443 2848 2508 Matheum.
2963 2517 2969 2522 ,

1659 2535 1810 2667 In
1863 2532 1976 2597 illo
2027 2541 2372 2617 tempore:
2417 2532 2851 2599 Ascendente

1764 2622 1924 2704 Jesu
2001 2622 2068 2685 in
2145 2621 2552 2687 naviculam:
2643 2623 2850 2687 secuti

1658 2720 1814 2774 sunt
1844 2730 1996 2774 eum
2031 2710 2331 2794 discipuli
2363 2711 2521 2793 ejus.
2578 2712 2672 2776 Et
2702 2732 2853 2776 ecce

1662 2808 1882 2863 motus
1913 2819 2194 2881 magnus
2217 2799 2430 2865 factus
2453 2809 2556 2864 est
2575 2802 2643 2865 in
2671 2802 2851 2866 mari.

1664 2888 1757 2952 Et
1789 2888 2056 2969 reliqua.

1662 2976 1920 3041 Omelia
1938 2976 2222 3058 origenis
2235 2976 2526 3041 doctoris.
2576 2978 2712 3041 Lec.
2735 2978 2853 3059 vij.

1658 3066 2072 3196 Ingressus
2119 3084 2276 3147 ergo
2324 3066 2695 3130 naviculam
2737 3066 2855 3129 do-

1767 3154 1983 3216 minus
2013 3152 2280 3217 fratres:
2324 3153 2478 3217 fecit
2511 3174 2690 3218 mare
2719 3163 2856 3217 tur-

1660 3241 1820 3305 bari.
1913 3240 2293 3306 Commovit
2321 3251 2591 3306 ventos:
2637 3243 2857 3306 conci-

1661 3330 1829 3393 tavit
1889 3328 2142 3394 fluctus
2235 3330 2373 3395 Cur
2424 3330 2596 3394 hoc?
2689 3330 2854 3393 Ideo

1660 3427 1735 3481 ut
1788 3418 2144 3501 discipulos
2199 3418 2491 3482 mitteret
2544 3420 2611 3481 in
2657 3419 2853 3481 timo-

1662 3527 1799 3569 rem
1832 3528 1846 3570 :
1885 3517 1952 3569 et
1983 3526 2174 3569 suum
2209 3504 2532 3569 auxilium
2563 3505 2855 3587 postula-

1660 3604 1844 3659 rent:
1877 3614 2198 3675 suamque
2218 3594 2586 3675 potentiam
2619 3614 2854 3675 rogan-

1659 3682 1838 3745 tibus
1869 3681 2334 3745 manifestaret.
2470 3681 2680 3745 Lectio
2710 3682 2853 3764 viij.

1658 3770 2076 3904 Dominus
2127 3790 2284 3833 vero
2331 3770 2545 3852 inquit
2574 3790 2856 3854 evange-

1816 3858 1967 3923 lista
1998 3858 2384 3923 dormiebat.
2463 3858 2856 3924 Dormiebat

1658 3948 1932 4031 quidem
1993 3967 2264 4031 corpore
2293 3968 2308 4011 :
2368 3947 2486 4011 sed
2534 3948 2858 4031 vigilabat

1660 4036 1924 4100 deitate.
1976 4036 2366 4101 Dormiebat
2379 4057 2536 4101 vero
2554 4059 2856 4121 corpore:

1660 4124 1910 4189 deitate
1939 4145 2095 4189 vero
2117 4125 2493 4190 concitabat
2525 4148 2742 4193 mare:
2789 4135 2857 4191 et

1896 4272 1916 4300 ⁸
1949 4270 2086 4335 quod
2109 4285 2242 4320 non:
2278 4270 2506 4321 E.G.W.

1892 4340 1914 4433 ἔ
1944 4336 2329 4467 ῥὲἒῖἶᾷβᾶέῃὲ
2343 4338 2425 4452 (ἒ.
2435 4404 2500 4453 G.

1897 4472 1917 4499 ⁹
1956 4475 1969 4497 ‘
1989 4469 2154 4519 enim’
2179 4484 2316 4518 om.:
2353 4468 2578 4520 E.G.W.
