3375 5100
1485 306 1590 362 IN
1641 305 1947 362 VJGJLJA

1055 416 1194 470 155

502 520 830 584 declinare
917 520 1272 603 fugiendo:
1351 541 1502 586 cum
1567 521 1695 584 hoc

503 611 700 673 deum
733 629 810 674 ac
841 609 1190 674 dominum
1221 629 1416 674 suum
1462 609 1697 673 secisse

505 698 964 762 meminerunt.
1375 698 1591 762 Lectio
1609 697 1695 780 vj.

501 787 918 920 Squidem
981 786 1120 869 ipse
1181 787 1294 868 qui
1354 795 1496 850 erat
1559 787 1695 850 suis

625 885 1092 958 precepturus:
1140 893 1290 938 cum
1321 895 1439 938 vos
1475 895 1693 956 perse-

503 965 639 1027 cuti
659 963 935 1026 fuerint
917 983 986 1025 m
1004 963 1272 1026 civitate
1292 965 1455 1026 ista:
1487 962 1696 1045 sugite

505 1052 570 1114 in
603 1050 818 1116 aliam.
913 1051 1098 1115 Prius
1130 1051 1284 1116 fecit
1324 1050 1502 1133 quod
1551 1071 1697 1132 pre-

505 1141 680 1220 cepit
742 1139 1055 1222 fugiendo
1113 1139 1452 1204 hominem
1505 1139 1695 1220 quasi

503 1227 709 1291 homo
784 1228 850 1291 in
925 1237 1142 1292 terra:
1218 1248 1417 1310 quem
1486 1227 1699 1309 magis

503 1315 705 1398 paulo
743 1325 898 1379 ante
940 1317 1332 1380 monstravit
1375 1315 1568 1379 stella
1612 1315 1699 1378 de

505 1405 665 1468 celo,
721 1403 921 1487 Quod
940 1425 1096 1468 vero
1119 1403 1432 1468 defuncto
1455 1403 1701 1468 herode

505 1492 744 1557 iterum
763 1492 1001 1573 angelo
1023 1503 1334 1558 monente
1351 1493 1436 1556 ad
1458 1502 1700 1556 terram

505 1580 698 1643 israel
775 1601 1070 1644 reversus
1146 1591 1245 1643 est
1281 1603 1296 1644 :
1372 1580 1701 1662 significat

507 1669 776 1732 eosdem
813 1668 1059 1732 electos
1089 1679 1241 1750 post
1271 1669 1701 1751 comprehen-

505 1778 648 1820 sam
681 1757 1118 1821 hereticorum
1151 1757 1535 1821 facultatem
1561 1757 1578 1794 ¹
1611 1757 1697 1821 ad

503 1847 802 1929 proprias
855 1847 1045 1908 sedes
1106 1867 1250 1910 esse
1309 1866 1699 1910 reversuros

508 1933 626 1997 Re.
677 1933 963 1998 Centum
985 1934 1444 2017 quadraginta.
1506 1952 1553 2021 y
1603 1935 1699 1999 Hi

511 2023 719 2105 empti
781 2033 936 2086 sunt
1010 2032 1070 2086 et
1141 2033 1342 2086 cetera
1391 2024 1508 2086 sad
1557 2023 1701 2086 sine

487 2121 704 2192 prosa.
781 2120 881 2193 pf.
967 2111 1069 2174 Te
1098 2111 1298 2176 deum
1331 2111 1699 2176 laudamus,

504 2216 551 2285 y
597 2200 921 2264 Mirabilis
953 2200 1134 2264 deuS.

589 2288 674 2351 In
683 2287 1248 2352 laudibusltecsola
1257 2297 1363 2351 αῆ.
1393 2288 1699 2352 Herodes

503 2377 722 2441 iratuS.
799 2386 898 2459 ps’:
991 2376 1319 2440 Dominus
1381 2378 1699 2459 regnavit.

507 2464 897 2546 Capitulum.
965 2465 1121 2529 Vidi
1153 2485 1352 2546 supra
1383 2475 1699 2530 montem.

501 2554 704 2633 Hym.
801 2554 954 2617 Rex
997 2553 1280 2636 gloriose
1313 2564 1698 2635 martyrum.

506 2658 553 2727 y
583 2642 755 2723 Justi
783 2653 1006 2705 autem
1056 2644 1564 2725 imperpetuum.
1613 2642 1701 2705 In

501 2730 826 2811 evangelio
854 2739 960 2793 αῇ.
1055 2730 1149 2794 Hi
1195 2740 1348 2794 sunt
1393 2731 1508 2813 qui
1543 2752 1697 2795 cum

503 2818 898 2882 mulieribus
932 2827 1032 2899 ps.
1085 2818 1494 2883 Benedictus
1549 2819 1696 2885 Ono.

503 2906 688 2970 Deus
720 2906 905 2987 cujus
944 2907 1278 2973 hodierna.
1369 2908 1700 2972 Memoria

499 2994 864 3058 dedomina
891 3004 996 3058 an.
1087 2996 1264 3059 Ecce
1297 2997 1521 3061 maria.

589 3084 715 3147 Ad
751 3084 1048 3165 primam
1105 3093 1214 3147 an.
1307 3084 1375 3149 A
1421 3085 1693 3149 bimatu.

486 3180 587 3253 ps.
682 3173 867 3236 Deus
897 3173 963 3235 in
995 3174 1279 3237 nomine.
1367 3173 1494 3237 Ad
1515 3174 1701 3255 psal-

502 3281 680 3323 mum
759 3260 1155 3344 Quicunque
1221 3260 1380 3326 vult.
1475 3271 1564 3325 an*
1619 3263 1703 3327 de

499 3349 812 3414 trinitate.
887 3350 1002 3414 Re.
1079 3350 1238 3432 Jesu
1295 3349 1570 3415 Christe.
1648 3368 1699 3437 γ

501 3437 634 3521 Qui
666 3438 750 3502 de
779 3438 1048 3521 virgine.
1109 3448 1213 3503 etc.
1267 3438 1697 3521 Responsoria

497 3526 597 3591 ad
630 3526 826 3590 horas
885 3548 1029 3591 cum
1075 3527 1225 3591 all’a
1267 3526 1578 3591 dicantur
1623 3528 1697 3591 in

497 3637 870 3699 quacunque
907 3616 1016 3679 die
1056 3627 1431 3679 octavarum
1483 3638 1697 3680 evene-

497 3706 634 3769 rit.²
671 3704 814 3787 Cap.
837 3704 1046 3769 oratio
1067 3715 1132 3769 et
1147 3715 1351 3769 cetera
1381 3714 1459 3769 ut
1480 3704 1548 3767 in
1571 3705 1691 3770 die.

500 3793 588 3857 Si
614 3794 936 3857 dominica
979 3794 1073 3858 sit
1099 3804 1350 3875 vespere
1387 3794 1699 3858 dicantur

495 3882 576 3944 de
605 3881 1034 3947 innocentibus
1072 3903 1218 3945 cum
1263 3883 1572 3947 memoria
1615 3883 1697 3945 de

496 3980 720 4033 sancta
766 3971 1001 4034 maria.
1096 3980 1206 4034 an.
1300 3970 1362 4036 O
1411 3972 1693 4035 admira-

499 4056 650 4121 bile.
732 4058 819 4121 Si
865 4069 1080 4122 autem
1139 4059 1444 4123 sabbato³
1474 4059 1699 4141 suerit

503 4145 600 4208 ita
626 4145 768 4227 fiat
808 4147 907 4209 ad
945 4158 1238 4228 vesperas
1286 4157 1391 4213 an.
1440 4148 1696 4213 Tecum

498 4235 910 4317 principium.
969 4256 1112 4297 cum
1143 4235 1301 4298 aliis
1327 4237 1701 4319 antiphonis

495 4322 912 4409 sequentibus.
1004 4323 1091 4386 In
1135 4323 1292 4391 aliz‘s
1321 4346 1466 4389 vero
1495 4326 1701 4407 senis·

634 4524 644 4553 ¹
679 4521 984 4577 salsitatem.-
1023 4522 1244 4575 E.G.W.
1293 4552 1304 4567 ·

1453 4527 1472 4555 ²
1504 4528 1779 4575 evenerint:
1817 4529 1952 4577 Est.
1974 4528 2045 4577 W.

2322 413 2463 468 156

1794 519 2057 582 dicatur
2131 539 2266 582 una
2356 517 2707 600 antiphona
2802 527 2995 597 super

1780 609 2085 690 psalmos.
2142 607 2290 688 Cap.
2338 605 2783 690 Multipharie.
2846 605 2991 684 Hy-

1796 717 1989 760 mnus
2056 695 2127 760 A
2188 695 2345 759 solis
2406 705 2605 758 ortus,
2698 711 2745 780 y
2814 693 2993 756 Tan·

1796 805 1997 867 quam
2028 804 2327 867 sponsus
2416 783 2501 846 In
2528 781 2856 864 evangelio
2882 789 2989 844 aii.

1800 875 2119 936 Nesciens
2151 883 2377 936 mater.
2423 881 2525 953 ps'.
2580 869 2989 952 Magnificat.

1802 962 2031 1028 Oratio
2088 960 2509 1024 dominicalis.
2600 959 2811 1022 Nulla
2864 979 2991 1022 me-

1798 1051 2024 1115 moria.

1802 1143 1865 1216 ff
1895 1138 1979 1201 In
2012 1137 2248 1220 vigilia
2276 1135 2607 1220 epiphanie
2620 1135 2761 1218 fiat
2785 1135 2993 1198 servi-

1798 1227 1965 1294 tium
1995 1227 2073 1288 de
2102 1227 2340 1308 vigilia
2384 1235 2445 1289 et
2488 1246 2612 1288 non
2656 1225 2735 1288 de
2774 1233 2992 1288 sancto

1800 1315 1869 1378 E
1870 1315 2177 1378 dwardo
2174 1337 2187 1350 ·
2256 1315 2375 1377 sed
2438 1313 2787 1414 differatur
2856 1313 2993 1394 ejus

1785 1403 2039 1485 festum
2086 1424 2285 1485 usque
2335 1403 2405 1465 in
2456 1403 2815 1465 crastinum
2862 1401 2991 1500 epi-

1784 1491 2044 1573 phanie.
2146 1491 2385 1554 Tamen
2442 1493 2509 1554 si
2566 1490 2634 1554 in
2707 1489 2989 1552 crastino

1798 1579 2355 1662 epiphaniefuerit
2366 1580 2506 1644 dies
2521 1579 2887 1643 dominica:
2916 1578 2989 1640 in

1800 1669 1917 1732 illa
1929 1669 2035 1731 die
2048 1668 2301 1731 dicetur
2323 1669 2402 1732 de
2415 1678 2631 1732 sancto
2648 1667 2985 1746 waellelmo:

1796 1745 1857 1819 et
1883 1758 1991 1820 die
2015 1757 2167 1820 lune
2191 1757 2271 1820 de
2294 1767 2510 1820 sancto
2538 1758 2607 1818 E
2606 1756 2893 1819 dwardo

1803 1850 1866 1923 ff
1912 1845 1995 1908 In
2029 1844 2265 1926 vigilia
2293 1844 2633 1945 epiphanie.
2992 1909 2999 1916 ‚

1885 1934 2009 1996 Ad
2093 1935 2457 1996 matutinas
2514 1931 2987 1996 invitatorium.

1802 2022 2099 2087 Christus
2132 2031 2325 2086 natus
2356 2031 2473 2086 est.
2551 2031 2649 2102 ps.
2730 2020 2989 2086 Venite.

1798 2111 2107 2191 Hymnus
2124 2110 2383 2176 Christe
2408 2111 2803 2192 redemptor.
2854 2109 2985 2172 Αῆ.

1800 2199 2129 2262 Dominus
2152 2199 2342 2264 dixit.
2434 2197 2700 2264 Psalmi
2724 2197 2892 2260 sicut
2918 2196 2989 2260 in

1795 2287 2248 2352 circuncisione
2281 2287 2535 2360 domini
2576 2287 2695 2350 sub
2734 2286 2855 2349 hac
2880 2293 2987 2348 αῆ.

1800 2393 1847 2462 y
1894 2377 2248 2459 Tanquam
2280 2397 2577 2460 sponsus.

1798 2468 1949 2598 ln
1982 2465 2094 2529 illo
2120 2473 2287 2528 tem·
2369 2465 2558 2548 [Scd’
2564 2485 2645 2528 m.
2680 2461 2987 2526 Math’m.

1906 2576 2102 2637 pore:
2138 2554 2473 2619 Defuncto
2502 2554 2794 2617 herode·
2832 2572 2986 2616 ecce

1798 2642 2075 2724 angelus
2109 2644 2358 2707 domini
2394 2643 2701 2725 apparuit
2722 2643 2789 2704 in
2813 2661 2989 2704 som-

1800 2732 1901 2795 nis
1970 2730 2209 2814 joseph
2276 2733 2343 2795 in
2410 2741 2667 2814 egypto
2742 2730 2988 2793 dicenS.

1803 2820 2016 2902 Surge
2047 2830 2114 2884 et
2164 2822 2391 2903 accipe
2422 2840 2699 2903 puerum
2732 2828 2800 2881 et
2850 2837 2991 2880 ma·

1801 2919 1971 2971 trem
2034 2910 2175 2991 ejus
2241 2920 2309 2972 et
2368 2910 2540 2972 vade
2602 2908 2667 2971 in
2744 2916 2987 2969 terram

1800 2997 2009 3061 israel.
2104 2998 2419 3061 Defuncti
2458 3007 2614 3060 sunt
2660 2997 2840 3058 enim
2874 2994 2988 3077 qui

1799 3087 2167 3167 querebant
2234 3088 2525 3149 animam
2604 3084 2803 3168 pueri.
2898 3082 2990 3146 Et

1800 3174 2049 3257 reliqua
2122 3174 2374 3240 Omelia
2434 3174 2603 3237 beati
2650 3170 2995 3254 augustini

1797 3263 2079 3345 episcopi.
2698 3259 2916 3324 Lectio
2928 3261 2987 3342 j.

1992 3351 2219 3416 functo
2228 3361 2452 3415 autem
2465 3350 2731 3414 herode:
2749 3349 2991 3414 Obitus

1951 3441 2197 3522 quippe
2250 3440 2556 3503 herodis:
2633 3438 2989 3502 terminum

1797 3527 2181 3593 intentionis
2242 3529 2576 3593 maliciose
2623 3549 2757 3610 qua
2816 3522 3003 3589 nunc*

1796 3627 2025 3681 contra
2056 3616 2399 3682 ecclesiam
2439 3617 2643 3699 judea
2680 3614 2848 3679 sevit
2894 3614 2992 3678 in·

1795 3708 2029 3771 sinuat.
2105 3707 2278 3770 Ecce
2304 3707 2577 3788 angelus
2596 3704 2847 3768 domini
2874 3724 2994 3784 ap-

1796 3796 2011 3877 paruit
2034 3796 2101 3858 in
2125 3797 2373 3858 somnis
2392 3794 2627 3876 joseph
2650 3794 2715 3856 in
2740 3802 2991 3875 egypto

1794 3883 2038 3947 dicens,
2116 3884 2327 3965 Surge
2359 3893 2427 3946 et
2458 3884 2681 3963 accipe
2713 3901 2989 3964 puerum

1795 3980 1861 4035 et
1883 3983 2163 4037 matrem
2197 3973 2338 4054 ejus
2358 3982 2425 4035 et
2462 3971 2631 4035 vade
2657 3971 2720 4033 in
2747 3981 2989 4034 terram

1798 4061 2004 4124 israel.
2100 4061 2179 4125 In
2232 4061 2483 4125 somnis
2542 4060 2668 4123 hoc
2731 4076 2995 4139 semper

1799 4149 2167 4232 significat:
2199 4150 2357 4232 quia
2388 4148 2664 4212 mortuis
2696 4147 2947 4211 mundo
2974 4168 2990 4210 ε

1800 4239 2020 4320 angeli
2045 4248 2199 4302 sunt
2223 4246 2576 4321 presentes,
2624 4236 2737 4299 Re.
2770 4234 2991 4317 Quem

1798 4328 2069 4391 vidistis,
2163 4344 2210 4413 y
2257 4327 2495 4390 Dicite.
2676 4324 2890 4388 Lectio
2922 4323 2990 4405 ij.

2276 4530 2295 4559 ³
2326 4527 2574 4577 sabbatum
2595 4542 2611 4575 .·
2645 4525 2713 4575 Ε.
2728 4526 2782 4575 G.
