3375 5100
1594 350 1956 405 RUBRJCA

1058 460 1212 515 555

529 563 863 629 lectionum
920 566 1255 648 contigerit
1276 588 1301 629 .·
1373 564 1728 647 differatur

530 654 627 715 ad
661 654 915 735 feriam
966 656 1223 717 tertiam
1275 653 1380 718 vel
1430 654 1637 718 aliam
1678 673 1724 716 a

510 746 690 823 jesto
740 743 827 806 ix.
870 742 1207 807 lectionum
1250 743 1551 824 proximo
1608 762 1727 805 va-

526 840 770 893 cantem
796 852 821 893 .·
862 840 926 894 et
953 831 1303 913 incipiatur
1316 830 1590 894 historia
1608 850 1726 893 suo

522 918 670 985 loco.
746 919 843 983 Et
854 920 921 982 si
927 919 1113 1000 sorte
1131 920 1201 983 in
1221 920 1331 982 illo
1350 919 1457 981 die
1469 918 1726 1001 quando

518 1008 617 1091 fit
671 1009 1020 1071 servitium
1076 1007 1159 1071 de
1208 1017 1427 1071 sancto
1470 1007 1724 1088 festum

538 1096 642 1177 iij.
674 1095 1009 1158 lectionum
1038 1095 1378 1177 contigen't
1395 1118 1421 1158 .·
1463 1104 1722 1158 tantum

528 1184 837 1246 memoria
865 1184 1004 1267 fiat
1047 1184 1128 1246 de
1172 1204 1239 1247 eo
1258 1206 1284 1247 .·
1309 1193 1723 1265 preterquam

528 1272 612 1334 de
647 1281 865 1334 sancto
908 1272 1177 1335 Bertino
1200 1295 1226 1336 .-
1268 1271 1351 1335 de
1390 1293 1511 1353 quo
1537 1272 1730 1355 fiunt

530 1359 733 1423 medie
761 1360 1047 1423 lectiones
1066 1360 1211 1423 licet
1232 1360 1488 1441 festum
1515 1359 1730 1423 sancti

536 1448 867 1513 Cuthberti
895 1448 1340 1529 transferatur
1354 1471 1378 1513 :
1407 1458 1610 1530 prout
1636 1447 1734 1511 ad

530 1536 772 1599 dictum
810 1536 1063 1617 jestum
1108 1546 1387 1601 notatur.
1475 1538 1561 1599 In
1585 1536 1726 1619 ipsa

530 1644 678 1687 vero
706 1624 1027 1688 dominica
1058 1625 1242 1688 nulla
1250 1625 1392 1708 fiat
1416 1624 1728 1688 memoria

530 1712 611 1775 de
639 1714 817 1794 sesto
878 1713 962 1777 ix.
1014 1713 1366 1778 lectionum.
1410 1713 1585 1795 quod
1633 1712 1732 1776 sic

531 1801 936 1881 transfertur
950 1825 977 1867 .·
1018 1822 1217 1884 usque
1269 1802 1366 1865 ad
1416 1801 1728 1865 secundas

530 1900 817 1971 vesperas
840 1890 910 1953 in
938 1889 1259 1954 dominica
1272 1912 1297 1954 .·
1337 1900 1402 1953 et
1444 1890 1540 1955 ibi
1567 1890 1726 1953 inci-

516 1978 757 2060 piatur
790 1976 889 2041 ad
926 1979 1278 2060 capitulum
1335 1979 1417 2042 de
1462 1988 1678 2041 sancto
1697 2000 1726 2043 .·

527 2066 683 2149 quia
710 2066 725 2104 ¹
747 2068 1243 2149 quandocunque
1240 2069 1493 2150 festum
1514 2066 1728 2130 sancti

527 2156 807 2237 alicujus
866 2156 951 2219 ix.
994 2156 1329 2219 lectionum
1372 2155 1681 2237 differtur
1703 2178 1730 2218 .-

530 2243 713 2307 nulla
788 2244 1099 2307 memoria
1128 2244 1266 2327 fiat
1333 2244 1413 2306 de
1466 2254 1724 2307 sancto:

526 2352 845 2415 quousque
849 2334 1107 2415 festum
1136 2333 1347 2415 ipsum
1376 2332 1732 2414 incipiatur

527 2420 845 2484 celebrari.
968 2420 1486 2503 Quandocunque
1577 2441 1727 2483 vero

524 2508 632 2571 die
656 2508 977 2574 dominica
1004 2509 1180 2574 debet
1196 2508 1361 2592 fieri
1384 2508 1726 2573 servitium

528 2597 907 2662 dominicale
928 2621 953 2660 .·
1023 2598 1089 2662 si
1140 2599 1409 2662 amittat
1462 2599 1726 2680 primas

529 2697 819 2767 vesperas
859 2696 1127 2769 propter
1186 2685 1418 2768 dupla
1470 2687 1726 2768 festum

514 2774 852 2856 precedens
875 2774 943 2838 in
962 2775 1069 2837 a'ie
1088 2774 1381 2838 sabbati:
1422 2787 1485 2838 et
1508 2795 1725 2837 secun-

525 2862 650 2924 das
679 2872 967 2942 vesperas
985 2871 1244 2945 propter
1268 2861 1463 2926 aliud
1468 2863 1724 2944 festum

530 2949 617 3013 ix.
648 2950 980 3014 lectionum
1008 2973 1271 3034 sequens
1300 2951 1369 3014 in
1398 2951 1507 3014 die
1530 2950 1681 3014 lune
1699 2974 1726 3016 .·

526 3039 607 3101 de
633 3059 707 3100 ea
721 3038 847 3121 fiet
872 3040 1180 3104 memoria
1210 3039 1279 3103 in
1308 3039 1417 3103 die
1427 3039 1683 3103 sabbati
1699 3063 1724 3104 .·

526 3136 587 3189 et
614 3126 722 3189 die
738 3128 1058 3191 dominica
1100 3149 1243 3191 cum
1289 3128 1635 3210 antiphona
1662 3137 1730 3191 et

527 3215 814 3279 oratione
828 3217 925 3278 ad
937 3216 1119 3280 illam
1142 3217 1529 3279 dominicam
1550 3216 1724 3280 ordi-

527 3304 739 3367 natim
784 3305 1259 3387 pertinentibus
1278 3329 1303 3368 .·
1377 3305 1513 3368 nisi
1570 3315 1725 3367 tem-

517 3404 671 3474 pore
693 3393 1033 3475 paschali:
1074 3393 1230 3476 quia
1290 3403 1441 3456 tunc
1494 3393 1731 3476 sufficit

526 3481 836 3545 memoria
878 3481 956 3545 de
1000 3487 1463 3546 resurrectione.
1513 3487 1576 3560 (Ι
1622 3483 1728 3544 De

513 3572 719 3651 sestis
750 3571 834 3634 ix.
857 3571 1723 3652 lectionumcontingentibus.

530 3659 587 3723 S
589 3660 618 3722 i
660 3681 806 3723 vero
820 3660 1071 3741 festum
1105 3660 1187 3724 ix.
1220 3660 1555 3722 lectionum
1600 3659 1724 3722 mi-

528 3749 703 3810 nime
751 3749 985 3829 duplex
1026 3749 1095 3811 in
1146 3748 1469 3812 dominica
1520 3768 1725 3829 quan-

527 3837 609 3898 do
676 3857 803 3900 non
864 3848 959 3900 est
1020 3837 1379 3900 inchoanda
1445 3836 1724 3900 historia

526 3925 803 3988 evenerit
820 3949 845 3989 .·
888 3935 1092 3989 totum
1134 3926 1395 3990 dicatur
1436 3924 1514 3988 de
1550 3925 1725 4005 festo

528 4013 635 4076 vel
673 4014 753 4076 de
799 4014 1121 4078 dominica
1143 4039 1167 4078 .·
1225 4015 1360 4078 nisi
1410 4013 1725 4094 processio

527 4111 787 4164 tantum
812 4125 837 4166 :
895 4113 1308 4186 preterquam
1372 4103 1440 4166 in
1488 4103 1723 4165 ultima

526 4190 847 4253 dominica
919 4201 1070 4254 ante
1138 4192 1487 4254 adventum
1514 4214 1539 4254 .·
1632 4190 1730 4254 ibi

527 4279 701 4341 enim
734 4279 984 4359 festum
1034 4281 1118 4343 ix.
1182 4281 1511 4343 lectionum
1560 4279 1725 4342 cedit

530 4367 637 4431 illi
654 4367 967 4432 dominice
997 4379 1200 4451 prout
1240 4377 1509 4432 notatur
1535 4368 1724 4449 infra

830 4506 841 4533 ¹
886 4504 1035 4567 ‘quia
1056 4504 1069 4526 ’
1104 4521 1195 4553 om.
1222 4522 1239 4552 .·
1278 4505 1345 4552 N.

827 4574 844 4601 ²
877 4571 1140 4635 differtur:
1176 4572 1244 4620 N.

2337 459 2490 515 556

1821 563 1893 627 in
1943 561 2104 627 serie
2167 560 2640 629 dominicarum
2697 566 3030 629 dominica

1821 674 1970 717 χειν.
2021 651 2110 717 Si
2133 662 2348 716 autem
2377 654 2636 735 quando
2665 654 3034 717 inchoanda

1821 750 1918 805 est
1956 741 2232 805 historia
2271 742 2523 822 festum
2569 742 2655 806 ix.
2685 742 3031 805 lectionum

1819 830 2160 911 contigerit
2177 855 2200 889 .·
2228 829 2580 911 differatur
2597 830 2621 867 ²
2636 830 2890 912 festum
2915 852 3028 893 us-

1823 938 1946 1000 que
1985 920 2056 981 in
2112 919 2470 982 crastinum
2508 928 2712 1000 prout
2757 929 3038 981 notatur

1817 1016 2017 1088 supra
2045 1004 2126 1069 de
2148 1005 2423 1070 historia
2469 1007 2656 1071 Deus
2703 1008 3026 1071 omnium.

1819 1093 2169 1176 Excipitur
2209 1105 2422 1158 tamen
2453 1097 2709 1177 festum
2751 1096 3026 1159 decolla-

1822 1182 2018 1245 tionis
2045 1183 2259 1247 sancti
2283 1182 2604 1265 johannis
2653 1183 2922 1267 baptiste
2957 1184 3032 1247 si

1821 1270 1894 1334 in
1933 1270 2253 1334 dominica
2309 1271 2627 1335 evenerit:
2669 1272 2827 1354 quia
2870 1282 3032 1335 tunc

1803 1358 1934 1441 fiet
1943 1369 2148 1440 prout
2173 1359 2270 1424 ibi
2319 1359 2695 1424 invenietur.
2787 1360 2888 1423 Et
2913 1383 3022 1423 ex-

1825 1447 2157 1529 cipiuntur
2179 1456 2398 1511 octave
2405 1448 2703 1531 precipue
2743 1469 2865 1531 que
2897 1470 3030 1513 non

1823 1535 2225 1617 differuntur
2233 1557 2343 1599 nec
2365 1536 2812 1619 anticipantur
2829 1548 3027 1619 prop-

1825 1633 1934 1687 ter
1968 1624 2424 1688 inchoationem
2467 1625 2746 1689 historie.
2797 1624 3029 1703 Quan-

1822 1712 1906 1775 do
1935 1722 2149 1776 autem
2178 1712 2455 1777 historia
2482 1714 2800 1795 exaliqua
2821 1734 3024 1777 causa

1823 1801 2260 1883 suprascripta
2291 1802 2416 1864 loco
2443 1822 2558 1866 suo
2587 1802 2878 1866 inchoari
2893 1822 3022 1865 non

1820 1899 2034 1972 potest
2053 1912 2079 1953 .·
2107 1901 2235 1971 per
2279 1890 2740 1953 hebdomadam
2768 1891 2832 1953 si
2843 1890 3025 1971 serie

1821 1980 2196 2041 vacaverint
2249 1978 2613 2059 incipiatur.
2705 1978 2794 2042 Si
2832 1979 3022 2042 nulla

1823 2070 2156 2129 vacaverit
2179 2075 2244 2129 et
2268 2066 2544 2130 historia
2572 2066 2900 2129 duratura
2927 2067 3023 2130 sit

1809 2154 2160 2236 plusquam
2159 2164 2284 2236 per
2293 2176 2494 2218 unam
2521 2154 2981 2219 hebdomadam
2995 2178 3024 2219 .·

1821 2242 2173 2324 differatur
2235 2242 2306 2306 in
2363 2242 2754 2307 dominicam
2797 2244 3028 2326 proxi-

1822 2351 2002 2394 mam
2053 2330 2160 2395 vel
2201 2331 2408 2394 aliam
2451 2341 2820 2414 sequentem.
2941 2332 3034 2397 Si

1825 2440 1950 2483 non
1977 2419 2071 2483 sit
2096 2419 2426 2483 duratura
2453 2421 2633 2484 ultra
2656 2441 2858 2483 unam
2885 2420 3031 2485 heb-

1821 2508 2170 2572 domadam
2193 2531 2217 2572 .·
2247 2518 2398 2572 tunc
2425 2530 2507 2573 ex
2517 2509 2877 2573 necessitate
2895 2518 3033 2574 tota

1826 2597 1897 2663 in
1943 2597 2176 2660 mediis
2200 2597 2412 2679 seriis
2446 2607 2862 2680 percantetur
2881 2621 2906 2662 .·
2967 2609 3034 2662 et

1806 2687 2061 2769 festum
2087 2685 2184 2767 iij.
2230 2685 2564 2750 lectionum
2592 2686 2657 2750 si
2667 2687 2859 2768 forte
2881 2707 3028 2750 con-

1827 2773 2052 2856 tigerit
2106 2773 2218 2836 illo
2275 2795 2448 2838 anno
2476 2775 3022 2857 pretermittatur.

1831 2862 1992 2929 Cum
2023 2883 2168 2925 vero
2174 2862 2426 2943 festum
2451 2863 2544 2928 ix.
2563 2863 2896 2926 lectionum
2921 2863 3024 2926 in-

1806 2951 1939 3032 fra
1965 2950 2076 3014 hoc
2091 2952 2454 3032 predictum
2488 2961 2730 3033 tempus
2759 2953 2831 3016 in
2873 2952 3020 3015 sab-

1823 3038 1967 3102 bato
1995 3039 2348 3102 celebratur
2364 3063 2387 3104 .·
2426 3041 2494 3104 si
2522 3040 2590 3102 in
2641 3049 2818 3102 sexta
2834 3041 3023 3122 fert’a

1813 3127 2172 3209 precedente
2200 3138 2451 3210 vespere
2489 3127 2571 3190 de
2616 3126 2726 3192 illo
2757 3138 3023 3212 propter

1821 3215 2019 3279 aliud
2025 3215 2275 3294 festum
2296 3216 2531 3298 duplex
2542 3216 2710 3298 fieri
2748 3237 2872 3280 non
2905 3229 3022 3299 po-

1823 3305 2065 3368 terint.-
2110 3313 2260 3367 tunc
2289 3305 2358 3368 in
2381 3305 2642 3369 sabbato
2671 3317 2917 3387 vespere
2942 3306 3022 3368 de

1823 3413 1890 3456 eo
1900 3393 2133 3475 fiant:
2175 3392 2313 3457 sive
2355 3393 2632 3456 historia
2663 3393 3023 3476 incipienda

1822 3481 1913 3543 sit
1947 3482 2087 3544 sive
2135 3502 2306 3544 non:
2349 3482 2509 3564 quia
2550 3483 2866 3545 dominice
2894 3504 3021 3546 non

1821 3569 2142 3633 habentur
2165 3580 2293 3651 pro
2319 3570 2495 3649 sesto
2540 3569 2624 3634 ix.
2671 3571 3023 3636 lectionum.

1824 3658 2025 3722 Alias
2053 3679 2202 3721 vero
2231 3668 2423 3721 erunt
2449 3670 2696 3741 vespere
2712 3659 2792 3721 de
2817 3659 3023 3723 domi-

1824 3747 1968 3810 nica
1989 3770 2009 3808 .·
2055 3746 2457 3829 exclpiuntur
2513 3758 2724 3810 tamen
2755 3756 2970 3811 octave
2997 3748 3022 3785 ³

1827 3835 2286 3916 assumptionis
2313 3847 2374 3898 et
2417 3836 2794 3899 nativitatis
2852 3836 3027 3900 beate

1823 3923 2033 3986 marie
2060 3923 2345 4006 virginis
2372 3925 2438 3986 si
2479 3925 2548 3988 in
2593 3925 2854 3989 sabbato
2883 3945 3021 3986 eve-

1822 4013 2071 4075 nerint⁴
2086 4035 2109 4075 .·
2120 4033 2240 4095 que
2252 4034 2352 4075 om
2360 4013 2510 4076 nino
2532 4013 2844 4077 habebunt
2873 4012 3026 4074 ulti-

1824 4122 1970 4164 mas
2013 4113 2302 4182 vesperas
2364 4103 2528 4165 sicut
2580 4102 2675 4166 ibi
2731 4110 3020 4166 notatur.

1825 4190 1969 4253 Hoc
1993 4189 2164 4252 enim
2211 4191 2604 4271 generaliter
2643 4201 2769 4273 per
2819 4199 3025 4252 totum

1825 4299 2074 4342 annum
2133 4278 2532 4343 observetur.-
2583 4291 2657 4342 ut
2703 4279 3029 4362 quodlibet

1809 4366 2063 4448 festum
2113 4387 2333 4430 novem
2370 4367 2705 4432 lectionum
2739 4389 2906 4432 unas
2936 4368 3034 4431 ad

2143 4505 2162 4532 ³
2192 4511 2360 4551 octava
2383 4520 2399 4551 .·
2438 4505 2505 4553 Ν.

2137 4571 2153 4599 ⁴
2186 4572 2398 4619 evenerit
2413 4586 2428 4618 :
2465 4572 2533 4621 Ν.
