3375 5100
113 752 143 761 ..-

1216 416 1342 471 AD
1390 416 1922 473 MATUTJNAS.

844 524 995 579 759

291 632 499 698 simul
531 630 755 699 tradas
800 652 909 695 me
956 650 1108 694 cum
1142 630 1506 714 peccatori-

291 724 465 787 bus:
512 732 580 786 et
626 741 777 786 cum
810 722 1237 803 operantibus
1271 720 1506 803 iniqui-

292 820 511 875 tatem
546 832 629 875 ne
660 811 899 893 perdas
941 829 1065 872 me.
1162 808 1288 887 Qui
1321 808 1509 890 loqu-

297 910 506 963 untur
534 919 769 982 pacem
800 918 951 960 cum
1000 899 1313 980 proximo
1343 918 1464 961 suo
1494 920 1507 962 :

296 989 481 1051 mala
512 998 737 1051 autem
793 988 859 1049 in
922 986 1231 1050 cordibus
1262 1006 1507 1049 eorum.

296 1076 417 1139 Da
448 1076 577 1139 illis
608 1076 974 1139 secundum
1006 1095 1210 1156 opera
1242 1094 1468 1138 eorum
1495 1096 1510 1138 :

295 1176 370 1228 et
401 1165 766 1230 secundum
799 1164 1163 1245 nequitiam
1195 1164 1511 1227 adinven-

300 1256 563 1317 tionum
598 1255 911 1336 ipsorum.
967 1251 1358 1316 Secundum
1391 1272 1511 1333 op-

298 1363 415 1405 era
448 1361 769 1405 manuum
802 1360 1031 1404 eorum
1086 1341 1305 1405 tribue
1347 1339 1506 1403 illis:

298 1431 509 1494 redde
541 1430 1042 1494 retributionem
1065 1448 1293 1492 eorum
1328 1428 1503 1510 ipsis,

303 1518 790 1597 Quoniam'non
812 1518 1285 1581 intellexerunt
1308 1537 1511 1598 opera

298 1608 558 1671 domini
591 1608 741 1671 etin
759 1627 965 1688 opera
984 1625 1303 1669 manuum
1325 1606 1468 1686 ejus
1492 1627 1507 1669 :

298 1697 604 1759 destrues
664 1695 813 1759 illos
856 1704 926 1757 et
974 1714 1107 1756 non
1169 1693 1511 1757 edificabis

299 1805 435 1849 eos,
524 1784 931 1847 Benedictus
962 1782 1311 1846 dominus:
1344 1802 1509 1864 quo·

300 1874 485 1935 niam
518 1873 864 1936 exaudivit
912 1890 1146 1935 vocem
1196 1872 1508 1953 depreca-

298 1961 503 2024 tionis
566 1980 731 2025 mee.
834 1960 1169 2023 Dominus
1244 1960 1511 2040 adjutor

302 2070 492 2113 meus
511 2058 579 2113 et
600 2058 937 2131 protector
948 2068 1167 2113 meus:
1188 2058 1254 2112 et
1275 2049 1340 2111 in
1362 2049 1509 2130 ipso

299 2140 592 2219 speravit
666 2157 779 2201 cor
839 2156 1063 2200 meum
1110 2144 1178 2199 et
1238 2136 1507 2218 adjutus

300 2246 469 2290 sum.
560 2226 663 2290 Et
711 2224 1003 2289 refloruit
1032 2245 1185 2289 caro
1218 2245 1406 2290 mea:
1438 2234 1507 2289 et

303 2334 393 2378 ex
424 2314 771 2379 voluntate
817 2333 969 2378 mea
997 2312 1367 2378 confitebor
1426 2315 1504 2377 ei.

301 2404 641 2467 Dominus
702 2403 1024 2467 fortitudo
1069 2402 1283 2485 plebis
1342 2422 1462 2466 sue
1490 2424 1505 2467 ε

302 2501 373 2556 et
404 2500 741 2575 protector
783 2490 1224 2555 salvationum
1260 2490 1503 2556 Christi

301 2583 404 2644 sui
456 2590 573 2645 est.
690 2581 970 2644 Salvum
1020 2581 1124 2644 sac
1184 2581 1504 2663 populum

301 2680 493 2733 tuum
526 2670 797 2734 domine
841 2679 909 2733 et
940 2669 1217 2734 benedic
1247 2669 1505 2732 heredi-

301 2760 425 2822 tati
469 2769 621 2822 tue:
666 2768 736 2822 et
768 2778 922 2841 rege
974 2778 1089 2821 eos
1134 2767 1203 2822 et
1256 2757 1507 2822 extolle

306 2847 467 2910 eos¹
502 2866 711 2929 usque
743 2847 810 2910 in
864 2855 1184 2910 eternum.
1281 2846 1509 2912 Gloria

302 2944 409 3000 αὴ.
444 2937 779 2998 Dominus
810 2935 1119 2999 defensor
1146 2936 1282 2998 vite
1313 2955 1475 2999 mee.

303 3025 457 3154 Α
475 3023 661 3087 fferte
686 3023 964 3087 domino
985 3023 1099 3086 filii
1124 3022 1511 3106 [Psalmzcs.²

469 3113 577 3176 dei
608 3133 623 3176 ε
678 3111 908 3176 afferte
982 3113 1261 3175 domino
1340 3111 1510 3175 filios

302 3202 601 3265 arietum.
646 3199 907 3264 Afferte
938 3201 1212 3264 domino
1229 3200 1511 3283 gloriam

304 3299 371 3352 et
402 3289 723 3353 honorem
754 3309 769 3352 ε
801 3289 1031 3352 afferte
1060 3289 1334 3353 domino
1365 3289 1509 3373 glo-

303 3378 467 3441 riam
500 3378 751 3442 nomini
771 3378 953 3459 ejus:
1000 3378 1274 3442 adorate
1297 3378 1513 3442 domi-

306 3487 463 3529 num
476 3467 541 3530 in
557 3467 726 3530 atrio
736 3475 967 3530 sancto
981 3467 1038 3548 ej
1048 3487 1143 3530 us.
1220 3467 1369 3530 Vox
1390 3467 1509 3530 do-

308 3556 465 3618 mini
485 3575 683 3638 super
704 3575 913 3637 aquas
953 3555 1119 3618 deus
1140 3555 1508 3637 majestatis

310 3645 597 3707 intonuit
638 3665 653 3708 2
694 3645 1007 3707 dominus
1054 3665 1253 3727 super
1300 3665 1509 3727 aquas

310 3732 571 3796 multaS.
653 3731 802 3797 Vox
833 3732 1087 3796 domini
1121 3734 1189 3795 in
1220 3734 1465 3796 virtute
1493 3755 1508 3797 :

308 3841 443 3883 vox
518 3821 773 3884 domini
834 3822 902 3884 in
996 3821 1507 3903 magnificentia.

326 3907 475 3973 Vox
550 3909 804 3974 domini
879 3909 1359 3992 confringentis
1402 3931 1509 3974 ce-

309 3999 501 4061 dros:
549 4007 617 4061 et
647 3998 1018 4080 confringet
1047 3999 1359 4062 dominus
1402 4019 1509 4062 ce-

309 4087 459 4148 dros
480 4085 754 4168 lybani.³
840 4087 941 4150 Et
960 4089 1367 4151 comminuet
1396 4108 1511 4152 eas

311 4183 629 4256 tanquam
713 4175 993 4238 vitulum
1085 4175 1311 4257 lybani
1338 4198 1352 4240 :
1444 4186 1512 4241 et

308 4263 585 4326 dilectus
683 4265 1251 4346 quemadmodum
1342 4265 1514 4329 filius

312 4351 736 4415 unicornium.
845 4353 995 4418 Vox
1026 4355 1280 4418 domini
1315 4352 1513 4419 inter·

312 4441 587 4504 cidentis
620 4439 964 4504 flammam
985 4443 1197 4524 ignis:
1227 4463 1362 4506 vox
1396 4443 1516 4508 do-

606 4553 621 4582 ¹
658 4550 807 4601 illos:
842 4551 969 4603 G.s.

604 4619 626 4648 ¹
650 4624 729 4681 pf.
755 4617 818 4668 28
835 4633 851 4666 .·
876 4619 940 4668 E.
956 4618 1013 4668 G.
1070 4620 1253 4685 xxviij.
1273 4635 1291 4669 .·
1314 4621 1366 4670 S.

1600 2404 1707 2465 -rie
1767 2406 2140 2468 sanctitatis
2197 2404 2357 2485 ejus,

2139 526 2294 581 760

1614 632 1775 695 mini
1837 633 2273 697 concutientis
2333 634 2708 697 desertum:
2756 653 2826 697 et

1613 723 2062 785 commovebit
2111 722 2421 785 dominus
2488 722 2823 786 desertum

1616 811 1832 874 cades,
1943 810 2092 874 Vox
2124 810 2378 874 domini
2411 812 2824 893 preparantis

1615 918 1842 962 cervos
1873 907 1940 962 et
1973 898 2292 962 revelabit
2337 900 2712 963 condensa:
2759 908 2826 962 et

1616 986 1682 1049 in
1758 987 2015 1069 templo
2089 987 2232 1068 ejus
2308 1007 2539 1050 omnes
2592 988 2820 1052 dicent

1614 1074 1914 1157 gloriam.
2047 1076 2382 1139 Dominus
2501 1075 2822 1139 diluvium

1616 1165 1988 1228 inhabitare
2033 1164 2231 1230 facit:
2277 1174 2346 1229 et
2394 1165 2652 1228 sedebit
2700 1165 2824 1228 do-

1618 1254 1837 1317 minus
1869 1274 1988 1317 rex
2012 1254 2081 1318 in
2113 1265 2438 1318 eternum.
2485 1253 2820 1317 Dominus

1616 1342 1928 1405 virtutem
1959 1342 2210 1426 populo
2263 1362 2385 1404 suo
2430 1341 2658 1419 dabit3
2703 1342 2824 1405 do-

1618 1432 1838 1493 minus
1883 1430 2236 1495 benedicet
2267 1430 2518 1514 populo
2563 1450 2687 1493 suo
2753 1430 2821 1494 in

1616 1538 1805 1599 pace.
2457 1519 2819 1583 Psalmus.⁴

1767 1606 2046 1672 xaltabo
2077 1616 2145 1672 te
2185 1606 2458 1671 domine
2505 1608 2822 1690 quoniam

1769 1696 2111 1778 suscepisti
2167 1717 2318 1760 me:
2409 1716 2528 1759 nec
2601 1696 2816 1760 delec-

1614 1784 1773 1847 tasti
1836 1786 2138 1848 inimicos
2199 1804 2385 1847 meos
2445 1804 2644 1866 super
2697 1804 2824 1848 me.

1612 1871 1911 1937 Domine
1931 1874 2096 1937 deus
2119 1892 2306 1936 meus
2324 1872 2606 1937 clamavi
2628 1872 2711 1935 ad
2735 1882 2825 1938 te:

1610 1970 1683 2023 et
1713 1962 1962 2025 sanasti
1995 1982 2120 2025 me.
2208 1960 2506 2025 Domine
2536 1960 2826 2025 eduxisti

1612 2049 1701 2113 ab
1749 2049 2004 2114 inferno
2051 2050 2343 2113 animam
2395 2069 2648 2113 meam:
2695 2049 2827 2113 sal-

1610 2138 1782 2201 vasti
1834 2156 1944 2202 me
2031 2160 2074 2202 a
2139 2138 2694 2202 descendentibus
2754 2138 2822 2201 in

1615 2225 1850 2291 lacurn.
1943 2226 2223 2290 Psallite
2270 2227 2544 2290 domino
2589 2246 2822 2289 omnes

1612 2316 1823 2380 sancti
1845 2316 1901 2396 ej
1911 2336 1986 2379 us
2010 2335 2024 2378 :
2050 2324 2117 2379 et
2142 2314 2548 2379 confitemini
2566 2334 2822 2379 memo-

2477 2402 2808 2483 Quoniam

1612 2492 1711 2556 ira
1741 2492 1808 2556 in
1854 2491 2311 2575 indignatione
2356 2490 2538 2574 ejus:
2584 2500 2653 2556 et
2684 2493 2824 2556 vita

1610 2583 1679 2645 in
1757 2582 2102 2646 voluntate
2162 2582 2322 2664 ejuS.
2409 2581 2528 2646 Ad
2589 2601 2824 2663 vespe-

1612 2689 1760 2734 rum
1808 2671 2262 2735 demorabitur
2320 2669 2552 2734 fletus:
2617 2678 2685 2733 et
2731 2669 2818 2733 ad

1616 2761 2020 2823 matutinum
2055 2759 2290 2824 leticia.
2379 2759 2540 2840 Ego
2593 2767 2816 2822 autern

1613 2847 1759 2911 dixi
1821 2849 1888 2910 in
1949 2848 2360 2912 abundantia
2420 2868 2608 2910 mea:
2685 2865 2820 2910 non

1615 2937 1934 3001 movebor
1995 2939 2062 3000 in
2115 2947 2432 3002 eternum.
2523 2935 2822 3000 Domine

1615 3025 1683 3088 in
1730 3025 2072 3090 voluntate
2124 3035 2280 3090 tua:
2333 3025 2676 3108 prestitisti
2709 3024 2824 3086 de-

1615 3115 1750 3177 cori
1813 3134 1964 3178 meo
2051 3116 2380 3179 virtutem.
2499 3113 2824 3178 Avertisti

1614 3202 1852 3266 faciem
1905 3212 2092 3266 tuam·
2157 3224 2198 3266 a
2251 3224 2398 3267 me:
2465 3213 2534 3266 et
2612 3202 2827 3265 factus

1617 3311 1766 3355 sum
1799 3293 2252 3355 conturbatus·
2341 3291 2460 3356 Ad
2491 3301 2562 3356 te
2605 3290 2822 3354 domi-

1617 3400 1702 3443 ne
1733 3378 2079 3444 clamabo:
2123 3390 2192 3444 et
2223 3380 2308 3444 ad
2342 3380 2544 3443 deum
2597 3398 2821 3442 meum

1617 3469 2040 3551 deprecabor.
2135 3468 2280 3548 Que
2300 3468 2550 3532 utilitas
2572 3469 2640 3531 in
2672 3486 2824 3530 san-

1615 3559 1818 3639 guine
1880 3577 2074 3622 meo:
2144 3560 2304 3622 dum
2366 3557 2702 3620 descendo
2753 3555 2822 3617 in

1618 3647 2132 3728 corruptionem.
2221 3645 2549 3728 Nunquid
2613 3641 2822 3708 confi-

1618 3734 1865 3798 tebitur
1912 3734 2033 3797 tibi
2097 3734 2350 3817 pulvis:
2396 3742 2512 3797 aut
2567 3752 2825 3796 annun-

1614 3823 1820 3886 ciabit
1866 3824 2214 3887 veritatem
2260 3832 2464 3887 tuam.
2541 3819 2826 3884 Audivit

1616 3913 1928 3975 dominus
1989 3923 2058 3976 et
2112 3913 2420 3975 misertus
2478 3919 2582 3973 est
2657 3908 2829 3972 mei:

1618 4001 1928 4064 dominus
1962 3999 2174 4065 sactus
2204 4009 2306 4064 est
2327 3999 2592 4080 adjutor
2623 4017 2826 4061 meus.

1624 4088 2016 4156 Convertisti
2069 4091 2411 4172 planctum
2472 4106 2695 4151 meum
2761 4087 2828 4148 in

1618 4177 1938 4260 gaudium
1961 4178 2162 4242 mihi:
2192 4175 2540 4243 concidisti
2560 4195 2826 4240 saccum

1622 4287 1848 4331 meum
1909 4277 1978 4332 et
2023 4265 2488 4332 circundedisti
2545 4285 2652 4328 me
2684 4264 2828 4327 leti-

1622 4357 1740 4420 cia.
1844 4355 1937 4422 Ut
1993 4365 2220 4420 cantet
2271 4355 2393 4419 tibi
2437 4353 2647 4436 gloria
2679 4371 2830 4416 mea

1617 4453 1687 4510 et
1721 4465 1853 4509 non
1886 4465 2298 4528 compungar
2324 4466 2340 4509 :
2370 4444 2642 4507 domine
2661 4443 2828 4507 deus

1904 4558 1925 4588 ⁸
1955 4556 2112 4606 libani
2137 4575 2151 4606 ε
2185 4555 2382 4606 E.G.S.

1912 4627 1931 4655 ⁴
1954 4631 2034 4687 ps.
2059 4635 2156 4686 29:
2177 4623 2246 4673 E.
2260 4623 2316 4673 G.
2379 4621 2524 4671 xxix.
2543 4635 2560 4668 .·
2582 4620 2626 4669 S
