3375 5100
1692 328 2013 384 DOMINI
2010 328 2108 385 CA

1217 440 1298 493 51

673 546 826 679 Α
866 564 1028 610 voce
1058 544 1232 608 enim
1255 542 1467 609 domi-
1501 540 1739 626 [Lectio
1757 542 1855 624 iaej,

868 635 934 697 ni
981 634 1248 717 pavebit
1278 652 1463 696 assur
1492 633 1675 714 virga
1710 651 1859 713 per·

674 742 919 787 cussus,
1014 721 1104 785 Et
1153 722 1276 785 erit
1328 722 1640 784 transitus
1671 721 1859 801 virge

675 812 1028 875 fundatus:
1076 830 1276 892 quam
1325 810 1731 890 requiescere
1764 808 1860 871 sa-

676 900 808 962 ciet
889 899 1200 963 dominus
1269 917 1464 978 super
1526 916 1699 959 eum,
1780 896 1861 959 In

679 986 970 1068 cytharis
999 995 1067 1049 et
1109 984 1444 1067 tympanis
1475 994 1542 1047 et
1573 986 1640 1046 in
1673 983 1861 1047 bellis

681 1074 1006 1158 precipuis
1099 1072 1512 1155 expugnabit
1593 1092 1723 1135 eos,
1815 1089 1864 1156 γ

687 1162 939 1227 Emitte
969 1181 1232 1243 agnum.
1295 1162 1380 1224 In
1409 1160 1727 1224 laudibus.
1756 1168 1865 1225 αῆ.

685 1254 876 1383 De
904 1270 1073 1331 syon
1118 1250 1336 1313 veniet
1383 1249 1693 1312 dominus
1723 1267 1865 1312 om-

841 1340 1146 1421 nipotens
1205 1346 1280 1401 ut
1335 1336 1592 1401 salvum
1667 1337 1865 1400 saciat

684 1426 1005 1509 populum
1073 1446 1281 1491 suum,
1373 1434 1474 1507 ps'z
1537 1424 1861 1489 Miserere.

682 1524 788 1577 ανῖ.
837 1514 1232 1580 Convertere
1273 1513 1540 1577 domine
1568 1513 1865 1594 aliquan-

688 1602 901 1667 tulum
963 1612 1030 1665 et
1093 1622 1174 1665 ne
1233 1603 1452 1665 tardes
1510 1602 1731 1665 venire
1777 1601 1863 1665 ad

689 1711 909 1754 servos
969 1700 1134 1753 tuos,
1211 1698 1312 1771 pf,
1362 1690 1650 1753 Domine
1696 1688 1867 1753 resu-

685 1780 888 1861 gium.
977 1787 1080 1842 αὴ.
1131 1779 1236 1841 De
1275 1797 1440 1859 syon
1485 1779 1706 1841 veniet
1751 1776 1865 1860 qui

689 1876 1072 1949 regnaturus
1089 1876 1192 1929 est
1220 1867 1529 1931 dominus
1559 1862 1863 1929 emanuel

691 1975 1004 2037 magnum
1035 1975 1275 2019 nomen
1306 1954 1464 2035 ejus,
1542 1962 1643 2036 pf.
1679 1955 1864 2017 Deus

688 2045 851 2107 deus
893 2063 1092 2107 meus,
1179 2052 1284 2107 αῆ.
1331 2044 1502 2107 Ecce
1532 2039 1863 2106 dominus¹

689 2152 874 2195 meus
917 2143 986 2197 et
1037 2130 1402 2195 honorabo²
1451 2152 1643 2196 eum:
1702 2132 1867 2195 deus

687 2222 890 2303 patris
923 2222 1050 2283 mei
1081 2230 1148 2283 et
1177 2220 1494 2284 exaltabo
1531 2239 1704 2283 eum,
1766 2226 1865 2301 pf,

689 2310 1070 2374 Cantemus,
1129 2318 1232 2371 αῆ.
1285 2309 1611 2373 Dominus
1641 2307 1871 2389 legifer

689 2407 912 2461 noster
954 2397 1260 2460 dominus
1311 2416 1430 2460 rex
1476 2405 1699 2459 noster
1732 2395 1870 2477 ipse

689 2492 906 2549 veniet
937 2496 1004 2548 et
1033 2484 1312 2547 salvabit
1344 2504 1480 2547 nos,
1558 2492 1662 2566 pf.
1696 2483 1870 2547 Lau·

691 2575 862 2638 date.
961 2573 1345 2655 Capitulum.
1441 2573 1617 2638 Ecce
1713 2572 1870 2636 dies,

693 2663 986 2742 hymnus.
1057 2661 1214 2727 Vox
1303 2659 1494 2724 clara.
1603 2677 1650 2746 γ
1713 2659 1871 2724 Vox

693 2749 1059 2814 clamantis,
1106 2749 1188 2814 In
1216 2748 1538 2831 evangelio
1557 2757 1661 2812 αῆ.
1688 2748 1874 2830 Vigi-

695 2837 828 2901 late
861 2838 1082 2900 animo
1107 2837 1172 2899 in
1191 2837 1502 2918 proximo
1531 2847 1631 2902 est
1661 2836 1873 2901 domi-

695 2946 818 2988 nus
852 2925 1012 2988 deus
1033 2933 1270 2989 noster,
1332 2933 1430 3006 pf,
1460 2925 1871 2990 Benedictus,

695 3013 1131 3097 kyrieleyson.
1255 3013 1501 3078 Oratio,
1618 3013 1871 3078 Aurem

694 3113 896 3166 tuam.
986 3099 1314 3166 Memoria
1358 3109 1435 3166 ut
1457 3111 1670 3184 supra,
1759 3101 1885 3166 Ad

693 3191 888 3254 horas
960 3199 1038 3254 ut
1103 3201 1304 3271 supra
1363 3211 1508 3252 cum
1574 3191 1873 3254 oratione.

695 3279 950 3342 Aurem
1012 3289 1213 3342 tuam.
1303 3277 1428 3341 Ad
1473 3289 1761 3358 vesperas
1808 3281 1875 3340 in

696 3387 951 3450 evange.
1003 3375 1110 3432 an‘,
1189 3366 1546 3448 Consurge.
1637 3366 1743 3428 vel
1799 3365 1881 3431 Ο.

681 3464 781 3538 pf.
831 3455 1236 3540 Magnificat.
1331 3454 1580 3520 Oratio.
1624 3452 1879 3518 Aurem

699 3557 910 3610 tuam,

700 3640 766 3713 (s
809 3633 1007 3698 Feria
1038 3631 1122 3715 ψ’.
1217 3629 1583 3696 Secundum
1611 3630 1841 3695 lucam.

694 3724 793 3855 l
815 3742 858 3785 n
933 3722 1046 3784 illo
1121 3730 1457 3802 tempore:
1527 3718 1881 3802 Exurgens

816 3810 1020 3873 maria
1051 3808 1216 3872 abiit
1263 3808 1330 3870 in
1379 3816 1697 3870 montana
1727 3827 1877 3872 cum

695 3899 1117 3962 festinatione
1177 3897 1244 3960 in
1298 3895 1632 3960 civitatem
1674 3895 1880 3979 juda:

695 3997 764 4050 et
818 3987 1084 4052 intravit
1146 3986 1214 4048 in
1261 3983 1529 4048 domum
1582 3984 1880 4050 zacharie

695 4086 763 4140 et
818 4073 1130 4140 salutavit
1175 4071 1520 4138 elizabeth,
1636 4074 1727 4138 Et
1782 4094 1879 4138 re-

697 4164 892 4246 liqua.
988 4161 1240 4227 Omelia
1283 4160 1664 4226 venerabilis
1738 4162 1886 4226 bede

681 4250 1048 4333 presbyten.
1593 4250 1807 4315 Lectio
1815 4253 1879 4335 j,

858 4479 872 4507 ¹
907 4475 1064 4526 deus:
1101 4475 1324 4525 E.G.W,

854 4545 875 4572 ⁸
913 4541 1022 4592 ‘et’
1049 4557 1176 4593 om,:
1213 4541 1421 4590 E.G.w

1952 544 2261 676 Lectio
2292 563 2493 626 quam
2526 542 2897 608 audivimus
2928 544 3137 607 sancti

2089 632 2455 715 evangelii:
2514 632 2609 695 et⁸
2670 632 3138 714 redemptionis

1954 732 2177 784 nostre
2226 722 2417 785 nobis
2457 740 2719 803 semper
2765 722 3139 783 veneranda

1956 809 2315 892 primordia
2350 809 2685 891 predicat:
2718 819 2785 873 et
2830 808 3139 873 salutaria

1954 918 2217 980 semper
2319 896 2713 961 humilitatis
2822 898 3139 961 imitande

1958 986 2248 1050 remedia
2278 988 2717 1050 commendat.
2786 986 2899 1049 Re.
2936 986 3137 1067 Egre-

1956 1075 2173 1139 dietur
2243 1075 2553 1139 dominus
2631 1084 2698 1137 et
2760 1074 3140 1157 preliabitur

1960 1172 2187 1226 contra
2217 1172 2463 1244 gentes,
2516 1162 2604 1225 Et
2634 1161 2905 1226 stabunt
2937 1163 3138 1244 pedes

1958 1250 2101 1332 ejus
2152 1272 2351 1333 supra
2392 1260 2655 1314 montes
2684 1250 3005 1315 olivarum
3052 1252 3137 1315 ad

1959 1340 2323 1403 orientem.⁴
2441 1340 2953 1421 Responsorium.
3050 1338 3139 1402 Et

1959 1428 2319 1491 elevabitur
2388 1448 2585 1511 super
2650 1447 2881 1490 omnes
2939 1427 3139 1491 colles

1958 1526 2025 1579 et
2086 1514 2293 1579 fluent
2338 1516 2423 1581 ad
2476 1536 2629 1579 eum
2688 1536 2917 1579 omnes
2982 1536 3139 1597 gen-

1959 1613 2075 1667 tes,
2168 1604 2275 1669 Et.
2828 1604 3041 1667 Lectio
3070 1605 3141 1686 ij,

1958 1693 2241 1827 Prior
2298 1712 2455 1775 ergo
2515 1692 2706 1756 nobis
2776 1692 2975 1755 beata
3032 1693 3139 1755 dei

2090 1781 2379 1863 genitrix
2476 1782 2561 1845 ad
2672 1780 3141 1844 sublimitatem

1960 1870 2169 1951 patrie
2220 1869 2477 1933 celestis
2525 1870 2646 1933 iter
2692 1869 2981 1932 ostendit
3024 1868 3143 1932 hu-

1964 1956 2300 2021 militatis:
2364 1978 2496 2021 non
2548 1958 2763 2020 minus
2814 1957 3144 2039 religionis

1961 2066 2165 2129 quam
2209 2046 2531 2109 castitatis
2583 2046 2897 2127 exemplo
2948 2065 3143 2109 vene-

1962 2134 2199 2199 rabilis.
2288 2134 2611 2198 Attamen
2688 2134 2831 2216 ipsa
2894 2154 3149 2198 memor

1962 2224 2183 2287 divine
2272 2224 2587 2304 scripture
2678 2222 3146 2305 precipientis:

1964 2321 2215 2395 quanto
2262 2330 2541 2392 magnus
2576 2330 2647 2373 es
2679 2310 2951 2374 humilia
2980 2320 3047 2374 te
3078 2312 3145 2375 in

1966 2399 2271 2463 omnibus
2348 2420 2509 2463 mox
2562 2408 2636 2463 ut
2682 2400 2959 2481 angelus
3032 2400 3147 2481 qui

1967 2487 2359 2570 loquebatur
2386 2489 2445 2552 ei
2488 2487 2574 2552 ad
2603 2487 2872 2552 celestia
2912 2486 3149 2553 rediit:

1968 2577 2177 2658 surgit
2238 2596 2314 2640 ac
2361 2587 2677 2642 montana
2722 2577 3149 2642 conscendit:

1966 2677 2367 2748 gestansque
2398 2665 2463 2730 in
2516 2675 2702 2728 utero
2732 2665 2971 2730 deum:
3017 2685 3149 2728 ser—

1967 2773 2199 2817 vorum
2260 2753 2367 2816 dei
2428 2753 2805 2818 habitacula
2859 2755 3027 2837 petit
3070 2773 3155 2818 ac

1968 2841 2237 2924 requirit
2288 2841 2591 2924 alloquia,
2678 2841 2795 2906 Re.
2888 2842 3154 2906 Precur-

1970 2949 2079 2994 sor
2123 2950 2243 3013 pro
2292 2930 2481 2994 nobis
2528 2930 2889 3012 ingreditur
2940 2949 3155 3012 agnus

1970 3019 2113 3082 sine
2146 3018 2403 3082 macula
2450 3018 2809 3083 secundum
2852 3019 3153 3083 ordinem

1974 3105 2468 3170 melchisedech,
2574 3105 2879 3171 Pontifex
2940 3105 3157 3170 sactus

1976 3203 2077 3258 est
2136 3195 2202 3258 in
2254 3205 2551 3258 eternum
2613 3205 2679 3258 et
2740 3197 2807 3258 in
2856 3193 3153 3259 seculum

1976 3283 2193 3348 seculi.
2255 3300 2300 3368 γ
2363 3284 2516 3365 Ipse
2564 3295 2663 3348 est
2713 3304 2833 3347 rex
2890 3283 3157 3365 justicie

1976 3373 2162 3453 cujus
2191 3372 2528 3452 generatio
2548 3392 2679 3436 non
2704 3372 2903 3436 habet
2937 3371 3159 3436 finem.

1982 3460 2305 3524 Pontifex,
2811 3459 3027 3524 Lectio
3056 3461 3162 3542 iij.

1978 3549 2151 3681 Et
2182 3557 2337 3630 apte
2384 3559 2533 3631 post
2580 3548 2897 3612 visionem
2939 3549 3163 3630 angeli

2126 3637 2193 3700 in
2224 3647 2541 3700 montana
2572 3637 2789 3713 subiit,
2828 3658 2957 3720 que
3002 3657 3161 3720 gus-

1980 3733 2122 3788 tata
2179 3725 2501 3788 suavitate
2561 3745 2992 3808 supernorum
3066 3725 3159 3788 ci-

1980 3813 2189 3878 vium:
2221 3812 2610 3878 humilitatis
2630 3834 2699 3877 se
2721 3815 3049 3896 gressibus
3070 3813 3163 3876 ad

1978 3901 2292 3965 virtutum
2325 3903 2461 3966 alta
2500 3903 2849 3966 transtulit.
2944 3903 3169 3966 Intrat

1980 4010 2136 4072 ergo
2196 3990 2467 4055 domum
2548 3991 2885 4055 zacharie:
2958 3999 3170 4074 atque

1979 4077 2303 4142 elizabeth
2334 4101 2533 4164 quam
2578 4100 2834 4143 servum
2884 4100 2961 4143 ac
3016 4099 3167 4161 pre-

1980 4187 2309 4231 cursorem
2355 4167 2607 4232 domini
2654 4169 3010 4251 parituram
3043 4187 3169 4232 no-

1977 4265 2162 4320 verat
2207 4256 2488 4320 salutat:
2536 4277 2667 4320 non
2722 4257 2909 4340 quasi
2959 4257 3177 4321 dubia

1980 4345 2064 4408 de
2094 4345 2360 4410 oraculo
2390 4346 2567 4428 quod
2616 4356 2997 4428 acceperat:
3044 4345 3177 4410 sed

2180 4483 2201 4512 ¹
2232 4483 2571 4533 honorificabo
2598 4501 2609 4533 :
2644 4483 2867 4534 E.G.W,

2184 4553 2203 4580 ⁴
2236 4551 2513 4599 orientam:
2552 4549 2633 4598 W.
