3375 5100
1603 353 1973 408 DOMINIC
1968 353 2024 407 A

1137 465 1238 520 85

588 571 1004 736 Quomodo
1051 573 1299 636 invenit
1347 591 1583 636 manus
1628 592 1779 636 mea

713 681 915 744 regna
981 661 1174 724 idoli¹
1254 672 1321 725 et
1381 661 1779 725 simulachra

575 769 801 812 eorum
849 751 935 814 de
983 751 1378 814 hierusalem
1427 759 1496 814 et
1545 751 1626 812 de
1675 771 1779 813 sa-

577 839 802 902 maria.
893 839 1216 920 Nunquid
1261 859 1392 902 non
1439 839 1608 902 sicut
1653 837 1779 902 feci

573 927 858 989 samarie
889 937 958 990 et
988 927 1180 990 idolis
1211 927 1384 1008 ejus:
1417 927 1508 990 sic
1539 925 1779 990 faciam

575 1014 973 1078 hierusalem
1023 1025 1090 1078 et
1145 1016 1559 1078 simulachris
1619 1017 1780 1096 ejus,

577 1101 730 1164 Hec
761 1102 920 1166 dicit
951 1103 1279 1168 dominus,
1467 1103 1682 1167 Lectio
1714 1104 1783 1186 ij.

577 1192 758 1324 Et
833 1193 957 1255 erit
1029 1213 1183 1256 cum
1243 1191 1615 1276 impleverit
1661 1193 1780 1255 do-

730 1279 948 1343 minus
999 1281 1224 1345 omnia
1269 1301 1472 1364 opera
1524 1279 1668 1360 ejus
1714 1282 1781 1344 in

577 1377 810 1430 monte
867 1389 1038 1452 syon
1089 1379 1160 1432 et
1217 1369 1285 1433 in
1346 1369 1782 1434 hierusalem:

578 1456 866 1520 visitabo
924 1477 1124 1540 super
1181 1457 1466 1522 fructum
1525 1458 1783 1541 magni-

578 1543 688 1608 fici
733 1545 950 1609 cordis
995 1546 1168 1628 regis
1203 1567 1428 1612 assur:
1473 1556 1540 1610 et
1587 1565 1789 1630 super

589 1633 876 1714 gloriam
967 1633 1338 1698 altitudinis
1443 1635 1785 1699 oculorum

581 1721 745 1803 ejus·
1443 1723 1656 1787 Lectio
1687 1724 1783 1807 iij.

581 1809 914 1942 Dixit²
975 1809 1194 1875 enim:
1255 1811 1337 1876 In
1397 1810 1785 1876 fortitudine

741 1919 978 1962 manus
1040 1920 1185 1963 mee
1231 1921 1355 1982 ego
1391 1900 1556 1966 feci:
1601 1911 1670 1965 et
1716 1901 1783 1964 in

581 1988 911 2070 sapientia
941 2007 1092 2052 mea
1121 1989 1440 2054 intellexi.
1510 1989 1783 2054 Abstuli

583 2076 800 2158 inquit
819 2096 1006 2140 assur
1023 2078 1339 2142 terminos
1353 2078 1748 2162 populorum
1768 2101 1783 2145 :

580 2173 650 2227 et
681 2164 1010 2248 principes
1040 2167 1338 2248 gentium
1381 2168 1785 2249 depredatus

579 2273 748 2318 sum.
837 2254 922 2317 In
958 2275 1212 2336 evange.
1257 2265 1364 2320 αῆ.
1457 2255 1674 2338 Super
1718 2266 1786 2321 te

577 2340 976 2406 hierusalem
1023 2345 1268 2407 orietur
1309 2344 1662 2410 dominus:
1718 2355 1787 2409 et

573 2431 793 2512 gloria
838 2430 982 2513 ejus
1029 2432 1098 2496 in
1145 2441 1216 2496 te
1259 2431 1607 2498 videbitur.
1680 2443 1785 2514 pf.

583 2518 1002 2585 Benedictus.
1089 2519 1151 2584 A
1162 2520 1218 2583 d
1304 2532 1610 2603 vesperas.
1700 2522 1785 2586 In

582 2628 839 2690 evange.
891 2616 1000 2673 aii.
1087 2608 1249 2673 Vox
1307 2609 1656 2674 clamantis
1719 2610 1783 2674 in

584 2697 850 2760 deserto
929 2704 1162 2779 parate
1235 2696 1412 2761 viam
1515 2699 1784 2765 domini.

585 2792 798 2875 rectas
844 2783 1043 2848 facite
1089 2786 1362 2851 semitas
1407 2786 1514 2851 dei
1561 2790 1786 2853 nostri.

569 2881 672 2954 pff.
719 2872 1128 2953 Magnificat.

1488 2964 1707 3029 Lectio
1714 2967 1778 3049 J'.

577 3051 761 3183 Et
791 3050 1054 3115 detraxi
1084 3050 1274 3133 quasi
1313 3062 1548 3137 potens
1579 3056 1646 3118 in
1675 3076 1785 3120 su-

733 3138 936 3203 blime
989 3139 1387 3206 residentes:
1435 3151 1504 3207 et
1534 3143 1787 3209 invenit

577 3227 766 3309 quasi
799 3226 1030 3291 nidum
1063 3248 1298 3293 manus
1337 3250 1485 3294 mea
1527 3232 1783 3297 sortitu-

487 3378 496 3387 ,
573 3316 803 3381 dinem
836 3316 1250 3399 populorum.
1467 3319 1682 3384 Lectio
1714 3322 1783 3404 ij.

573 3409 1034 3539 propterea
1079 3406 1202 3469 hec
1233 3406 1397 3470 dicit
1427 3407 1780 3476 dominus:

711 3494 1034 3577 Nunquid
1094 3495 1484 3578 gloriabitur
1535 3500 1781 3563 securis

573 3593 807 3647 contra
837 3604 989 3646 eum
1022 3586 1136 3666 qui
1183 3596 1365 3649 secat
1396 3586 1462 3648 in
1495 3606 1614 3651 ea:
1661 3598 1779 3652 aut

571 3672 982 3737 exaltabitur
1027 3692 1206 3737 serra
1255 3683 1484 3738 contra
1538 3696 1690 3738 eum
1738 3697 1779 3740 a

569 3780 705 3842 quo
737 3761 1061 3826 trahitur?
1153 3762 1514 3845 Quomodo
1561 3764 1777 3829 eleva·

568 3850 748 3913 bitur
773 3850 960 3931 virga
991 3860 1221 3914 contra
1255 3851 1628 3917 elevantem
1661 3875 1773 3920 se:

567 3938 675 4001 vel
695 3938 970 4001 baculus
989 3940 1102 4020 qui
1127 3940 1355 4021 utique
1377 3940 1628 4023 lignum
1654 3953 1773 4008 est.

567 4025 801 4159 Ideo
821 4026 1080 4090 mittet³
1111 4027 1422 4092 dominus
1457 4030 1647 4113 [Lect.
1673 4031 1772 4114 iij.

672 4114 737 4176 in
771 4113 914 4195 ejus
944 4114 1300 4197 pinguibus
1340 4120 1772 4185 tenuitatem:

567 4212 638 4268 et
657 4202 891 4266 subtus
905 4223 1056 4266 eum
1071 4203 1280 4285 gloria
1301 4204 1442 4287 ejus
1461 4227 1777 4273 succensa

643 4392 658 4422 ¹
701 4395 718 4420 ⁸
736 4390 808 4440 sic
825 4388 840 4414 ’
865 4390 964 4439 add
989 4409 1003 4439 ε
1038 4390 1261 4441 E.G.w.

642 4458 664 4488 ²
695 4457 842 4510 Dicit
867 4474 879 4506 ε
915 4456 978 4517 E.

639 4524 661 4554 ⁸
694 4524 883 4574 mittit:
919 4524 984 4573 G.
1531 4572 1541 4581 ,

640 4592 659 4623 ⁴
693 4606 785 4657 pro
815 4590 891 4641 ‘vi
915 4590 1048 4641 obs.’
1072 4590 1124 4641 in
1147 4592 1282 4643 nube
1320 4600 1507 4646 stetur:
1545 4594 1769 4647 E.G.W.

2430 461 2531 518 86

1878 571 2137 634 ardebit
2212 569 2399 652 quasi
2464 569 2837 634 combustio
2898 569 3093 653 ignis.

1878 661 1965 724 In
1994 681 2175 722 evan.
2198 667 2304 722 αῆ.
2356 659 2529 722 Ecce
2556 660 2749 722 mitto
2772 659 3089 742 angelum

1882 769 2105 811 meum
2139 749 2253 829 qui
2286 747 2663 830 preparabit
2694 749 2871 811 viam
2898 759 3089 810 tuam

1882 847 2039 900 ante
2076 836 2309 900 faciem
2358 846 2559 901 tuam.
2624 845 2718 916 pf.
2766 837 3093 900 Benedic-

1882 935 2008 988 tuS.

1970 1013 2095 1076 Ad
2109 1024 2399 1094 vesperas
2420 1011 2489 1076 in
2518 1033 2697 1076 evan.
2720 1021 2829 1079 aa.
2896 1013 3091 1096 Syon

1884 1101 2299 1165 renovaberis
2373 1111 2441 1165 et
2500 1101 2757 1166 videbis
2828 1101 3089 1184 justum

1884 1201 2074 1254 tuum
2106 1191 2217 1272 qui
2250 1200 2565 1254 venturus
2597 1201 2697 1254 est
2730 1192 2795 1253 in
2830 1202 2913 1255 te.
2983 1201 3089 1273 pf.

1886 1279 2293 1361 Magnificat.

1886 1372 1952 1448 ([
1994 1368 2195 1432 Feria
2226 1389 2284 1432 v.
2794 1365 3013 1432 Lectio
3022 1369 3091 1450 j.

1883 1456 2224 1590 Adhuc
2298 1455 2640 1540 paululum
2717 1457 3087 1521 modicum-

2051 1565 2212 1628 que:
2258 1555 2327 1609 et
2372 1545 2941 1608 consummabitur
2986 1545 3089 1608 in-

1882 1633 2186 1716 dignatio
2248 1643 2318 1698 et
2378 1635 2557 1698 furor
2638 1654 2825 1696 meus
2888 1653 3091 1716 super

1884 1722 2099 1787 scelus
2118 1743 2363 1786 eorum.
2412 1722 2503 1786 Et
2534 1722 2869 1786 suscitabo
2888 1742 3091 1804 super

1885 1831 2037 1874 eum
2086 1811 2246 1875 dicit
2306 1810 2617 1874 dominus
2670 1811 3087 1874 exercituum

1886 1899 2221 1982 flagellum
2262 1899 2463 1981 juxta
2508 1900 2776 1982 plagam
2816 1899 3083 1964 madian

1886 1988 1951 2051 in
1986 1998 2174 2070 petra
2219 1988 2424 2053 oreb:
2474 1997 2541 2051 et
2588 1989 2841 2070 virgam
2888 2009 3089 2071 super

1886 2097 2107 2141 mare:
2182 2086 2252 2141 et
2324 2076 2571 2141 levabit
2640 2097 2788 2140 eam
2851 2078 2918 2140 in
2976 2078 3087 2141 via

1884 2166 2133 2246 egypti.
2770 2165 2985 2228 Lectio
3016 2165 3085 2248 ij.

2038 2264 2065 2317 t
2094 2255 2235 2318 erit.
2327 2253 2409 2317 In
2444 2253 2551 2316 die
2596 2253 2709 2318 illa
2754 2252 3089 2318 auferetur

2036 2361 2203 2406 onus
2226 2341 2369 2423 ejus
2400 2344 2484 2405 de
2515 2342 2790 2406 humero
2809 2352 2927 2406 tuo
2954 2364 2971 2407 :
3016 2353 3085 2406 et

1880 2429 2116 2512 jugum
2141 2429 2284 2512 ejus
2306 2432 2393 2494 de
2414 2431 2587 2494 collo
2604 2441 2761 2496 tuo:
2806 2441 2876 2496 et
2906 2451 3084 2496 com·

1888 2529 2218 2603 putrescet
2284 2519 2521 2603 jugum
2598 2541 2639 2585 a
2714 2520 2879 2585 facie
2939 2519 3084 2585 olei.

1892 2608 2322 2673 Habitatores
2361 2609 2573 2691 jabyn
2618 2608 3083 2673 confortamini

1886 2697 2104 2761 adhuc
2150 2698 2292 2761 dies
2338 2708 2439 2761 cst
2484 2708 2558 2761 ut
2604 2699 2667 2761 vi
2710 2698 3083 2763 obstetur⁴:

1884 2786 2165 2868 agitabit
2214 2807 2482 2850 manum
2537 2808 2733 2869 super
2784 2797 3083 2851 montem

1886 2874 2020 2938 filie
2052 2896 2219 2957 syon
2252 2884 2321 2940 et
2351 2876 2588 2938 collem
2623 2875 3036 2939 hierusalem.

2038 2984 2148 3027 cce
2179 2965 2489 3027 dominus
2526 2984 2681 3028 con·
2716 2963 2957 3048 [Lectio
2988 2963 3083 3046 iij.

2036 3053 2275 3135 fringet
2328 3052 2785 3134 legunculam⁶
2830 3054 2895 3117 in
2952 3062 3083 3117 ter-

1884 3161 2061 3205 rore:
2094 3153 2161 3206 et
2192 3142 2436 3204 excelsi
2461 3150 2713 3205 statura
2744 3143 3087 3205 succiden-

1884 3228 2065 3296 tur⁶:
2127 3241 2195 3293 et
2255 3230 2571 3293 sublimes
2638 3230 3085 3293 humiliabun-

1883 3327 2004 3383 tur.
2102 3320 2190 3382 Et
2242 3318 2705 3382 subvertentur
2748 3321 3083 3383 condensa

1881 3406 2089 3471 saltus
2120 3408 2329 3471 ferro:
2376 3417 2444 3472 et
2490 3407 2748 3470 libanus
2780 3427 2929 3470 cum
2962 3428 3087 3470 ex-

1880 3497 2071 3560 celsis
2130 3497 2342 3560 cadet.
2442 3496 2527 3558 In
2579 3496 2909 3578 evangelio
2972 3506 3083 3561 ανῖ.

1880 3584 1985 3649 Tu
2033 3606 2104 3647 es
2164 3585 2277 3667 qui
2326 3594 2639 3647 venturus
2694 3606 2765 3648 es
2810 3585 3083 3647 domine

1879 3694 2079 3755 quem
2152 3684 2589 3755 expectamus
2672 3682 2746 3737 ut
2820 3674 3081 3737 salvum

1878 3763 2078 3826 facias
2104 3763 2422 3846 populum
2445 3772 2651 3826 tuum.
2720 3771 2821 3844 pff.
2870 3762 3085 3825 Bene-

1875 3851 2107 3915 dictus,

1962 3940 2087 4003 Ad
2131 3952 2423 4022 vesperas
2476 3939 2543 4001 in
2596 3940 2922 4021 evangelio
2972 3948 3081 4005 αῆ.

1876 4028 2008 4112 Qui
2042 4040 2193 4111 post
2219 4026 2361 4093 me⁷
2386 4030 2566 4092 venit
2596 4038 2753 4092 ante
2778 4026 2920 4091 me⁷
2946 4028 3079 4091 fac-

1877 4129 1984 4182 tus
2034 4127 2166 4181 est:
2218 4118 2403 4199 cujus
2455 4138 2585 4180 non
2637 4138 2783 4180 sum
2834 4116 3081 4198 dignus

1876 4206 2309 4271 calciamenta
2341 4205 2608 4270 solvere.
2648 4216 2747 4288 pf.
2800 4206 3078 4288 Magn't.

1946 4398 1965 4425 ⁵
1998 4395 2356 4458 lagunculam:
2395 4394 2452 4441 1⁴3.
2528 4395 2645 4458 lagu
2876 4413 2889 4443 :
2926 4394 2989 4443 G.

1946 4466 1965 4492 ⁶
1999 4462 2309 4510 succidetur:
2348 4461 2482 4509 EG.

1945 4531 1963 4557 ⁷
2004 4526 2141 4576 ‘me’
2168 4541 2302 4577 om.:
2346 4527 2428 4577 W.
