3375 5100
1580 335 1587 338 “
1602 321 1928 381 DOMINI
1925 325 1973 380 C
1969 325 2026 380 A

1106 435 1261 490 289

572 539 679 603 die
740 539 942 604 ociosi
1004 550 1073 604 at
1136 541 1227 603 illi
1291 540 1768 622 respondentes

570 629 923 693 dixerunt:
971 630 1129 710 quia
1176 648 1375 692 nemo
1429 648 1552 691 nos
1606 648 1766 691 con-

570 716 805 780 duxit:
853 718 943 780 ite
993 719 1058 781 in
1112 719 1375 781 vineam
1427 736 1645 779 meam
1699 725 1767 780 et

568 805 748 885 quod
794 805 1051 884 justum
1100 804 1294 868 fuerit
1346 805 1524 869 dabo
1555 803 1762 868 vobis.

549 901 653 973 ps.
704 892 1107 974 Magnificat.
1205 892 1449 957 Oratio,
1532 893 1764 955 Preces

568 980 795 1062 populi
847 982 959 1044 tui.
1076 980 1565 1062 Completorium
1614 999 1765 1042 vero

565 1088 689 1130 non
782 1079 1083 1131 mutatur
1175 1088 1373 1150 usque
1443 1068 1514 1130 in
1588 1067 1760 1130 diem

563 1155 819 1219 sabbati
830 1166 981 1237 post
1008 1156 1264 1220 cineres.

566 1247 630 1320 1[
676 1244 780 1306 Et
836 1244 1189 1307 notandum
1242 1242 1417 1326 quod
1461 1241 1766 1304 versiculi

560 1331 679 1413 qui
693 1341 1030 1412 ponuntur
1056 1333 1179 1394 hac
1204 1332 1311 1394 die
1338 1330 1620 1412 singulis
1648 1331 1758 1392 do-

562 1419 823 1482 mmicis
851 1441 1051 1502 usque
1090 1420 1189 1482 ad
1222 1419 1314 1482 xl.
1346 1419 1567 1482 debent
1608 1418 1756 1482 dict.

558 1509 996 1588 Responsoria
1026 1529 1172 1571 vero
1199 1507 1471 1570 horalia.
1523 1505 1761 1569 scilicet

560 1593 855 1676 Adjutor
884 1617 1071 1658 meus
1116 1605 1219 1659 etc.
1268 1617 1409 1658 cum
1455 1594 1758 1674 capitulis

557 1691 619 1744 et
677 1684 1011 1746 versiculis
1053 1683 1417 1765 prenotatis
1472 1681 1758 1763 singulis

556 1771 781 1833 diebus
840 1793 1036 1853 usque
1093 1773 1191 1835 ad
1244 1771 1411 1833 idem
1462 1781 1706 1851 tempus
1728 1794 1754 1834 .·

558 1859 695 1920 nisi
720 1881 863 1922 cum
906 1861 985 1922 de
1028 1861 1245 1941 aliquo
1280 1860 1459 1940 festo
1508 1869 1758 1940 agatur

494 1987 501 1992 -
554 1947 863 2010 dicuutur
932 1947 1031 2010 ad
1094 1948 1290 2010 horas
1352 1956 1591 2028 excepto
1648 1946 1757 2009 die

553 2035 837 2098 cinerum
856 2057 999 2098 cum
1021 2036 1228 2099 tribus
1249 2035 1469 2098 diebus
1495 2055 1752 2115 sequen-

555 2123 769 2186 tibus:
831 2124 947 2187 ubi
1004 2133 1351 2187 mutantur
1406 2122 1758 2203 antiphone

553 2221 615 2272 et
663 2212 947 2294 capitula
994 2213 1091 2275 ad
1126 2211 1334 2275 horas.
1424 2211 1509 2273 In
1545 2210 1752 2289 feriis

553 2319 699 2362 vero
743 2301 973 2381 hymni
1016 2311 1077 2363 et
1127 2299 1471 2381 antiphone
1509 2308 1646 2360 tam
1678 2298 1750 2360 in

552 2390 900 2452 matutinis
930 2409 1127 2471 quam
1155 2388 1223 2450 in
1244 2385 1519 2468 vesperis
1536 2396 1758 2466 preter

550 2477 935 2559 antiphonas
961 2488 1152 2558 super
1163 2475 1455 2558 psalmos
1487 2473 1749 2550 Magni-

552 2564 707 2628 ficat
736 2576 799 2627 et
844 2566 1243 2629 Benedictus
1290 2583 1488 2644 usque
1528 2563 1625 2623 ad
1656 2561 1744 2625 xl.

548 2663 903 2716 sumantur
927 2655 1008 2716 de
1035 2652 1238 2733 feria.
1337 2650 1569 2714 Oratio
1600 2671 1748 2712 vero

548 2740 960 2804 dominicalis
1002 2762 1199 2822 usque
1236 2738 1333 2802 ad
1368 2738 1540 2801 diem
1583 2740 1746 2801 cine-

549 2849 699 2890 rum
728 2838 975 2910 semper
1000 2829 1264 2892 dicatur
1288 2826 1385 2888 ad
1407 2826 1614 2888 horas.

552 2920 617 2992 01
680 2916 880 2979 Feria
954 2916 1015 2999 i]
1080 2916 1177 2978 ad
1238 2924 1433 2977 matu.
1512 2913 1743 2976 invita.

547 3004 805 3067 Venite.
958 3012 1060 3087 ps‘.
1151 3002 1521 3085 Jubilemus
1597 3002 1742 3065 deo,

546 3092 872 3171 Hymnus.
969 3092 1271 3172 Sompno
1305 3090 1579 3152 refectis,
1658 3090 1744 3151 In

546 3192 851 3243 nocturno
879 3190 981 3243 αῆ.
1037 3180 1365 3244 Dominus
1416 3178 1741 3240 defensor.

527 3276 629 3349 ps‘.
680 3266 1453 3332 Dominus·illuminat10.
1528 3275 1633 3328 etc.
1696 3283 1743 3351 y

546 3356 886 3420 Domine
870 3378 934 3419 m
968 3357 1128 3420 ce10.
1454 3354 1667 3415 Lectio
1681 3355 1743 3435 j.

538 3446 720 3575 Et
780 3445 1055 3528 protulit
1105 3453 1277 3508 terra
1322 3441 1596 3505 herbam
1646 3442 1740 3503 vi-

691 3545 944 3598 rentem
982 3543 1048 3596 et
1090 3532 1476 3595 afferentem
1511 3549 1739 3592 semen

532 3621 733 3702 juxta
792 3642 1003 3705 genus
1064 3639 1303 3685 suum:
1351 3618 1740 3701 lignumque

538 3709 785 3773 faciens
878 3710 1161 3774 fructum
1218 3731 1231 3771 :
1324 3716 1391 3771 et
1485 3705 1739 3769 habens

537 3800 1061 3881 unumquodque
1106 3805 1471 3860 sementem
1506 3814 1738 3856 secun-

536 3886 699 3949 dum
762 3889 1051 3970 speciem
1118 3905 1324 3948 suam.
1422 3884 1514 3945 Et
1568 3882 1739 3946 vidit

534 3976 701 4037 deus
725 3976 903 4056 quod
932 3983 1107 4037 esset
1131 3974 1381 4036 bonum
1409 3994 1423 4035 :
1456 3971 1736 4034 factum-

533 4082 664 4143 que
718 4072 818 4125 est
882 4082 1151 4143 vespere
1212 4070 1280 4125 et
1338 4079 1531 4122 mane
1590 4060 1733 4121 dies

534 4150 784 4213 tertius.
1419 4146 1632 4209 Lectio
1664 4146 1733 4228 ij.

690 4238 817 4299 ixit
893 4246 1116 4300 autem
1197 4237 1379 4299 deus,
1538 4234 1734 4297 Fiant

690 4326 1039 4389 luminaria
1128 4326 1193 4387 in
1312 4322 1736 4387 firmamento

530 4416 697 4477 celi:
754 4424 819 4477 et
866 4414 1167 4476 dividant
1218 4412 1396 4475 diem
1450 4431 1524 4474 ac
1582 4430 1736 4473 noc-

527 4518 663 4569 tem
714 4514 781 4567 et
812 4503 945 4565 sint
978 4502 1043 4565 in
1078 4502 1271 4581 signa
1319 4509 1385 4562 et
1434 4509 1736 4580 tempora

2385 430 2539 488 240

1874 547 1942 602 et
1993 538 2512 602 diesetannos:
2559 549 2634 603 ut
2685 540 2946 605 luceant
2999 533 3064 604 in

1873 626 2292 691 firmamento
2365 628 2488 692 celi
2565 637 2634 691 et
2694 629 3066 693 illuminent

1870 723 2128 779 terram.
2167 716 2258 779 Et
2278 714 2528 778 factum
2553 725 2656 779 est
2675 716 2785 780 ita.
2816 717 3062 799 Leaiij.

1867 805 2285 934 Fecitque
2363 803 2530 867 deus
2600 804 2738 867 duo
2818 826 3064 884 magna

2022 891 2414 954 luminaria:
2462 891 2784 955 luminare
2845 894 3064 973 majus

1867 987 1940 1040 ut
2003 990 2295 1060 preesset
2355 979 2532 1042 diei:
2609 991 2676 1042 et
2739 979 3062 1044 luminare

1866 1067 2085 1130 minus
2161 1077 2235 1130 ut
2311 1077 2602 1150 preesset
2680 1069 2876 1130 nocti.
2970 1069 3062 1132 Et

1864 1154 2106 1220 stellas.
2199 1155 2291 1218 Et
2337 1156 2558 1237 posuit
2599 1175 2712 1218 eas
2743 1156 2809 1218 in
2843 1155 3060 1220 firma-

1865 1253 2094 1306 mento
2169 1242 2292 1307 celi
2369 1253 2442 1307 ut
2504 1243 2799 1307 lucerent
2865 1265 3062 1326 super

1862 1339 2159 1394 terram:
2215 1341 2282 1394 et
2360 1341 2700 1413 preessent
2774 1332 2906 1394 diei
2981 1353 3060 1396 ac

1863 1421 2081 1481 nocti:
2141 1428 2209 1482 et
2269 1419 2643 1482 dividerent
2705 1418 2920 1483 lucem
2984 1441 3060 1484 ac

1861 1507 2186 1570 tenebras
2283 1507 2374 1569 Et
2433 1507 2600 1569 vidit
2661 1508 2828 1570 deus
2875 1509 3058 1590 quod

1857 1604 2032 1658 esset
2107 1594 2408 1658 bonum:
2485 1603 2554 1657 et
2630 1594 2878 1658 factum
2957 1607 3058 1658 est

1855 1703 2126 1764 vespere
2157 1693 2224 1745 et
2259 1702 2454 1745 mane
2485 1683 2627 1746 dies
2657 1692 2947 1765 quartus
3011 1701 3057 1768 y

1858 1771 2008 1832 Fiat
2041 1771 2488 1833 misericordia
2517 1779 2650 1834 tua.
2726 1772 2809 1833 In
2841 1772 3056 1834 laudi-

1855 1857 1973 1920 bus
2030 1867 2136 1921 αῆ.
2193 1859 2524 1920 Miserere.
2635 1867 2733 1939 pf.
2803 1859 3052 1942 Ipsum.

1853 1955 1958 2008 etc.
2051 1945 2422 2026 Capitulum
2454 1946 2764 2026 Vigilate.
2843 1948 3055 2028 Hym-

1855 2054 1980 2096 nus
2057 2034 2388 2115 Splendor
2447 2043 2741 2116 paterne.
2864 2052 2909 2121 y
2973 2035 3052 2098 In

1854 2122 2216 2185 matutinis
2305 2123 2390 2184 In
2435 2142 2691 2203 evange.
2723 2131 2828 2186 an.
2879 2123 3052 2188 Cum

1851 2219 2076 2272 autem
2131 2230 2278 2273 sero
2342 2209 2592 2273 sactum
2643 2219 2819 2274 esset
2880 2213 3054 2274 dixit

1851 2299 2161 2360 dominus
2220 2299 2412 2360 vinee
2473 2299 2876 2380 procuratori
2931 2321 3052 2362 suo

1851 2405 2016 2449 voca
2092 2387 2426 2466 operarios
2501 2395 2568 2449 et
2647 2386 2849 2450 redde
2925 2387 3050 2449 illis

1855 2473 2247 2537 mercedem.
2309 2482 2412 2556 ps.
2464 2473 2880 2538 Benedictus,
2927 2475 3050 2558 ky-

1854 2561 2173 2625 rieleison.
2265 2572 2371 2625 etc.
2481 2563 2725 2628 Oratio.
2821 2565 3049 2627 Preces

1849 2649 2078 2731 populi
2111 2650 2232 2713 tui.
2326 2650 2676 2731 Suffragia
2727 2652 3046 2715 dicantur.

1851 2736 1974 2801 Ad
2022 2737 2310 2818 primam
2378 2748 2482 2802 an.
2537 2739 2721 2802 Deus
2781 2741 3050 2805 exaudi.

1833 2833 1935 2907 ps‘.
1985 2824 2170 2888 Deus
2231 2827 2298 2888 in
2358 2828 2627 2889 nomine
2688 2836 2820 2891 tuo.
2911 2829 3048 2893 Αῆ.

1849 2913 2128 2977 Adesto,
2237 2922 2337 2994 ps’.
2417 2915 2813 2998 Quicunque
2887 2916 3046 2981 vult.

1847 3001 1974 3063 Ad
2027 3000 2287 3064 tertiam
2347 3010 2452 3066 aii.
2520 3003 2627 3066 Da
2688 3003 2867 3068 mihi.
2943 3014 3045 3086 ps.

1852 3090 2107 3171 Legem
2171 3109 2360 3171 pone.
2479 3090 2628 3171 Cap.
2697 3092 2880 3156 Sana
2939 3112 3048 3156 me

1848 3178 2136 3241 domine.
2229 3178 2342 3241 Re.
2391 3178 2688 3259 Adjutor
2720 3200 2923 3243 meus,
2999 3199 3046 3267 y

1849 3266 2002 3347 Ego
2090 3266 2252 3329 dixi.
2405 3266 2846 3348 Kyrieleison.
2937 3278 3042 3333 etc.

1853 3353 2096 3417 Oratio.
2178 3354 2410 3417 Preces
2443 3356 2690 3437 populi.
2765 3356 2890 3418 Ad
2909 3378 3046 3419 sex-

1847 3451 1982 3505 tam
2014 3450 2118 3505 αῆ.
2166 3440 2441 3522 Adjuva
2474 3463 2597 3507 me.
2631 3452 2731 3524 ps'z
2766 3443 3044 3508 Defecit.

1852 3529 2000 3611 Cap.
2065 3530 2311 3594 Omnia
2351 3540 2594 3594 autem.
2685 3531 2800 3595 Re.
2859 3533 3044 3595 Deus

1847 3619 2248 3681 misereatur.
2343 3634 2388 3703 y
2467 3619 2796 3683 Dominus
2858 3622 3044 3703 regit.

1844 3706 2261 3787 kyrieleison.
2381 3715 2487 3769 etc.
2627 3708 2862 3772 Oratio
2973 3719 3050 3771 ut

1842 3805 2058 3875 supra.
2170 3793 2295 3856 Ad
2338 3815 2576 3857 nonam
2622 3816 2728 3859 an.
2789 3796 3044 3877 Aspice

1846 3883 1911 3944 in
1939 3901 2061 3945 me.
2124 3890 2225 3963 ps.
2259 3882 2610 3947 Mirabilia.
2665 3883 2822 3966 Cap
2847 3886 3044 3948 Alter

1845 3969 2128 4033 alterius
2221 3970 2332 4033 Re.
2412 3971 2740 4035 Custodi
2735 3993 2902 4035 nos,
2998 3991 3044 4058 y

1844 4057 1959 4120 Ab
1991 4058 2282 4121 occultis,
2316 4058 2543 4140 kyriel.
2611 4071 2716 4123 etc.
2813 4060 3044 4125 Oratio

1835 4155 1911 4207 ut
1937 4156 2152 4227 supra.
2245 4146 2369 4209 Ad
2410 4158 2702 4229 vesperas
2748 4150 3044 4213 an.1n-

1837 4234 2120 4297 clinavit.
2201 4244 2299 4315 ps'.
2352 4234 2596 4299 Dilexi.
2686 4246 2792 4300 etc.
2891 4237 3040 4319 Cap.

1840 4321 2168 4385 Dominus
2246 4333 2470 4387 autem
2549 4326 2808 4407 dirigat.
2922 4327 3037 4388 Re.

1841 4411 2011 4493 Spes
2044 4432 2210 4474 mea.
2303 4412 2624 4491 Hymnus.
2701 4414 3036 4477 Immense

1840 4498 1977 4562 celi.
2073 4516 2118 4585 y
2167 4499 2450 4580 Dirigat1
2481 4522 2524 4564 r.
2629 4502 2712 4563 In
2775 4522 3031 4584 evange.
