3375 5100
1592 345 2007 400 DOMJNJCA

1121 454 1214 508 27

2400 453 2501 510 28

573 559 816 642 syon¹t
875 559 1379 625 ambulaverunt
1443 558 1715 622 brachio
1733 557 1758 594 ²
1858 560 2114 624 timeas.
2202 569 2267 623 et
2292 569 2507 625 cetera.

574 657 886 713 extento:
955 659 1024 713 et
1090 649 1355 712 nutibus
1419 646 1761 712 oculorum

573 737 794 801 ibant:
876 746 945 801 et
1022 737 1464 820 plaudebant:
1535 745 1606 800 et
1695 735 1759 798 in

573 825 852 908 pedibus
909 825 1045 889 suis
1133 823 1604 907 incomposito⁸
1661 821 1765 886 in·-

573 914 898 978 cedebant
940 913 1190 994 gradu:
1233 913 1603 976 decalvabit
1645 913 1765 974 do-

576 1003 794 1064 minus
842 1001 1154 1066 verticem
1214 1001 1495 1065 filiarum
1555 1019 1767 1082 syon:

573 1098 641 1152 et
671 1090 980 1153 dominus
1009 1089 1252 1154 crinem
1289 1109 1514 1154 earum
1560 1089 1769 1152 nuda„-

576 1178 690 1242 bit.
779 1177 864 1240 In
891 1198 1142 1259 evange.
1173 1186 1278 1244 ar‘i.
1357 1178 1598 1241 Veniet
1628 1176 1769 1239 dies

576 1265 828 1330 domini
883 1285 1162 1347 magnus
1213 1275 1282 1330 et
1343 1264 1811 1329 manifestus:-

577 1354 690 1435 qui
720 1374 874 1417 eum
895 1354 1334 1420 invocaverit:
1381 1354 1600 1418 salvus
1630 1353 1769 1416 erit.

563 1451 664 1523 pi.
713 1443 1123 1506 Benedictus,
1209 1442 1336 1505 Ad
1357 1451 1646 1523 vesperas
1671 1441 1773 1503 di-

577 1530 842 1594 cendum
912 1541 1007 1594 est
1058 1531 1140 1594 de
1191 1529 1780 1593 commemoratione

581 1617 755 1682 beate
796 1619 1081 1701 virgy'nis
1099 1641 1124 1683 .·
1189 1618 1325 1682 nisi
1386 1618 1780 1699 impediatur

567 1716 692 1788 per
708 1706 960 1787 festum
991 1707 1066 1770 ix
1089 1707 1423 1771 lectionum
1437 1715 1641 1788 prout
1667 1726 1775 1768 no-

585 1805 768 1858 tatur
780 1796 1079 1876 proximo
1107 1795 1366 1860 sabbato
1393 1804 1545 1878 post
1568 1793 1775 1875 hysto-

583 1883 758 1947 riam
792 1883 1080 1947 Domine
1122 1903 1208 1947 ne
1252 1885 1318 1947 in
1365 1884 1475 1947 ira.
1563 1882 1785 1946 Etad

585 1982 878 2052 vesperas
920 1973 991 2036 in
1029 1972 1152 2036 hac
1182 1973 1368 2054 feria
1394 1981 1572 2034 sata
1599 1971 1772 2053 fiat⁴

585 2061 896 2124 memoria
913 2061 992 2123 αἰ*
1015 2061 1296 2124 adventu
1312 2084 1336 2124 .·
1365 2081 1508 2122 cum
1531 2060 1652 2122 hac
1665 2068 1771 2122 αῆ.

586 2148 698 2211 Ex
729 2157 979 2231 egypto
1008 2151 1235 2214 vocavi
1277 2148 1485 2212 filium
1519 2168 1773 2212 meum:

582 2238 802 2301 veniet
833 2247 906 2301 ut
942 2237 1152 2302 salvet
1196 2237 1516 2320 populum
1561 2257 1773 2300 suum.

583 2326 683 2390 Et
726 2326 796 2388 in
839 2327 1100 2390 sabbato
1128 2327 1225 2389 ad
1255 2326 1614 2390 matutinas
1638 2324 1781 2407 fiat

583 2416 891 2477 memoria
935 2413 1014 2477 de
1055 2415 1380 2478 adventu:
1416 2435 1559 2476 cum
1605 2413 1778 2476 anti-

573 2501 794 2584 phona
815 2526 838 2565 .·
903 2501 1087 2584 Syon
1143 2502 1278 2566 noli
1331 2503 1579 2566 timere.
1628 2519 1781 2565 ecce

586 2590 752 2654 deus
799 2600 952 2654 tuus
975 2592 1209 2654 veniet.
1296 2589 1606 2653 Alleluia.

592 2682 657 2756 «Ι
681 2679 1024 2742 Dominica
1039 2678 1326 2741 secunda.
1372 2680 1469 2742 ad
1481 2688 1783 2759 vesperas.

676 2767 810 2831 Aa.
891 2766 1302 2831 Benedictus
1343 2775 1444 2848 pff.
1529 2766 1782 2849 Ipsum.

587 2864 693 2918 etc.
790 2853 1158 2936 Capitulum
1222 2855 1302 2918 In
1361 2855 1594 2919 diebus
1653 2854 1783 2918 illis

587 2944 700 3006 Re.
763 2941 1005 3006 Alieni.
1093 2943 1404 3024 Hymnus
1463 2943 1785 3009 Conditor

593 3030 784 3095 alme.
851 3032 902 3107 Ῠ
950 3032 1197 3095 Rorate
1243 3031 1382 3097 celi.
1465 3032 1552 3095 In
1602 3052 1781 3095 evan.

587 3129 695 3183 αῆ.
788 3119 1130 3183 Bethleem
1155 3140 1286 3183 non
1311 3142 1380 3184 es
1412 3120 1685 3183 minima
1716 3121 1782 3183 in

591 3207 994 3291 principibus
1048 3208 1253 3293 juda:
1329 3229 1417 3271 ex
1476 3218 1544 3273 te
1605 3208 1781 3271 enim

591 3298 774 3360 exiet
827 3297 1008 3360 dux:
1057 3298 1168 3379 qui
1224 3307 1408 3379 regat
1461 3296 1781 3380 populum

591 3404 815 3448 meum
846 3385 1080 3448 israel:
1127 3386 1268 3467 ipse
1302 3387 1480 3450 enim
1526 3384 1783 3449 salvum

589 3473 787 3537 faciet
817 3473 1135 3556 populum
1173 3495 1366 3538 suum
1411 3496 1452 3537 a
1495 3475 1783 3557 peccatis

592 3581 834 3627 eorum.
913 3571 1012 3644 pf.
1053 3561 1454 3645 Magnificat.
1539 3562 1780 3627 Oratio.

743 3652 926 3715 xcita
974 3651 1247 3715 domine
1299 3652 1501 3715 corda
1559 3660 1785 3715 nostra

765 3741 850 3804 ad
926 3740 1372 3822 preparandas
1463 3740 1783 3821 unigeniti

592 3829 690 3894 tui
732 3829 872 3892 vias
924 3838 998 3893 ut
1049 3849 1167 3910 per
1225 3827 1366 3909 ejus
1426 3829 1786 3892 adventum

594 3916 950 4000 purificatis
996 3917 1116 3981 tibi
1179 3918 1509 3981 mentibus
1549 3918 1790 3980 servire

595 4023 978 4068 mereamur.
1093 4004 1226 4093 Qui
1302 4014 1537 4069 tecum.
1644 4006 1789 4068 Me-

595 4092 805 4157 moria
905 4092 985 4154 de
1083 4092 1362 4159 domina.
1471 4093 1606 4157 Αῆ.
1683 4095 1790 4159 Ne

665 4331 678 4361 ¹
721 4329 825 4380 ‘et’
850 4329 988 4379 add:
1025 4328 1249 4379 E.G.W.

661 4398 684 4429 ²
715 4412 806 4461 pro
837 4394 1111 4455 ‘brachio,'
1136 4394 1269 4444 collo
1296 4412 1307 4445 :
1346 4394 1564 4447 E.G.W.

662 4465 684 4494 ⁸
715 4462 1040 4513 ambulabant
1075 4462 1288 4526 pedibus
1310 4461 1412 4511 suis
1435 4470 1484 4513 et
1509 4464 1789 4530 composito

599 4528 963 4595 (incomposito,
992 4528 1095 4591 W.)
1128 4546 1140 4577 :
1177 4528 1399 4579 E.G.W.

1945 649 2071 712 Ad
2134 647 2494 712 matutinas
2584 645 3055 711 Invitatorium

1862 737 2127 818 Sui-gite
2148 737 2533 819 vigilemus:
2570 736 2791 800 venite
2824 736 3055 798 adore-

1864 845 2025 888 muS.
2160 825 2337 908 Quia
2453 825 2717 888 nescitis
2820 823 3051 888 horam

1862 913 2131 996 quando
2201 913 2423 977 veniet
2510 913 2837 976 dominus.
2953 921 3059 994 pff.

1862 1002 2119 1066 Venite.
2207 1001 2519 1082 Hymnus
2579 1000 2875 1064 Verbum
2950 1021 3061 1063 su·

1862 1110 2159 1173 pernum.
2246 1089 2331 1152 In
2344 1089 2567 1170 primo
2594 1099 2896 1154 nocturno
2922 1089 3059 1152 Αῆ.

1869 1180 2023 1243 Non
2084 1177 2428 1242 auferetur.
2488 1186 2582 1258 pf.
2640 1177 2885 1240 Beatus
2942 1178 3059 1242 vir.

1867 1266 1961 1331 Et
2006 1277 2239 1332 cetera.
2328 1276 2405 1329 ut
2442 1276 2657 1349 supra.
2710 1265 3061 1328 versibulus

1872 1357 1981 1420 Ex
2012 1375 2195 1438 syon.
2770 1352 3059 1436 Latios.

2022 1455 2243 1508 actum
2292 1451 2394 1506 est
2442 1451 2665 1506 autem
2711 1441 2779 1505 in
2829 1441 3061 1505 diebus

2024 1531 2265 1596 achaz⁵
2296 1530 2410 1594 filii
2436 1531 2737 1613 joatham
2770 1529 2885 1594 filii
2916 1531 3063 1594 ozie

1869 1621 2041 1702 regis
2092 1621 2295 1703 juda:
2350 1620 2645 1684 ascendit
2698 1639 2895 1700 rasyn
2942 1637 3063 1680 rex

1870 1711 2044 1791 syrie
2114 1717 2181 1772 et
2250 1707 2467 1772 fascee
2542 1706 2715 1770 filius
2789 1705 3064 1770 romelie

1875 1818 1996 1861 rex
2041 1796 2232 1860 israel
2278 1797 2345 1858 in
2376 1795 2767 1859 hierusalem
2800 1795 2887 1858 ad
2918 1815 3066 1877 pre·

1872 1885 2164 1950 liandum
2236 1893 2467 1948 contra
2538 1903 2729 1948 eam:
2803 1893 2873 1948 et
2932 1903 3065 1946 non

1872 1983 2227 2056 potuerunt
2286 1971 2616 2036 debellare
2676 1991 2841 2038 eam.
2934 1972 3069 2034 Re-

1870 2063 2121 2146 quievit
2170 2063 2348 2144 syria
2404 2080 2602 2143 super
2658 2060 2951 2124 effraim:
2996 2069 3067 2122 et

1870 2159 2277 2214 commotum
2331 2159 2433 2212 est
2484 2168 2597 2214 cor
2645 2148 2787 2230 ejus
2834 2159 2903 2212 et
2954 2166 3069 2211 cor

1874 2238 2101 2322 populi
2134 2239 2275 2320 ejus
2305 2240 2473 2301 sicut
2505 2246 2853 2301 moventur
2888 2236 3070 2318 ligna

1877 2325 2235 2391 olivarum⁶
2294 2346 2335 2390 a
2398 2325 2565 2389 facie
2625 2325 2823 2389 venti.
2918 2325 3067 2387 Hec

1876 2417 2034 2480 dicit
2066 2415 2389 2478 dominus,
2480 2413 2595 2476 Re.
2645 2411 3069 2476 Hierusalem

1878 2505 2010 2569 cito
2084 2503 2305 2567 veniet
2392 2502 2571 2567 salus
2659 2511 2777 2567 tua
2868 2521 3073 2585 quare

1880 2614 2133 2656 merore
2222 2593 2663 2657 consumeris:
2772 2590 3071 2672 nunquid

1878 2680 2282 2745 consiliarius
2302 2700 2433 2743 non
2458 2690 2559 2744 est
2588 2679 2746 2744 tibi:
2794 2680 2951 2761 quia
2974 2681 3073 2741 in·

1882 2771 2147 2833 novavit
2175 2779 2245 2833 te
2275 2770 2479 2833 dolor.
2570 2767 2862 2833 Salvabo
2894 2776 2960 2830 te
3001 2776 3075 2830 et

1880 2859 2174 2922 liberabo
2254 2866 2363 2921 te:
2454 2855 2589 2919 noli
2664 2857 2913 2919 timere.
3022 2854 3075 2930 Ϋ

1884 2946 2086 3010 Israel
2117 2946 2170 3009 si
2204 2966 2309 3008 me
2341 2946 2622 3008 audieris
2660 2964 2791 3007 non
2838 2945 2958 3007 erit
3004 2944 3075 3009 in

1880 3045 1949 3098 te
1986 3035 2152 3098 deus
2197 3054 2460 3097 recens:
2506 3053 2721 3115 neque
2766 3032 3076 3095 adorabis

1878 3124 2079 3187 deum
2112 3122 2437 3187 alienum:
2484 3142 2610 3203 ego
2639 3122 2815 3184 enim
2859 3120 3077 3184 domi-

1881 3233 2020 3276 nuS.
2112 3210 2418 3277 Salvab0.
2762 3210 2974 3272 Lectio
3004 3209 3077 3291 ij.

1880 3300 2162 3432 Dixit
2254 3309 2475 3363 autem
2573 3297 2880 3361 dominus
2988 3298 3077 3361 ad

2035 3388 2328 3469 ysaiam:
2378 3387 2708 3469 Egredere
2750 3388 2813 3449 in
2854 3406 3081 3449 occur-

1884 3496 2029 3539 sum
2049 3475 2253 3539 achaz
2272 3485 2341 3539 tu
2368 3484 2434 3539 et
2458 3475 2570 3557 qui
2592 3473 2945 3537 derelictus
2976 3484 3081 3537 est

1878 3564 2075 3647 jasub
2129 3563 2299 3627 filius
2349 3575 2499 3627 tuus
2561 3564 2645 3627 ad
2697 3573 3079 3626 extremum

1885 3653 2293 3737 aqueductus
2366 3653 2612 3734 piscine
2691 3652 3081 3734 superioris:

1887 3753 1955 3806 et
1982 3742 2163 3806 dices
2194 3740 2277 3803 ad
2311 3760 2500 3803 eum:
2542 3739 2714 3803 Vide
2738 3759 2821 3803 ne
2846 3740 3039 3802 sileas
3066 3760 3083 3803 ε

1890 3830 2021 3893 noli
2085 3831 2351 3892 timere:
2428 3837 2496 3891 et
2568 3848 2682 3893 cor
2744 3836 2933 3891 tuum
2996 3847 3085 3890 ne

1890 3917 2198 3981 formidet
2228 3938 2269 3980 a
2299 3917 2554 3980 duabus
2586 3917 2810 3980 caudis
2845 3916 3085 3997 tyrsio-

1890 4004 2084 4069 num⁷
2116 4006 2580 4087 fumigantium
2606 4005 2897 4067 istorum.
2965 4004 3085 4067 Re.

1891 4095 2115 4159 Alieni
2146 4115 2278 4157 non
2309 4093 2680 4157 transibunt
2721 4113 2839 4176 per
2865 4093 3086 4156 hieru·-

2018 4335 2042 4430 ἰ
2073 4332 2387 4448 Αεέαξ.εσ(.ῗ.

2019 4468 2039 4495 ⁸
2072 4481 2163 4541 pro
2192 4470 2205 4492 ‘
2223 4464 2461 4513 olivarum
2478 4464 2491 4487 ’
2517 4464 2763 4528 sylvarum
2792 4480 2804 4513 ι
2839 4462 3063 4513 E.G.W.

2025 4534 2043 4561 ⁷
2078 4540 2306 4581 tmonum
2334 4550 2345 4580 ε
2384 4532 2515 4580 E.G.
