3375 5100
1294 282 1627 337 SANCTE
1675 283 1969 339 MARIE.

918 388 1057 443 677

387 497 630 562 david:
679 517 810 561 non
858 507 1118 561 tantum
1171 497 1258 559 ad
1300 496 1580 579 joseph:

383 589 500 650 sed
551 586 752 649 etiam
803 588 1089 669 pertinet
1139 585 1225 649 ad
1280 586 1577 649 mariam.

385 674 588 757 Legis
620 695 883 758 nanque
915 684 1053 738 erat
1085 682 1469 755 preceptum
1501 683 1577 738 ut

381 764 466 826 de
511 784 631 827 sua
677 766 956 846 quisque
985 764 1160 826 tribu
1208 783 1285 826 ac
1327 762 1576 825 familia

381 851 651 915 duceret
693 872 1015 915 uxorem:
1063 850 1367 933 apostolo
1413 871 1576 932 quo-

379 960 511 1021 que
564 950 964 1003 attestante:
1033 942 1144 1021 qui
1207 940 1291 1002 ad
1353 947 1574 1021 tymo-

355 1028 607 1091 theum
639 1029 930 1093 scribens
959 1029 1072 1092 ait.
1140 1028 1402 1091 Memor
1431 1036 1575 1090 esto

377 1116 577 1198 igitur
603 1118 830 1199 Jesum
867 1117 1202 1182 Christum
1241 1136 1575 1179 resurrex-

374 1204 504 1267 isse
536 1226 575 1268 a
623 1207 897 1269 mortuis
943 1226 1030 1269 ex
1077 1206 1329 1268 semine
1372 1204 1571 1268 david

375 1296 810 1358 secumdum¹
861 1296 1278 1376 evangelium
1329 1313 1570 1357 meum.

377 1381 544 1445 Ideo
592 1382 767 1446 enim
817 1384 1136 1447 veraciter
1182 1402 1271 1445 ex
1319 1382 1572 1445 semine

372 1470 572 1533 david
626 1481 809 1535 ortus
858 1481 961 1536 est
1007 1471 1359 1534 dominus:
1412 1472 1569 1552 quia

373 1559 752 1643 incorrupta
796 1560 938 1641 ejus
995 1560 1288 1642 genitrix
1341 1580 1566 1622 veram

370 1647 457 1710 de
502 1649 704 1730 stirpe
743 1649 943 1711 david
988 1649 1310 1729 originem
1352 1646 1566 1711 duxit.

368 1734 484 1798 Re.
554 1736 705 1800 Ave
741 1739 945 1800 maria
975 1738 1190 1818 gratia
1220 1736 1416 1818 plena
1447 1736 1564 1799 do-

371 1824 587 1888 minus
639 1835 876 1889 tecum.
969 1825 1254 1907 Spiritus
1301 1832 1565 1888 sanctus

365 1915 785 1994 superveniet
830 1915 896 1976 in
928 1923 995 1978 te
1026 1923 1095 1977 et
1132 1914 1339 1976 virtus
1385 1913 1566 1976 altis·

365 2001 514 2063 simi
547 2001 972 2067 obumbrabit
1015 2001 1134 2066 tibi
1174 2002 1352 2083 quod
1385 2002 1560 2064 enim

364 2109 454 2151 ex
500 2099 568 2153 te
613 2100 920 2155 nascetur
963 2099 1266 2154 sanctum
1297 2090 1560 2154 vocabi-

363 2185 472 2239 tur
517 2178 688 2243 filius
735 2180 860 2243 dei.
949 2196 998 2265 γ
1044 2177 1405 2261 Quomodo
1445 2177 1560 2242 fiet

363 2265 540 2329 istud
591 2269 908 2349 quoniam
955 2268 1167 2331 virum
1223 2286 1354 2329 non
1404 2286 1558 2348 cog-

363 2374 565 2418 nosco
641 2366 708 2419 et
795 2356 1200 2439 respondens
1285 2356 1559 2436 angelus

359 2442 536 2506 dixit
567 2446 643 2509 ei.
735 2444 1038 2529 Spiritus,
1214 2444 1428 2506 Lectio
1457 2444 1556 2527 iij.

357 2535 774 2663 Ingressus
848 2543 1074 2598 autem
1133 2531 1408 2614 angelus
1467 2533 1554 2596 ad

465 2641 613 2684 eam
646 2623 838 2688 dixit.
929 2623 1080 2687 Ave
1110 2622 1325 2704 gratia
1355 2621 1555 2704 plena

357 2708 665 2773 dominus
698 2720 956 2774 tecum:
999 2710 1350 2774 benedicta
1379 2719 1450 2773 tu
1485 2710 1552 2773 in

357 2796 758 2863 mulieribus,
816 2798 967 2882 Que
997 2799 1310 2862 salutatio
1342 2818 1553 2880 quan-

353 2894 497 2948 tum
529 2887 820 2950 humane
863 2886 1319 2951 consuetudini
1367 2887 1553 2950 inau-

353 2975 533 3040 dita:
605 2985 868 3039 tantum
927 2986 1030 3039 est
1089 2976 1283 3039 beate
1345 2976 1550 3039 marie

353 3064 664 3145 dignitati
725 3083 1032 3146 congrua.
1136 3064 1310 3128 Vere
1369 3065 1546 3126 enim

349 3153 566 3233 gratia
626 3162 767 3216 erat
825 3153 1066 3235 plena:
1156 3153 1260 3217 cui
1322 3153 1546 3215 divino

349 3260 621 3304 munere
664 3240 980 3304 collatum
1027 3250 1166 3306 est:
1213 3250 1288 3304 ut
1332 3241 1547 3322 prima

347 3328 518 3392 inter
548 3328 826 3394 seminas
847 3328 1392 3412 gloriosissimum
1417 3330 1545 3393 deo

345 3419 740 3499 virginitatis
762 3439 1002 3481 munus
1025 3417 1305 3480 offerret.
1343 3417 1544 3481 Unde

339 3503 486 3586 jure
534 3507 878 3589 angelico²
915 3515 1186 3589 aspectu
1231 3505 1428 3568 simul
1475 3515 1542 3568 et

344 3593 550 3657 affatu
611 3595 848 3659 meruit
897 3595 1184 3677 perfrui:
1269 3613 1399 3675 que
1446 3595 1544 3657 vi-

341 3691 480 3745 tam
535 3683 904 3765 angelicam
964 3684 1221 3747 studuit
1281 3683 1539 3746 imitari.

342 3771 456 3834 Re.
506 3771 783 3854 Suscipe
813 3771 1087 3836 verbum
1112 3773 1300 3853 virgo
1331 3772 1539 3834 maria

341 3859 521 3940 quod
554 3861 674 3923 tibi
707 3881 750 3924 a
778 3861 1052 3924 domino
1076 3880 1194 3943 per
1223 3859 1536 3941 angelum

340 3950 799 4012 transmissum
854 3959 994 4012 est:
1040 3949 1374 4031 concipies
1419 3968 1538 4030 per

337 4056 562 4100 aurem
595 4038 796 4101 deum
829 4037 1044 4120 paries
1075 4045 1142 4100 et
1172 4036 1531 4100 hominem.

339 4125 436 4189 Ut
461 4125 812 4190 benedicta
834 4127 1071 4191 dicaris
1102 4127 1272 4188 inter
1300 4145 1532 4188 omnes

334 4213 657 4278 mulieres.
751 4232 795 4301 γ
854 4215 1074 4277 Paries
1123 4213 1393 4297 quidem
1455 4213 1528 4275 fi-

331 4301 532 4368 lium:
579 4303 696 4366 sed
729 4304 1091 4386 viginitatis
1137 4322 1271 4365 non
1319 4301 1526 4384 patie-

692 4441 704 4470 ¹
741 4439 1046 4489 secundum:
1084 4437 1368 4489 E.G.W.S.

690 4509 710 4537 ²
741 4505 973 4570 anglico:
1009 4506 1067 4554 F..

2198 392 2345 447 678

1678 496 1764 559 ris
1790 498 2259 561 detrimentum
2282 497 2577 562 efficieris
2600 498 2871 581 gravida

1675 594 1744 647 et
1773 587 1898 648 eris
1930 596 2142 649 mater
2170 607 2432 669 semper
2456 588 2719 651 intacta.
2774 589 2871 653 Ut

1675 672 2041 739 benedicta.
2109 674 2335 739 Gloria
2366 678 2553 759 patri.
2636 677 2731 741 Ut
2757 676 2868 740 be-

1673 762 1955 825 nedicta.
2048 780 2095 849 y
2141 764 2395 826 Emitte
2426 784 2693 847 agnum.
2782 766 2867 829 In

1668 850 2095 981 prophete
2140 853 2356 933 predi·
2391 852 2718 935 [laudibus
2760 864 2867 917 att.

1803 951 2117 1003 caverunt
2147 941 2326 1003 nasci
2356 942 2751 1003 salvatorem
2785 942 2869 1005 de

1668 1027 1919 1109 virgine
1950 1029 2173 1091 maria.
2211 1038 2311 1110 ps.
2362 1030 2691 1093 Dominus
2724 1050 2866 1112 reg-

1669 1118 1868 1180 navit.
1930 1125 1990 1178 et
2017 1118 2205 1179 ceteri
2216 1118 2469 1199 psalmi
2502 1118 2621 1181 sub
2648 1118 2864 1182 eadem

1667 1212 1818 1268 aria.
1868 1203 2255 1286 Capitulum.
2306 1207 2481 1270 Ecce
2499 1206 2683 1287 virgo
2708 1226 2862 1271 con-

1668 1292 1884 1375 cipiet.
1942 1293 2265 1374 Hymnus.
2331 1294 2393 1360 O
2424 1294 2713 1377 gloriosa
2742 1296 2862 1359 do-

1667 1382 1863 1445 mina.
1943 1399 1990 1468 γ
2038 1382 2261 1465 Elegit
2292 1404 2457 1447 eam.
2529 1384 2610 1446 In
2639 1404 2860 1466 evang.

1663 1478 1771 1533 αῆ.
1849 1470 2135 1553 Spiritus
2184 1481 2453 1535 sanctus
2513 1472 2581 1534 in
2634 1481 2701 1535 te
2746 1474 2861 1536 de-

1617 1602 1622 1606 ·
1661 1559 1934 1622 scendet
1966 1560 2173 1623 maria
2219 1579 2302 1623 ne
2338 1562 2575 1623 timeas
2606 1559 2859 1625 habens

1663 1645 1730 1709 in
1763 1657 1951 1710 utero
1997 1646 2203 1711 filium
2246 1650 2352 1712 dei
2398 1648 2679 1713 alleluia.
2754 1659 2857 1731 ps.

1663 1734 2079 1799 Benedictus,
2129 1736 2374 1801 Oratio,
2424 1736 2609 1800 Deus
2640 1737 2857 1819 quide

1660 1822 1855 1885 beate
1916 1825 2135 1887 marie.
2242 1825 2368 1887 Ad
2405 1826 2699 1906 primam
2748 1835 2853 1891 art.

1662 1910 1931 1975 Orietur
1959 1914 2129 1975 sicut
2158 1912 2258 1976 sol
2302 1913 2591 1977 salvator
2623 1915 2851 1977 mundi

1659 2008 1727 2061 et
1772 2000 2131 2064 descendet
2175 2001 2243 2063 in
2290 2012 2549 2065 uterum
2584 2002 2851 2084 virginis

1655 2088 1827 2151 sicut
1857 2089 2137 2171 hymber
2158 2090 2183 2127 ³
2213 2110 2410 2172 super
2437 2110 2709 2172 gramen
2756 2091 2851 2153 al-

1657 2174 1870 2240 leluia.
1945 2186 2044 2258 ps'.
2098 2178 2284 2242 Deus
2315 2179 2383 2241 in
2416 2178 2683 2241 nomine
2714 2188 2847 2244 tu0.

1652 2274 1759 2329 etc.
1852 2265 2011 2329 Αῆα
2029 2266 2053 2303 ⁴
2112 2266 2194 2328 de
2268 2267 2331 2331 Τ
2325 2266 2596 2330 rinitate
2638 2276 2855 2348 ‘super

1637 2354 1972 2433 psalmum
2034 2354 2428 2438 Quicunque
2458 2355 2599 2419 vult
2629 2355 2769 2419 salv
2774 2376 2847 2418 us

1652 2462 1811 2505 esse.
1878 2443 1989 2506 Re.
2050 2444 2210 2525 Jesu
2249 2444 2523 2508 Christe.
2618 2460 2664 2531 γ
2711 2443 2845 2527 Qui

1652 2529 1739 2594 de
1769 2531 2019 2614 virgine
2066 2540 2171 2597 etc.
2259 2531 2385 2596 Ad
2405 2532 2665 2596 tertiam
2696 2542 2845 2598 αῆα.

1652 2619 1899 2683 Missus
1958 2631 2059 2686 est
2120 2620 2368 2723 gabriel
2431 2621 2704 2704 angelus
2757 2623 2844 2685 ad

1651 2709 1926 2772 mariam
1986 2711 2307 2792 virginem
2368 2710 2844 2792 desponsatam

1639 2796 1897 2879 joseph.
1972 2808 2075 2880 ps.
2125 2799 2375 2881 Legem
2430 2819 2604 2880 pone
2666 2799 2843 2864 mihi.

1651 2884 2039 2966 Capitulum.
2089 2887 2385 2951 Locutus
2409 2897 2509 2951 est
2533 2886 2842 2951 dominus

1641 2974 1729 3037 ad
1762 2974 1981 3038 achaz.
2050 2985 2126 3038 ut
2170 2975 2431 3057 infesto
2456 2976 2843 3040 Annuncia-

1643 3063 1855 3126 tionis.
1922 3063 2033 3128 Re.
2084 3064 2255 3128 Veni
2301 3065 2387 3129 ad
2423 3064 2837 3128 liberandum

1642 3170 1765 3214 nos
1818 3152 2088 3216 domine
2148 3153 2313 3216 deus
2364 3153 2698 3216 virtutum.
2795 3170 2839 3239 γ

1644 3239 1735 3304 Et
1778 3240 2057 3304 ostende
2089 3239 2325 3304 faciem
2356 3250 2541 3304 tuam
2575 3251 2644 3304 et
2672 3240 2836 3304 salvi

1639 3329 1898 3392 erimus
1994 3329 2283 3392 Domine
2338 3329 2517 3392 deus.
2611 3327 2837 3392 Gloria

1637 3417 1827 3498 patri.
1874 3417 2063 3482 Veni.
2107 3434 2156 3503 γ
2198 3417 2560 3480 Timebunt
2582 3427 2834 3499 gentes

1642 3505 1873 3568 Oratio
1896 3515 1973 3567 ut
1996 3516 2211 3587 supra.
2301 3505 2427 3567 Ad
2448 3515 2695 3567 sextam
2727 3515 2835 3570 aii.

1635 3593 1788 3656 Ave
1818 3594 2028 3657 maria
2056 3595 2271 3675 gratia
2303 3593 2499 3675 plena
2521 3591 2833 3658 dominus

1633 3690 1855 3744 tecum
1875 3681 2225 3746 benedicta
2256 3691 2326 3744 tu
2361 3683 2426 3744 in
2453 3681 2832 3746 mulieribus

1632 3769 1912 3834 alleluia.
1984 3779 2085 3852 ps'.
2135 3771 2395 3834 Defecit
2427 3770 2494 3832 in
2526 3769 2829 3835 salutare.

1638 3857 2007 3940 Capitulum
2057 3860 2234 3923 Ecce
2264 3861 2451 3940 virgo
2482 3858 2827 3940 concipiet.

1631 3957 1707 4010 ut
1732 3963 1947 4029 supra.
1993 3945 2103 4012 Re.
2154 3947 2455 4011 Ostende
2486 3946 2675 4009 nobis
2707 3947 2825 4011 do-

1630 4036 1851 4099 mine:
1906 4036 2419 4099 misericordiam
2484 4044 2689 4098 tuam.
2778 4053 2825 4122 γ

1632 4123 1720 4187 Et
1752 4124 2035 4187 salutare
2068 4135 2256 4188 tuum
2290 4125 2377 4187 da
2408 4125 2615 4188 nobis,
2696 4124 2826 4186 Mi-

1624 4213 2065 4276 sericordiam.
2158 4211 2385 4276 Gloria
2416 4213 2605 4294 patri.
2698 4212 2829 4278 Os-

1624 4302 1826 4364 tende
1857 4301 2067 4365 nobis,
2147 4318 2191 4387 γ
2240 4302 2585 4365 Memento
2618 4303 2825 4365 nostri

1860 4439 1879 4467 ⁸
1914 4437 2109 4487 imber:
2143 4438 2208 4488 G.
2280 4438 2487 4503 ymber:
2525 4436 2738 4487 E.w.s.

1864 4507 1879 4534 ⁴
1914 4509 2045 4554 atui:
2081 4505 2147 4555 E.
