3375 5100
1122 321 1563 398 'Dommca
1621 321 1957 411 QUA‘RTA
2004 339 2432 396 ocrooms,

1080 461 1231 516 607

544 566 752 632 tribus
782 567 1121 633 ordinibus
1150 575 1303 651 post
1334 587 1488 632 eos:
1533 575 1603 632 et
1625 585 1745 631 ex-

544 655 992 721 clamaverunt
1048 656 1264 722 tubis:
1308 665 1377 721 et
1420 655 1746 721 clamave-

546 754 698 808 runt
731 747 797 809 in
830 747 1143 810 oratione.
1435 744 1653 808 Lectio
1682 765 1741 809 v.

544 834 723 966 Et
773 842 1223 916 cognoverunt
1255 841 1472 898 castra
1500 833 1746 899 thimo-

694 921 872 986 thei¹
904 944 918 987 :
951 922 1105 1004 quia
1128 921 1524 987 machabeus
1542 930 1644 985 est
1674 929 1744 986 et

546 1009 925 1092 refugerunt
953 1030 992 1073 a
1015 1010 1178 1074 facie
1210 1010 1353 1093 ejus
1385 1019 1453 1074 et
1480 1029 1746 1092 percus-

544 1098 601 1160 si
634 1107 787 1162 sunt
818 1097 1019 1182 plaga
1048 1118 1291 1180 magna
1318 1119 1333 1162 ε
1380 1106 1449 1162 et
1494 1097 1748 1162 cecide-

546 1197 701 1251 runt
731 1207 819 1251 ex
850 1187 946 1250 eis
994 1187 1060 1249 in
1109 1185 1221 1250 illa
1272 1185 1381 1250 die
1427 1185 1561 1250 fere
1591 1193 1746 1249 octo

547 1274 732 1339 milia
759 1275 1062 1339 virorum.
1415 1273 1631 1338 Lectio
1660 1273 1746 1358 vj.

544 1365 724 1498 Et
752 1363 1019 1428 divertit
1059 1361 1257 1446 judas
1316 1361 1383 1427 in
1432 1362 1748 1444 maspha:

692 1461 760 1515 et
805 1451 1215 1534 expugnavit
1258 1459 1327 1515 et
1353 1452 1531 1534 cepit
1560 1471 1749 1516 eam:

545 1547 616 1604 et
690 1540 933 1604 occidit
982 1559 1251 1603 omnem
1312 1539 1746 1604 masculinum

546 1627 689 1710 ejus
749 1636 817 1692 et
876 1628 1159 1711 sumpsit
1199 1628 1410 1711 spolia
1452 1628 1632 1709 ejus:
1678 1636 1748 1692 et

546 1716 890 1780 succendit
949 1737 1097 1780 eam
1152 1716 1307 1798 igni.
1400 1714 1568 1780 Inde
1600 1735 1746 1798 per-

548 1805 723 1868 rexit
753 1813 823 1868 et
849 1805 1029 1887 cepit
1057 1807 1303 1870 casbon
1354 1812 1424 1868 et
1454 1824 1649 1886 mage
1677 1811 1750 1868 et

546 1893 785 1958 bosor:
831 1902 899 1959 et
930 1892 1213 1976 reliquas
1238 1892 1536 1958 civitates
1564 1891 1750 1976 gala-

548 1980 840 2046 dithidis.
870 1989 976 2046 etc.
1008 1991 1085 2044 ut
1108 1991 1322 2064 supra.

552 2073 619 2148 ds
678 2069 1061 2134 Notandum
1150 2067 1329 2152 quod
1399 2067 1748 2134 secundum

545 2157 885 2241 antiquam
943 2157 1449 2222 consuetudinem
1508 2157 1751 2221 ecclesie

547 2245 966 2311 Eborac-ensis
1007 2247 1245 2310 ultima
1287 2246 1397 2310 die
1441 2266 1571 2330 qua
1599 2266 1748 2309 can-

547 2344 734 2398 tatur
782 2335 1055 2399 historia
1113 2333 1519 2418 Adaperiat:
1573 2333 1747 2398 vide·

548 2423 696 2487 licet
721 2423 789 2487 in
812 2423 1049 2505 vigilia
1069 2423 1491 2506 apostolorum
1509 2423 1749 2486 simon-

548 2511 610 2576 is
636 2521 699 2575 et
704 2513 874 2597 jude
892 2533 916 2575 .·
958 2511 1097 2576 sive
1138 2510 1207 2576 in
1245 2510 1436 2594 feria
1481 2510 1746 2594 seriali-

548 2610 689 2665 ter:
732 2600 871 2665 sive
892 2600 960 2664 in
992 2599 1313 2664 dominica
1342 2599 1749 2664 dominicali-

548 2698 648 2754 ter
673 2688 918 2773 legetur
941 2688 1022 2752 de
1072 2698 1301 2771 septem
1334 2690 1561 2771 pueris
1604 2709 1748 2751 cum

548 2787 760 2841 matre
806 2776 1285 2859 martynlsatis:
1330 2785 1393 2841 et
1447 2785 1755 2839 cantatur

550 2866 813 2930 tertium
852 2866 1348 2948 Responsorium
1402 2864 1473 2929 in
1510 2864 1700 2946 feria
1725 2887 1748 2929 .·

546 2953 657 3017 vel
679 2964 926 3017 sextum
957 2954 1027 3017 in
1070 2953 1406 3017 dominica.
1499 2952 1562 3018 Ο
1596 2972 1751 3017 con-

546 3040 795 3106 stantia
826 3051 1211 3125 martyrum.
1302 3040 1397 3105 Et
1425 3040 1495 3105 in
1545 3040 1750 3105 domi-

546 3130 695 3193 nica
721 3129 1056 3194 dt'vidaur
1098 3130 1361 3213 legenda
1393 3128 1461 3193 in
1516 3130 1603 3214 vj.
1635 3129 1750 3193 lec·

548 3218 749 3283 tiones
778 3218 847 3281 in
865 3218 1051 3300 feria
1081 3218 1151 3282 in
1169 3228 1311 3283 tres.
1461 3217 1678 3282 Lectio
1686 3218 1750 3301 j.

558 3307 929 3441 Contigit
959 3314 1181 3371 autem
1227 3316 1296 3372 et
1338 3306 1592 3391 septem
1627 3306 1754 3370 fra·

686 3404 819 3459 tres
868 3414 1003 3459 una
1043 3415 1194 3460 cum
1246 3404 1453 3460 matre
1514 3415 1752 3479 appre-

547 3484 789 3547 hensos
832 3484 1140 3568 compelli
1194 3504 1235 3547 a
1295 3504 1446 3566 rege
1498 3483 1752 3547 contin-

546 3593 705 3655 gere
734 3583 966 3637 contra
1018 3573 1117 3637 fas
1174 3592 1403 3636 carnes
1452 3572 1754 3656 porcinas

549 3661 771 3745 flagris
802 3670 869 3726 et
900 3662 1142 3725 taureis
1166 3661 1503 3725 cruciatos.
1554 3660 1750 3725 Unus

549 3760 775 3815 autem
799 3770 887 3814 ex
920 3750 1045 3813 illis
1076 3749 1186 3833 qui
1211 3756 1352 3813 erat
1374 3750 1623 3832 primus
1653 3748 1749 3813 sic

548 3840 681 3904 ait:
728 3836 909 3921 Quid
957 3838 1217 3922 queris:
1287 3846 1352 3901 et
1412 3836 1571 3921 quid
1647 3837 1750 3899 vis

548 3928 799 3993 discere
861 3947 903 3991 a
953 3926 1161 3991 nobiS.
1258 3926 1470 3990 Parati
1520 3944 1750 3989 sumus

550 4016 717 4079 mori
778 4014 990 4097 magis
1072 4034 1273 4099 quam
1333 4014 1581 4097 patrias
1639 4013 1750 4079 dei

550 4103 730 4185 leges
762 4104 1166 4186 prevaricari.
1253 4102 1474 4167 Iratus
1527 4103 1754 4186 itaque

550 4212 673 4255 rex
741 4190 934 4273 jussit
979 4192 1343 4275 sartagines
1400 4200 1471 4255 et
1544 4190 1754 4255 ollas²

548 4300 749 4344 eneas
800 4280 1126 4345 succendi.
1214 4279 1473 4363 Quibus
1524 4280 1752 4346 statim

546 4368 877 4436 succensis
893 4368 1091 4451 jussit
1118 4369 1178 4433 ei
1210 4370 1322 4451 qui
1347 4368 1754 4452 priusfuerat

745 4508 757 4537 ⁸
796 4505 1053 4557 timothei:
1090 4506 1155 4554 N.
1391 4505 1412 4534 ²
1442 4504 1635 4553 collas:
1670 4502 1754 4554 W.

1039 4574 1058 4604 ⁴
1091 4568 1461 4621 admonuissent
1486 4586 1499 4619 :
1534 4568 1615 4619 W.

2355 459 2513 516 608

1847 565 2103 632 locutus
2188 575 2532 652 amputare
2591 567 2885 652 linguam
2913 589 2929 633 :
2977 575 3050 634 et

1845 665 1997 720 cute
2046 657 2280 740 capitis
2333 657 2704 721 abstracta:
2749 677 3050 722 summas

1845 765 2110 827 quoque
2142 765 2376 808 manus
2424 745 2484 809 ei
2531 754 2600 808 et
2629 745 2834 828 pedes
2865 766 3051 828 pros-

1843 833 1976 896 cidi
2007 833 2239 896 ceteris
2270 832 2412 915 ejus
2465 832 2776 898 fratribus
2805 843 2876 898 et
2905 854 3052 899 ma-

1843 929 1946 986 tre
1997 921 2530 1004 inspicientibus:
2575 929 2645 986 et
2695 922 2924 987 torreri
2977 923 3050 986 in

1845 1009 2198 1092 sartagine.
2728 1009 2946 1074 Lectio
2974 1011 3051 1093 ij.

1844 1099 2045 1231 M
2057 1107 2248 1162 ortuo
2337 1096 2562 1180 itaque
2623 1095 2737 1161 illo
2789 1099 3046 1182 primo:

2055 1186 2181 1250 hoc
2213 1187 2413 1250 modo
2431 1195 2818 1269 sequentem
2847 1187 3048 1250 duce-

1845 1274 2010 1338 bant
2065 1274 2153 1339 ad
2213 1273 2622 1339 illudendum
2651 1296 2668 1339 τ
2769 1283 2839 1338 et
2897 1285 3050 1340 cute

1845 1363 2081 1445 capitis
2111 1363 2254 1446 ejus
2271 1383 2422 1428 cum
2441 1361 2694 1446 capillis
2710 1363 3010 1428 detracta
3031 1387 3050 1429 :

1847 1450 2342 1533 interrogabant
2371 1452 2426 1515 si
2459 1451 2887 1516 manducaret
2916 1453 3050 1535 pri-

1847 1559 2127 1621 usquam
2157 1548 2304 1603 toto
2355 1559 2625 1622 corpore
2671 1559 2791 1623 per
2842 1561 3052 1604 mem-

1847 1627 1968 1692 bra
2017 1627 2275 1709 singula
2333 1627 2689 1711 puniretur.
2778 1629 2880 1693 At
2938 1629 3050 1692 ille

1847 1716 2252 1799 respondens
2311 1716 2528 1801 patria
2585 1735 2744 1781 voce
2820 1717 2997 1782 dixit
3031 1739 3048 1782 :

1849 1801 2004 1867 Non
2037 1803 2293 1868 faciam.
2405 1805 2681 1888 Propter
2738 1805 2916 1888 quod
2977 1815 3050 1870 et

1848 1891 1972 1956 iste
1995 1893 2298 1976 sequenti
2323 1892 2468 1957 loco
2497 1893 2692 1975 primi
2716 1902 3049 1958 tormenta

1847 1981 2150 2064 suscepit.
2239 1981 2414 2045 Post
2445 1980 2617 2045 hunc
2649 1983 2879 2047 tertius
2903 1982 3045 2046 illu-

1848 2069 2166 2134 debatur:
2211 2078 2280 2134 et
2323 2067 2618 2152 linguam
2678 2070 3048 2153 postulatus

1849 2157 1991 2222 cito
2035 2157 2310 2241 protulit
2361 2168 2430 2222 et
2475 2177 2709 2223 manus
2739 2167 3049 2223 constan-

1846 2253 1950 2310 ter
1980 2246 2282 2310 extendit
2310 2253 2381 2308 et
2438 2265 2590 2310 cum
2624 2244 2865 2311 fiducia
2913 2249 3046 2313 ait:

1848 2333 1909 2398 E
1930 2333 2072 2398 celo
2102 2335 2230 2397 ista
2253 2333 2558 2417 possideo
2585 2355 2600 2398 :
2632 2335 2748 2398 sed
2782 2346 3050 2420 propter

1846 2421 1955 2486 dei
1980 2421 2157 2503 leges
2189 2441 2364 2486 nunc
2394 2421 2513 2486 hec
2539 2421 2684 2505 ipsa
2713 2423 3046 2508 despicio:

1847 2511 2161 2595 quoniam
2193 2509 2278 2575 ab
2311 2510 2456 2595 ipso
2489 2529 2597 2576 me
2640 2531 2720 2577 ea
2751 2523 3049 2597 receptu-

1847 2619 1992 2665 rum
2025 2619 2236 2683 spero,
2329 2600 2408 2664 In
2441 2599 2542 2663 his
2573 2609 2796 2665 autem
2829 2622 2950 2665 rex
2979 2612 3050 2667 et

1846 2688 2144 2772 quicum
2192 2688 2338 2771 ipso
2391 2698 2580 2752 erant
2633 2690 3045 2756 mirabantur

1848 2776 2284 2842 adolescentis
2304 2777 2600 2842 animum
2627 2799 2643 2845 :
2690 2779 2848 2861 quia
2875 2787 3047 2843 tam-

1849 2886 2051 2949 quam
2098 2865 2376 2929 nihilum
2406 2864 2676 2930 duceret
2705 2868 3047 2931 cruciatus,

1852 2954 1944 3018 Et
1996 2952 2120 3017 hoc
2181 2953 2276 3018 ita
2332 2954 2674 3019 defuncto:
2739 2966 3046 3037 quartum

1849 3040 2149 3105 similiter
2233 3044 2575 3106 vexabant
2649 3050 3051 3125 torquentes.

1852 3129 1943 3195 Et
1974 3149 2124 3194 cum
2151 3126 2292 3211 jam
2327 3140 2500 3195 esset
2529 3131 2615 3195 ad
2648 3140 2929 3195 mortem
2957 3133 3048 3195 sic

1851 3218 1987 3283 ait:
2065 3218 2290 3283 Potius
2349 3227 2450 3282 est
2525 3219 2612 3284 ab
2671 3218 3052 3285 hominibus

1853 3307 2047 3371 morti
2109 3308 2303 3372 datos
2361 3326 2548 3388 spem
2602 3318 2960 3391 expectare
3010 3329 3054 3372 a

1849 3397 1980 3460 deo
2007 3417 2022 3461 :
2070 3394 2304 3459 iterum
2324 3395 2410 3457 ab
2430 3414 2510 3458 eo
2531 3396 3014 3461 resuscitandos
3035 3419 3050 3461 ε

1849 3482 1971 3547 tibi
2032 3482 2208 3547 enim
2269 3485 2652 3550 resurrectio
2711 3486 2796 3549 ad
2841 3486 3050 3549 vitam

1852 3592 1986 3636 non
2021 3570 2190 3635 erit.⁸
2713 3574 2926 3637 Lectio
2956 3574 3050 3656 iij.

2065 3679 2214 3723 cum
2240 3657 2725 3725 admovissent⁴
2746 3664 3050 3745 quintum

2004 3748 2343 3813 vexabant
2390 3769 2558 3814 eum.
2649 3748 2750 3813 At
2798 3750 2908 3814 ille
2954 3772 3054 3815 re-

1849 3836 2209 3920 spiciensin
2224 3856 2379 3900 eum
2399 3838 2604 3902 dixit:
2638 3838 3051 3903 Potestatem

1849 3924 2100 3989 habens
2131 3926 2302 3989 inter
2329 3924 2630 3989 homines
2678 3927 2840 3990 sacis
2871 3929 3053 4009 quod

1850 4015 1965 4078 vis,
2057 4012 2214 4078 Noli
2245 4024 2479 4096 putare
2511 4034 2722 4097 genus
2753 4024 3055 4079 nostrum

1854 4122 1896 4166 a
1925 4102 2052 4165 deo
2083 4122 2225 4165 esse
2255 4101 2658 4168 derelictum.
2721 4104 3060 4168 Patienter

1853 4191 2146 4255 sustine:
2193 4200 2262 4255 et
2289 4191 2544 4255 videbis
2575 4192 2861 4276 qualiter
2889 4202 2958 4256 te
2985 4203 3059 4257 et

1853 4300 2078 4345 semen
2158 4286 2346 4342 tuum
2426 4281 2776 4363 torquebit.
2898 4282 3060 4346 Post

1853 4368 2025 4433 hunc
2049 4367 2469 4433 deducebant
2488 4375 2556 4431 et
2584 4378 2852 4433 sextum
2875 4379 2946 4436 et
2977 4371 3061 4435 is⁵

2022 4504 2043 4533 ⁸
2077 4520 2168 4567 pro
2195 4508 2324 4553 ‘non
2348 4504 2440 4554 erit
2457 4504 2471 4527 ’
2493 4505 2681 4555 noverit
2704 4524 2718 4558 :
2753 4506 2834 4557 W.

2023 4572 2042 4599 ⁸
2076 4586 2167 4634 pro
2197 4570 2302 4619 ‘is'
2326 4570 2432 4621 his:
2469 4571 2552 4621 W.
