3375 5100
1614 305 2033 362 DOMINJCA
2088 319 2099 326 ·

605 543 736 606 que
803 521 1172 588 credidisti:
1235 518 1654 606 perficientur
1720 520 1787 584 in

605 621 674 676 te
701 633 828 694 que
861 613 1040 676 dicta
1077 621 1234 674 sunt
1271 610 1392 674 tibi
1423 630 1464 674 a
1491 609 1783 673 domino,

604 700 910 765 Alleluia.
1003 698 1455 764 Versiculus·et
1479 698 1686 760 oratio
1716 707 1793 760 ut

601 800 818 871 supra.
913 786 1398 869 Completm‘ium
1429 805 1552 848 non
1577 795 1789 848 muta-

607 887 720 940 tur
747 897 944 958 usque
968 875 1064 938 ad
1088 875 1498 938 nativitatem
1539 873 1793 937 domini

605 964 896 1046 exceptis¹
944 963 1120 1045 festo
1165 961 1572 1044 conceptionis
1617 961 1791 1025 beate

606 1052 922 1134 virg-inis:
979 1062 1042 1114 et
1095 1049 1789 1114 commemorationibus

602 1141 897 1223 ejusdem.

609 1233 674 1307 «Ι
719 1229 914 1293 Feria
933 1228 1002 1310 ij.
1031 1226 1496 1292 Invitatorium
1531 1226 1785 1308 Regem

603 1327 952 1381 venturum
983 1317 1326 1379 dominum
1357 1315 1600 1379 Venite
1628 1317 1789 1378 ado-

605 1426 837 1470 remus,
913 1413 1012 1486 p.3·'.
1045 1404 1304 1468 Venite.
1391 1403 1590 1467 Istud
1618 1402 1789 1465 invi-

604 1494 912 1558 tatorium
935 1493 1196 1556 dicatur
1205 1491 1422 1554 diebus
1437 1490 1793 1570 ferz'alibus

605 1603 802 1664 usque
826 1582 924 1645 ad
946 1581 1248 1662 vig-iliam
1279 1579 1652 1642 nativitatis
1679 1579 1789 1642 do-

605 1671 778 1733 mini
799 1694 822 1733 :
847 1669 1102 1752 quando
1129 1668 1210 1730 de
1233 1668 1514 1731 adventu
1543 1667 1786 1748 agitur.

605 1759 930 1839 Hymnus.
1039 1756 1333 1820 Verbum
1409 1775 1785 1838 supernum.

602 1847 738 1911 Αῆ.
787 1846 1116 1910 Dominus
1145 1844 1463 1908 defensor.
1495 1853 1598 1926 ps.
1646 1844 1785 1906 Do-

606 1935 824 1998 minus
887 1933 1275 1997 illuminatio
1347 1953 1493 1995 cum
1567 1933 1789 1996 ceteris

601 2023 970 2104 antiphonis
1026 2030 1087 2084 et
1131 2021 1410 2103 psalmis
1452 2029 1654 2102 prout
1715 2021 1785 2083 in

587 2112 898 2194 psalterio
917 2110 1322 2176 ordinantur.
1395 2107 1448 2183 Ϋ
1482 2110 1590 2173 Ex
1617 2129 1783 2191 syon

599 2199 895 2284 species.²
1497 2197 1714 2261 Lectio
1722 2199 1787 2280 j.

619 2289 960 2421 Vulnus
1013 2297 1080 2351 et
1119 2285 1286 2350 livor
1327 2294 1394 2351 et
1439 2285 1639 2369 plaga
1681 2294 1787 2350 tu-

739 2397 925 2439 mens
967 2396 1100 2438 non
1141 2383 1242 2437 est
1289 2374 1785 2455 circumligata:

601 2484 722 2529 nec
780 2473 1008 2527 curata
1078 2462 1513 2526 medicamine
1573 2481 1789 2544 neque

603 2554 743 2617 fota
772 2552 935 2617 oleo,
1011 2552 1216 2615 Terra
1243 2562 1460 2614 vestra
1489 2552 1787 2615 deserta:

604 2642 902 2706 civitates
963 2649 1176 2703 vestre
1235 2659 1544 2702 succense
1603 2640 1786 2721 igni:

606 2730 939 2812 regionem
987 2737 1271 2792 vestram
1321 2748 1540 2791 coram
1600 2728 1788 2791 vobis

605 2819 799 2882 alieni
851 2817 1210 2880 devorant:
1271 2824 1338 2879 et
1385 2815 1789 2879 desolabitur

601 2908 772 2971 sicut
830 2905 897 2968 in
942 2906 1248 2969 vastitate
1293 2903 1530 2969 hostili.
1640 2904 1789 2971 Hec

606 2996 782 3061 dicit.
850 2994 1122 3074 Quando
1150 3002 1364 3055 autem
1393 2994 1787 3075 responsoria

600 3092 955 3166 sequuntur
1002 3102 1238 3144 nonum
1295 3081 1787 3162 Responson'um

603 3173 685 3236 de
710 3172 933 3253 aliqua
959 3169 1230 3234 historia
1253 3192 1278 3232 .·
1319 3170 1487 3233 sicut
1511 3169 1789 3251 Respon-

604 3260 852 3324 sorium
885 3260 1255 3340 Erumpant
1286 3258 1402 3320 illa
1430 3278 1551 3339 que
1576 3269 1791 3340 super-

602 3358 761 3413 sunt
788 3368 1027 3411 nonum
1069 3346 1286 3409 debent
1312 3346 1511 3427 prius
1545 3346 1678 3409 dici
1720 3347 1788 3409 in

590 3439 793 3521 ferta.
859 3444 1079 3518 postea
1155 3435 1509 3517 incipiatur
1583 3456 1626 3497 a
1697 3456 1790 3498 se·-

605 3526 808 3590 cundo
868 3523 1251 3606 responsorio
1305 3523 1584 3588 historie.
1677 3524 1789 3587 Si-

607 3616 852 3678 militer
873 3614 1014 3697 fiat
1043 3613 1109 3676 si
1153 3622 1408 3675 tantum
1453 3632 1655 3675 unum
1698 3633 1789 3675 se-

606 3713 850 3786 quatur
888 3712 950 3767 et
976 3712 1196 3784 postea
1239 3701 1544 3763 dicantur
1571 3700 1791 3765 omnia

609 3791 747 3854 alia
789 3791 1184 3873 responsoria
1227 3789 1570 3852 secundum
1616 3790 1793 3852 ordi·-

612 3900 755 3942 nem
781 3902 806 3941 .·
861 3880 925 3941 si
964 3890 1115 3960 opus
1145 3879 1376 3960 ficerit.
1465 3878 1571 3941 De
1611 3877 1794 3941 nulla

611 3977 827 4030 autem
855 3966 1128 4029 historia
1169 3976 1474 4029 cantatur
1511 3965 1580 4028 in
1607 3965 1795 4047 feria

599 4056 895 4138 primum
969 4054 1460 4135 Responsorium
1534 4052 1668 4116 nisi
1722 4055 1803 4117 de

612 4142 889 4207 historia
941 4142 1115 4205 Ecce
1163 4162 1336 4204 nunc
1394 4149 1670 4224 tempus,
1729 4143 1797 4204 in

610 4232 693 4296 xl.
711 4241 912 4314 prout
941 4230 1037 4294 ibi
1062 4229 1436 4295 invenietur.
1525 4231 1626 4294 Et
1668 4231 1805 4294 nisi

677 4444 692 4475 ¹
725 4451 908 4509 excepto
921 4459 939 4494 .·
949 4442 1036 4523 ·E.
1051 4442 1110 4493 G.

1883 519 2139 604 quando
2164 517 2439 584 historia
2466 519 2808 604 ferialiter
2842 519 3071 603 incipi-

1883 617 2012 673 tur.
2104 609 2161 673 S
2162 608 2191 672 i
2238 619 2453 672 autem
2510 609 2781 692 aliquod
2814 609 3073 692 festum

1884 697 2159 760 evenerit
2184 707 2311 779 per
2348 697 2697 761 adventum
2744 698 2815 761 in
2850 698 3073 762 diebus

1869 785 2225 867 ferialibus
2248 808 2273 848 .·
2318 785 2739 850 nihilominus
2780 796 3073 850 servetur

1884 874 2039 937 ordo
2091 875 2621 956 responsoriorum
2664 875 3075 938 dominicalis

1884 961 2148 1026 historie
2168 985 2193 1026 :
2239 962 2337 1025 ita
2382 960 2558 1044 quod
2598 963 2851 1026 nullum
2880 963 3073 1026 omit-

1884 1058 2083 1114 tatur.
2098 1059 2160 1114 et
2184 1050 2297 1114 ltoc
2312 1050 2405 1113 sit
2420 1052 2718 1132 generale
2726 1061 2851 1132 per
2868 1060 3073 1115 totum

1886 1159 2133 1202 annum
2159 1161 2183 1202 .·
2227 1139 2363 1202 nisi
2388 1139 2458 1201 in
2485 1139 2693 1220 fm't's
2718 1149 2873 1221 post
2906 1149 3075 1204 octa-

1888 1247 2009 1290 vas
2072 1227 2402 1309 epiphanie
2458 1248 2656 1309 usque
2716 1227 2815 1290 ad
2864 1237 3071 1310 σφίν-

1888 1315 2245 1397 agesimam
2284 1314 2401 1378 ubi
2446 1315 2767 1378 habentur
2824 1326 3073 1398 respon-

1882 1403 2062 1466 soria
2118 1403 2404 1486 ferialia
2472 1404 2745 1486 propria
2816 1405 3073 1469 cuilibet

1872 1491 2065 1573 fene.
2762 1491 2976 1556 Lectio
2999 1493 3069 1576 ij.

1886 1583 2062 1713 Et
2121 1579 2610 1662 derelinquetur
2688 1579 2825 1644 filia
2898 1602 3069 1663 syon

2032 1677 2107 1732 ut
2166 1668 2619 1732 umbraculum
2698 1669 2767 1732 in
2836 1670 3069 1734 vinea:

1885 1764 1953 1819 et
2012 1757 2181 1820 sicut
2241 1757 2575 1839 tugurium
2638 1757 2703 1820 in
2766 1775 3071 1822 cucume-

1887 1845 2071 1910 rario,
2194 1845 2381 1910 Sicut
2442 1846 2673 1909 civitas
2732 1865 2862 1927 que
2922 1867 3071 1909 vas-

1886 1942 2079 1997 tatur.
2199 1933 2345 1996 Nisi
2426 1933 2735 1997 dominus
2816 1935 3071 1998 exerci-

1882 2031 2071 2086 tuum
2132 2019 2499 2104 reliquisset
2561 2022 2749 2086 nobis
2800 2042 3071 2088 semen:

1884 2109 2072 2192 quasi
2156 2110 2433 2173 sodoma
2516 2109 2913 2176 fuissemus:
3002 2121 3073 2176 et

1885 2199 2073 2281 quasi
2103 2218 2409 2280 gomorra
2436 2199 2684 2262 similes
2713 2219 3023 2263 essemus.

1886 2288 2233 2419 Audite
2274 2287 2547 2350 verbum
2705 2286 2949 2371 [Lectio
2972 2287 3067 2368 iis.

2050 2375 2301 2438 domini
2372 2375 2698 2457 principes
2759 2377 3073 2440 sodomo-

1886 2483 2083 2527 rum:
2158 2463 2419 2526 auribus
2479 2464 2793 2547 percipite
2852 2465 3071 2547 legem

1887 2552 1997 2615 dei
2091 2554 2288 2615 vestri
2373 2553 2657 2635 populus
2747 2573 3071 2635 gomorre.

1890 2638 2043 2721 Quo
2104 2641 2261 2704 mihi
2338 2640 2825 2705 multitudinem
2885 2642 3079 2706 victi-

1890 2749 2144 2791 marum
2168 2737 2530 2793 vestrarum
2550 2730 2702 2792 dicit
2723 2730 3031 2793 dominus
3056 2752 3073 2795 :

1887 2817 2121 2900 plenus
2152 2838 2297 2880 sum
2322 2818 2732 2882 Holocausta
2753 2820 3029 2882 arietum
3054 2840 3075 2883 :

1889 2914 1957 2969 et
1986 2906 2249 2989 adipem
2281 2906 2622 2988 pinguium
2648 2928 2662 2969 :
2709 2916 2777 2970 et
2806 2908 3075 2989 sangui-

1888 3014 2041 3057 nem
2101 2994 2451 3058 vitulorum
2508 3003 2574 3059 et
2633 3014 2951 3076 agnorum
3000 3005 3077 3059 et

1888 3082 2214 3146 hircorum
2261 3082 2456 3147 nolui.
2558 3082 2609 3157 Ῡ
2656 3084 2911 3147 Emitte
2954 3104 3075 3166 ag-

1890 3191 2067 3234 num.
2197 3171 2324 3234 Ad
2402 3171 2625 3234 laudes
2702 3172 3071 3254 antiphona.

1891 3259 2203 3322 Miserere
2236 3260 2381 3322 mei.
2429 3269 2529 3341 ps'.
2579 3259 2825 3342 Ipsum.
2870 3269 3077 3324 cetera

1889 3357 1967 3410 ut
1989 3347 2061 3410 in
2078 3347 2413 3429 psalterio.
2682 3348 3075 3429 Capitulum.

2036 3455 2147 3499 cce
2198 3437 2337 3499 dies
2383 3435 2693 3500 veniunt:
2748 3438 2908 3501 dicit
2955 3438 3081 3501 do-

2038 3526 2289 3588 minus:
2374 3534 2440 3588 et
2488 3525 2819 3588 suscitabo
2872 3527 3075 3591 david

1889 3633 2157 3696 germen
2178 3614 2427 3695 justum
2454 3634 2467 3676 :
2499 3622 2565 3676 et
2592 3613 2890 3694 regnabit
2914 3635 3033 3677 rex
3060 3636 3079 3679 :

1890 3710 1959 3763 et
2007 3702 2267 3782 sapiens
2315 3702 2471 3763 erit:
2533 3710 2600 3764 et
2650 3702 2844 3765 saciet
2896 3702 3081 3785 judi-

1892 3790 2065 3852 cium
2098 3798 2165 3852 et
2189 3789 2514 3870 justitiam
2548 3790 2613 3851 in
2655 3799 2842 3855 terra.
2933 3791 3085 3854 Hoc

1891 3878 2243 3959 capitulum
2272 3877 2532 3940 dicatur
2573 3878 2642 3940 in
2672 3879 2891 3942 diebus
2919 3889 3079 3959 pro-

1884 3966 2083 4049 festis
2111 3964 2363 4048 quando
2390 3966 2469 4028 de
2494 3967 2772 4029 adventu
2802 3968 3031 4049 agitur
3050 3990 3081 4031 .·

1898 4075 2095 4136 usque
2119 4055 2214 4117 ad
2236 4054 2535 4135 vigiliam
2566 4056 2939 4119 nativitatis
2967 4057 3085 4119 do-

1900 4143 2082 4205 mini.
2170 4142 2254 4205 In
2290 4142 2614 4224 evangelio
2652 4153 2757 4207 αῆ.
2848 4144 3085 4227 Ange-

1900 4230 2002 4295 lus
2054 4231 2303 4295 domini
2354 4232 2685 4295 nunciavit
2722 4234 2963 4297 marie:
3012 4245 3084 4299 ct

1952 4444 1973 4473 ²
2011 4447 2025 4471 ‘
2042 4449 2097 4492 at
2120 4445 2182 4504 (et
2208 4444 2265 4493 G.
2304 4444 2401 4505 W.)
2428 4445 2627 4493 dikatur
2645 4446 2700 4494 in
2708 4446 2859 4511 striis
2881 4454 2975 4509 per
2994 4450 3083 4497 ad-

1885 4516 2085 4558 ventum
2101 4510 2114 4533 ’
2136 4511 2263 4559 add:
2298 4510 2361 4559 E.
2378 4511 2433 4559 G.
2450 4512 2525 4560 W.
