3375 5100
1764 252 1866 307 IN
1910 252 2179 309 FESYO

1265 362 1366 417 93

703 472 1008 558 judaicus
1035 472 1178 555 ejus
1223 469 1520 533 membra
1565 468 1899 551 lapidibus

707 583 1062 647 perurgens
1093 560 1252 623 totis
1295 558 1540 622 viribus
1585 567 1652 621 et
1698 558 1899 621 levita

704 645 1330 736 dignissimusjflexis
1343 646 1781 729 procumbens
1790 666 1897 727 ge—

703 744 897 806 nibus
929 760 1048 822 pro
1077 737 1212 801 suis
1246 734 1721 819 lapidatoribus
1750 744 1896 797 orat

704 830 961 893 devotis
976 824 1294 911 precibus,
1329 824 1634 887 Domine.
1665 822 1891 887 Alius¹

703 938 932 981 versus
949 917 1018 979 in
1038 924 1258 978 octava
1279 912 1388 975 die
1409 921 1666 974 tantum
1694 910 1761 973 si
1783 910 1891 975 do-

703 1005 946 1069 minica
961 1002 1184 1085 fuerit
1209 998 1525 1064 dicendus.
1575 1016 1620 1085 γ
1655 1000 1891 1063 Positis

705 1104 932 1157 autem
956 1092 1234 1174 genibus
1263 1090 1498 1153 beatus
1529 1087 1889 1171 stephanus

702 1181 938 1247 orabat
961 1182 1202 1244 dicenS.
1293 1177 1598 1241 Domine.
1662 1174 1889 1240 Gloria

703 1281 773 1335 et
793 1271 818 1307 ²
877 1270 1022 1333 laus
1075 1266 1243 1351 patri
1287 1285 1551 1329 summo
1593 1273 1887 1347 potestas

702 1358 915 1422 honor
942 1366 1010 1422 et
1027 1359 1232 1421 virtus
1263 1354 1406 1436 ejus
1425 1356 1727 1435 quoque³
1746 1354 1885 1415 uni-

699 1447 966 1529 genito:
997 1445 1142 1509 laus
1178 1442 1428 1506 flamini
1471 1441 1887 1505 sanctissimo

651 1566 664 1581 ·
700 1536 876 1599 trino
907 1536 1033 1598 deo
1063 1542 1133 1596 et
1161 1530 1460 1613 simplici.
1533 1530 1839 1593 Domine.

787 1624 873 1686 In
934 1623 1001 1705 ᾔ.
1066 1630 1368 1685 noctumo
1423 1626 1529 1681 αῆ.
1601 1618 1885 1680 Lumine

699 1712 919 1775 vultus
949 1712 1079 1775 tui⁴
1107 1709 1452 1790 insignitus
1473 1706 1883 1788 prothomar-

698 1810 809 1882 tyr
831 1799 1191 1882 stephanus
1223 1795 1606 1859 sacrificium
1621 1794 1883 1875 justicie

699 1891 988 1971 seipsum
1049 1887 1166 1951 tibi
1229 1882 1653 1949 sacrificavit:
1702 1884 1881 1946 ideo-

697 1998 828 2061 que
861 1978 926 2040 in
959 1977 1176 2040 leticia
1221 1973 1434 2037 cordis
1466 1972 1533 2034 in
1565 1992 1728 2054 pace
1758 1972 1879 2033 ob-

697 2067 1030 2130 dormiens
1079 2062 1444 2145 requiescit.
1551 2068 1649 2142 pf.
1708 2058 1881 2124 Cum

695 2156 1084 2219 invocarem.
1203 2159 1308 2215 aii.
1389 2148 1881 2213 Benedictionis

691 2252 806 2307 tue
858 2243 1128 2305 domine
1175 2258 1446 2303 munere
1481 2236 1879 2319 justificatus

691 2342 760 2395 et
790 2340 976 2395 scuto
1021 2338 1136 2393 tue
1165 2327 1591 2411 protectionis
1629 2325 1695 2388 in
1730 2344 1879 2405 pas-

691 2422 876 2483 sione
908 2418 1198 2482 munitus
1229 2415 1512 2477 nominis
1557 2414 1656 2475 sui
1696 2432 1879 2475 coro-

693 2526 849 2572 nam
911 2506 1273 2590 stephanus
1333 2523 1375 2566 a
1417 2511 1486 2566 te
1543 2501 1878 2585 percipere

693 2597 952 2660 meruit.
1027 2603 1126 2676 pi.
1157 2592 1383 2656 Verba
1430 2610 1595 2653 mea.
1669 2597 1776 2654 αῆ.
1812 2589 1874 2655 O

690 2704 892 2767 quam
935 2679 1320 2745 admirabile
1351 2688 1452 2742 est
1481 2698 1726 2740 nomen
1771 2685 1875 2742 tu-

689 2793 804 2836 um
835 2771 1105 2834 domine
1133 2770 1298 2833 deus
1329 2775 1550 2830 noster
1579 2786 1700 2849 pro
1740 2785 1875 2848 quo

687 2861 922 2924 beatus
953 2857 1312 2940 stephanus
1343 2875 1573 2938 passus
1601 2876 1616 2918 ε
1663 2853 1873 2936 gloria

686 2959 756 3012 et
785 2949 1034 3012 honore
1065 2967 1105 3008 a
1135 2956 1202 3010 te
1233 2953 1332 3008 est
1362 2952 1755 3007 coronatus:
1802 2951 1869 3008 et

686 3057 886 3120 super
943 3034 1118 3100 celos
1161 3033 1340 3098 dono
1391 3039 1506 3096 tue
1565 3030 1869 3112 magnifi-

685 3127 904 3191 centie
962 3123 1316 3188 exaltatus,
1393 3129 1491 3202 pf.
1579 3119 1869 3183 Domine

683 3215 992 3278 dominus
1013 3221 1250 3275 noster.
1298 3226 1343 3295 y
1377 3209 1675 3272 Posuisti.
1719 3208 1869 3271 Lec-

841 3323 952 3366 um
982 3301 1358 3382 frequenter
1386 3298 1556 3360 auri·
1608 3296 1724 3380 [tio
1744 3295 1867 3378 iiij.

838 3391 996 3454 bus⁵
1063 3387 1344 3470 insignia
1406 3383 1868 3449 miraculorum

675 3481 888 3546 sancti
950 3477 1256 3561 stephani
1321 3473 1870 3558 prothomartyris

676 3571 909 3636 fratres
982 3566 1350 3632 charissimi
1413 3582 1867 3627 recensemus:

675 3659 1070 3724 confidimus
1103 3657 1281 3740 quod
1308 3652 1594 3736 plurima
1625 3671 1715 3714 ex
1746 3651 1868 3714 eis-

676 3749 856 3811 dem⁶
876 3747 1116 3810 fuerint
1142 3741 1626 3807 commendata.
1708 3739 1867 3802 Mir-

676 3837 868 3900 acula
891 3855 1046 3916 ergo
1071 3834 1198 3896 ista
1221 3831 1454 3895 beatus
1477 3829 1867 3910 augustinus

677 3917 1174 4005 hyipponensis⁷
1193 3921 1542 4000 episcopus
1559 3939 1574 3981 :
1594 3919 1660 3979 in
1687 3916 1869 3979 libris

675 4031 844 4094 quos
892 4012 976 4074 de
1024 4009 1290 4073 civitate
1334 4007 1443 4070 dei
1491 4005 1867 4070 construxit

769 4209 784 4240 ι
810 4202 1151 4302 ξη,ἈΙι”ω’
1171 4203 1288 4251 iste:
1319 4202 1388 4252 E.

757 4479 779 4506 ι
819 4407 1064 4522 «ἶῖξῖἷῖἶ-»ῗ
1091 4435 1506 4518 add2‘E.o.'w.'

2550 363 2653 420 96

1996 469 2269 535 inseruit
2342 471 2569 535 dicens
2654 470 3169 553 Hypponensem

1994 560 2331 641 quandam
2400 562 2723 643 virginem
2800 561 2937 625 scio
2972 582 2988 625 :
3050 582 3173 643 que

1991 666 2143 711 cum
2202 670 2275 712 se
2334 648 2486 712 oleo
2544 648 2797 711 domini
2870 650 3167 731 stephani

1990 738 2407 817 perunxisset
2442 760 2459 803 ε
2532 758 2695 800 mox
2756 758 2797 800 a
2867 738 3171 803 demonio

1994 824 2195 889 fuisse
2266 835 2585 889 sanatam.
2738 824 2895 890 Scio
2974 828 3165 892 etiam

1988 914 2369 995 episcopum
2390 914 2593 977 semel
2614 933 2733 996 pro
2752 914 3167 979 adolescente

1988 1021 2187 1083 quem
2248 1022 2383 1065 non
2444 1003 2611 1067 vidit
2658 1022 2923 1067 orasse:
2970 1013 3165 1087 atque

1988 1088 2205 1153 illico‘*
2279 1092 2562 1155 demone
2636 1092 2937 1155 caruisse.
3054 1094 3162 1157 Re.

1989 1176 2265 1241 Intuens
2294 1180 2363 1242 in
2392 1179 2607 1243 celum
2640 1178 2875 1243 beatus
2904 1180 3163 1261 stepha-

1986 1285 2107 1329 nus
2125 1268 2291 1331 vidit
2312 1268 2590 1349 gloriam
2610 1268 2715 1331 dei
2740 1277 2807 1331 et
2826 1268 2920 1331 ait
2946 1290 2961 1332 :
2996 1268 3165 1334 Ecce

1980 1355 2177 1418 video
2248 1356 2424 1420 celos
2484 1366 2745 1439 apertos
2773 1377 2787 1419 :
2833 1365 2899 1419 et
2960 1356 3161 1421 filium

1982 1440 2266 1506 hominis
2280 1454 2567 1507 stantem
2586 1464 2627 1507 a
2646 1444 2901 1507 dextris
2909 1444 3163 1510 virtutis

1982 1531 2105 1594 dei.
2174 1548 2219 1617 γ
2252 1532 2555 1615 Cumque
2585 1533 2905 1614 aspiceret
2934 1532 3161 1599 beatus

1982 1619 2339 1702 stephanus
2364 1622 2427 1683 in
2448 1621 2683 1685 celum:
2704 1621 2866 1685 vidit
2886 1621 3159 1703 gloriam

1980 1707 2085 1771 dei
2121 1718 2187 1772 et
2231 1709 2340 1773 ait.
2412 1710 2602 1773 Ecce.
2868 1710 3076 1773 Lectio
3104 1732 3159 1777 v.

1980 1798 2189 1927 Ad
2236 1816 2442 1879 aquas
2501 1796 2883 1861 tabilitanas
2912 1797 2939 1835 ⁹
2990 1800 3161 1881 epis-

2146 1905 2315 1967 copo
2420 1896 2749 1949 asserente
2870 1886 3160 1969 prejecto

1982 1973 2066 2035 ad
2100 1974 2371 2055 predicti
2420 1976 2724 2057 martyris
2772 1978 3159 2039 memoriam

1980 2063 2284 2125 veniebat
2316 2082 2557 2144 magna
2605 2063 2960 2126 multitudo
3005 2083 3158 2129 con-

1977 2170 2167 2213 cursu
2198 2159 2265 2213 et
2296 2170 2585 2215 occursu.
2642 2152 2729 2213 ibi
2750 2170 2905 2215 ceca
2926 2152 3161 2217 mulier

1979 2246 2051 2300 ut
2082 2240 2167 2303 ad
2204 2240 2585 2322 episcopum
2632 2240 2979 2303 duceretur
3014 2260 3157 2304 ora-

1978 2326 2125 2389 vit¹⁰
2160 2348 2174 2390 :
2241 2347 2535 2409 moxque
2593 2328 2819 2392 oculos
2896 2331 3157 2412 recepit.

1980 2414 2415 2497 Stupentibus
2445 2417 2557 2498 qui
2590 2417 2679 2479 ibi
2711 2417 2985 2480 aderant
3012 2438 3157 2499 pre-

1974 2502 2115 2568 ibat
2158 2504 2469 2569 exultans
2502 2506 2677 2569 viam
2710 2524 3024 2588 carpens:
3087 2516 3159 2572 et

1974 2593 2080 2657 vie
2131 2594 2368 2657 ducem
2434 2594 2705 2658 ulterius
2752 2614 2887 2658 non
2940 2596 3160 2676 requi-

1974 2700 2137 2746 renS.
2198 2681 2309 2746 Re.
2348 2682 2680 2746 Hesterna
2708 2683 2815 2746 die
2846 2684 3159 2748 dominus

1970 2779 2167 2833 natus
2196 2780 2299 2834 est
2330 2771 2395 2834 in
2430 2772 2631 2834 terris,
2694 2781 2767 2835 ut
2792 2771 3159 2852 stephanus

1968 2869 2343 2922 nasceretur
2372 2860 2437 2923 in
2472 2859 2663 2922 celis:
2696 2859 3027 2941 ingressus
3050 2871 3159 2924 est

1966 2948 2273 3010 dominus
2294 2948 2631 3011 mundum.
2678 2947 2776 3012 Ut
2792 2947 3161 3030 stephanus

1966 3035 2415 3116 ingrederetur
2466 3036 2529 3099 in
2584 3037 2815 3100 celum.
2908 3053 2953 3122 γ
2988 3036 3157 3100 Heri

1966 3125 2141 3187 enim
2174 3145 2293 3188 rex
2318 3133 2539 3187 noster
2566 3125 2795 3188 trabea
2814 3124 3025 3188 carnis
3058 3127 3159 3188 in-

1964 3211 2164 3274 dutus
2195 3213 2281 3275 de
2311 3213 2461 3276 aula
2492 3214 2657 3276 uteri
2688 3213 3022 3294 virginalis
3042 3235 3159 3296 eg-

1967 3300 2223 3364 rediens
2242 3301 2503 3364 visitare
2516 3301 2825 3382 dignatus
2843 3310 2943 3364 est
2964 3321 3161 3365 mun-

1967 3390 2145 3453 dum.
2238 3389 2337 3454 Ut
2367 3389 2741 3471 stephanus.
2820 3387 3037 3454 Lectio
3068 3391 3159 3472 vj.

1966 3476 2416 3608 Eucharius
2470 3479 2811 3560 presbyter
2868 3498 2959 3540 ex
3018 3477 3159 3542 his-

2116 3567 2351 3647 pania:
2396 3567 2601 3630 veteri
2647 3565 2882 3629 morbo
2912 3567 3157 3632 calculi

1966 3653 2352 3718 laborabat:
2398 3655 2515 3717 sed
2579 3674 2699 3737 per
2756 3655 3157 3720 memoriam

1966 3743 2179 3806 sancti
2216 3742 2522 3824 martyris
2574 3742 2879 3825 stephani
2928 3743 3160 3808 salvus

1966 3829 2179 3894 factus
2238 3838 2355 3893 est.
2466 3831 2655 3895 Idem
2716 3832 2857 3913 ipse
2916 3841 3163 3914 postea

1966 3919 2201 3982 morbo
2231 3919 2360 3982 alio
2385 3920 2827 3983 revalescente
2852 3929 3161 3984 mortuus

1964 4007 2059 4071 sic
2082 4007 2351 4090 jacebat
2378 4028 2393 4070 z
2442 4017 2513 4072 ut
2544 4008 2603 4072 ei
2636 4009 2837 4072 etiam
2875 4008 3161 4092 pollices

2055 4205 2077 4234 ⁶
2114 4205 2304 4253 ‘vestre
2328 4205 2595 4255 memorie'
2618 4205 2740 4255 add.
2778 4206 3005 4256 E.G.w.

2054 4271 2075 4366 ζ
2108 4269 2437 4384 hypon'enslig:
2467 4271 3035 4387 {Ugwhypponensisz
3062 4273 3153 4324 W.

2052 4403 2072 4432 ⁹
2104 4351 2396 4452 tiffiffianzs:
2424 4374 2492 4454 'E.
2522 4404 2585 4454 G.
2640 4376 2945 4456 tibilatanas:
2970 4406 3053 4456 W.

2054 4469 2089 4498 ’⁰
2121 4469 2281 4518 oravi:
2317 4469 2399 4520 W.
