3375 5100
758 269 1173 332 DOMJNJCA
1229 271 1484 332 INFRA
1541 271 1642 330 OC
1647 272 1748 330 TA
1766 272 1919 332 VAS
1964 273 2529 336 ASCENSIONIS.

929 357 1086 437 433

400 481 634 567 jacobi.
727 485 823 551 Hi
867 507 1096 552 omnes
1141 497 1326 552 erant
1369 508 1586 570 perse·

405 585 708 639 verantes
737 578 1134 640 unanimiter
1180 579 1247 642 in
1287 578 1583 641 oratione

401 682 552 726 cum
587 665 967 729 mulieribus
997 675 1066 729 et
1107 666 1318 729 maria
1367 675 1582 728 matre

399 751 555 832 Jesu
585 752 600 789 ¹
621 763 690 816 et
707 751 1011 817 fratribus
1031 755 1091 835 ej
1101 775 1191 818 us.
1209 754 1324 818 Re.
1345 753 1584 816 Exalt·

399 860 510 902 are
539 841 806 905 domine
861 841 1166 906 alleluia:
1217 843 1296 905 In
1339 843 1582 906 virtute

396 935 514 991 tua
595 929 870 994 alleluia.
918 946 965 1017 γ
1011 931 1442 995 Cantabimus
1515 940 1583 994 et

395 1016 780 1098 psaltemus.
831 1019 910 1081 In
940 1021 1181 1082 virtute
1209 1028 1326 1082 tua
1357 1019 1518 1082 all'a.

2190 383 2348 440 486

1681 496 1935 569 quentes
1966 508 2110 552 cum
2150 489 2367 570 psalm
2374 488 2433 554 is
2474 488 2873 558 dominicali·

1682 575 1813 640 bus.
1866 575 2247 657 Capitulum.
2296 577 2583 644 Primum
2600 579 2867 658 quidem

1679 683 2067 730 sermonem.
2110 665 2431 747 Hymnus.
2478 666 2722 732 Eterne
2754 687 2874 736 rex

1681 752 2013 818 altissime.
2060 769 2107 840 γ
2150 753 2538 822 Ascendens
2570 753 2869 823 Christus

1681 840 1751 903 in
1817 841 2043 906 altum.
2162 841 2245 906 In
2346 841 2675 924 evangelio
2759 853 2867 908 an.

1683 929 1937 994 Euntes
1998 931 2065 994 in
2118 929 2439 996 mundum
2473 931 2864 998 universum.

1665 1027 1765 1099 ps.
1814 1017 2215 1101 Magnificat.
2266 1017 2506 1084 Oratio.
2543 1019 2866 1084 Concede.

389 1107 602 1238 Et
587 1107 748 1170 dum
770 1108 1254 1190 complerentur
1283 1105 1448 1190 [Lec.
1483 1105 1579 1188 iij.
1679 1105 1805 1168 Ad
1820 1107 2657 1173 matutinasinvz·tatorium.
2681 1106 2865 1172 Alle-

537 1196 676 1258 dies
699 1195 1190 1278 penthecostes·
1233 1203 1418 1258 erant
1437 1215 1580 1258 om·
1678 1192 1828 1258 luia.
1879 1195 2213 1260 Christum
2246 1195 2731 1264 ascendentem.
2762 1205 2864 1277 ps’.

389 1301 507 1345 nes
539 1284 784 1365 pariter
830 1286 898 1348 in
944 1284 1180 1348 eodem
1232 1283 1394 1346 loc0.
1485 1284 1578 1346 Et
1674 1280 1931 1347 Venite.
1960 1283 2279 1364 Hymnus.
2306 1283 2863 1365 Hymnumcana-

389 1368 602 1435 factus
633 1382 734 1436 est
764 1381 1032 1456 repente
1060 1374 1148 1437 de
1191 1371 1332 1436 celo
1375 1391 1577 1436 sonus
1675 1389 1842 1436 muS.
1903 1373 1991 1435 In
2050 1381 2351 1436 nocturno
2407 1381 2511 1438 an.
2583 1371 2863 1439 Elevata

385 1467 710 1542 tanquam
801 1461 1208 1524 advenientis
1309 1460 1575 1542 spiritus
1674 1467 1791 1522 est.
1824 1468 1925 1541 ps.
1972 1459 2261 1524 Domine
2278 1459 2589 1526 dominus
2620 1470 2857 1526 noster.

384 1547 838 1614 vehementis:
899 1558 967 1612 et
1027 1547 1300 1630 replevit
1361 1557 1572 1611 totam
1671 1547 1735 1610 A
1746 1555 1805 1610 ῆ.
1854 1549 2180 1612 Dominus
2211 1549 2276 1610 in
2325 1548 2594 1630 templo.
2629 1558 2725 1630 ps.
2777 1550 2856 1617 In

381 1637 658 1700 domum
691 1638 800 1700 ubi
831 1646 1018 1701 erant
1068 1637 1388 1700 sedentes,
1481 1637 1572 1700 Et
1671 1635 1945 1700 domino
1987 1635 2266 1700 confido,
2312 1645 2416 1700 an.
2462 1635 2531 1702 A
2578 1657 2858 1702 summo,

380 1734 828 1806 apparuerunt
879 1726 1006 1790 illis
1055 1726 1402 1808 dispartite
1450 1725 1572 1788 lin-

377 1832 509 1894 gue
553 1823 872 1896 tanquam
917 1814 1086 1895 ignis
1131 1813 1431 1894 seditque
1463 1833 1569 1876 su-

375 1921 498 1982 pra
527 1902 820 1984 singulos
837 1921 1063 1965 eorum
1086 1902 1350 1983 spiritus
1379 1921 1568 1964 sanc

375 1997 506 2054 ωε.
641 1990 734 2053 Et
806 1989 1036 2072 repleti
1110 1999 1264 2052 sunt
1335 2009 1568 2054 omnes

373 2077 608 2158 spiritu
685 2088 955 2141 sancto:
1001 2086 1068 2141 et
1113 2086 1426 2158 ceperunt
1469 2077 1566 2140 lo-

373 2167 490 2247 qui
536 2166 729 2228 variis
778 2166 1016 2248 linguis
1062 2174 1256 2247 prout
1299 2165 1564 2247 spiritus

369 2262 642 2316 sanctus
688 2254 892 2317 dabat
940 2254 1156 2336 eloqui
1206 2253 1348 2316 illis.
1437 2253 1561 2320 Tu.

367 2342 488 2405 Re.
539 2342 612 2407 Si
641 2343 818 2406 enim
850 2362 984 2405 non
1013 2343 1235 2405 abiero
1266 2340 1562 2422 paracly-

366 2439 478 2493 tus
509 2450 640 2493 non
672 2431 889 2494 veniet
917 2430 1004 2494 ad
1045 2450 1206 2494 vos:
1251 2430 1304 2492 si
1335 2438 1558 2493 autem

368 2518 627 2583 abiero:
713 2521 974 2583 mittam
1049 2538 1196 2581 eam
1269 2518 1357 2582 ad
1418 2539 1553 2583 vos,

369 2608 542 2673 Cum
576 2617 798 2671 autem
850 2609 1101 2671 venerit
1132 2608 1241 2670 ille
1289 2607 1552 2671 docebit

364 2716 484 2759 vos
515 2716 778 2759 omnem
802 2697 1144 2760 veritatem
1186 2694 1460 2759 alleluia.
1508 2711 1555 2782 γ

367 2784 524 2847 Non
549 2785 724 2847 enim
759 2784 1063 2866 loquetur
1093 2805 1133 2847 a
1163 2784 1550 2865 semetipso,

361 2873 480 2935 sed
557 2893 944 2955 quecunque
1019 2873 1243 2937 audiet
1327 2871 1550 2953 loque-

358 2969 483 3023 tur.
525 2970 594 3023 et
624 2981 753 3042 que
797 2969 1071 3025 ventura
1115 2968 1268 3023 sunt
1299 2980 1552 3023 annun-

360 3048 563 3112 ciabit
593 3048 795 3114 vobiS.
843 3049 1013 3114 Cum
1037 3057 1258 3113 autem
1299 3049 1551 3113 venerit

358 3135 487 3200 ille.
583 3136 805 3201 Gloria
836 3137 1021 3220 patri.
1111 3136 1417 3201 Alleluia.
1463 3136 1548 3199 In

356 3223 662 3288 laudibus
733 3234 838 3290 an.
906 3226 1048 3289 Viri
1107 3226 1324 3307 galilei
1385 3224 1546 3308 quid

357 3312 776 3376 admiramini
907 3314 1308 3396 aspicientes,
1443 3320 1544 3396 ps.

359 3400 689 3463 Dominus
763 3403 1072 3484 regnavit.
1167 3402 1387 3467 Cetera
1472 3410 1550 3465 ut

353 3488 748 3571 supraseria
767 3500 958 3554 sexta.
1046 3490 1130 3553 In
1158 3510 1406 3571 evange.
1439 3510 1543 3555 an.

355 3576 504 3640 Nisi
549 3596 674 3659 ego
719 3578 956 3642 abiero.
1006 3587 1103 3660 ps’.
1151 3576 1547 3643 Benedictus

357 3664 688 3728 Dominus
716 3666 895 3729 deus,
947 3665 1188 3731 Orati0.
1237 3664 1544 3731 Concede

355 3772 729 3834 quesumus,
815 3754 940 3819 Ad
986 3753 1180 3819 horas
1225 3762 1302 3817 ut
1345 3765 1545 3837 supra

355 3840 428 3902 in
457 3840 565 3903 die
574 3842 949 3923 precedenti.

355 3932 422 4006 π
467 3930 813 3993 Domim‘ca
832 3930 1016 4012 infra
1031 3941 1287 3995 octavas
1307 3931 1542 3995 Ascen-

351 4036 565 4083 sionis.

355 4104 636 4171 Sabbata
683 4107 780 4171 ad
831 4119 1132 4190 vesperas.
1205 4117 1309 4172 an.
1399 4107 1540 4172 Viri

353 4195 570 4275 galilei
645 4195 803 4278 quid
849 4198 1262 4261 admiramini
1307 4198 1540 4279 aspici-

351 4292 551 4349 entes,
661 4285 730 4348 E
733 4295 764 4347 t
829 4295 1019 4349 cetere
1067 4283 1408 4369 antiphone
1451 4306 1545 4348 se-

1655 1731 1759 1802 ps.
1820 1723 1961 1788 Celi
2008 1732 2327 1788 enarrant.
2375 1741 2423 1810 y
2466 1723 2857 1792 Ascendens

1671 1809 1971 1875 Christus
2002 1811 2069 1876 in
2101 1811 2324 1876 altum.
2493 1813 2623 1877 Sec.
2624 1813 2853 1895 J'olum.

1665 1899 1799 2032 ln
1849 1900 1961 1964 illo
2019 1908 2347 1982 tempore.
2425 1900 2619 1965 Dixit
2656 1902 2853 1982 Jesus

1755 1987 2087 2069 discipulis
2145 1989 2295 2056 suis,
2389 1987 2559 2054 Cum
2598 1991 2851 2058 venerit

1664 2075 2016 2156 paraclitus
2046 2095 2244 2157 quem
2274 2095 2401 2157 ego
2442 2077 2701 2140 mittam
2734 2099 2849 2142 vo

1663 2163 1765 2227 bis
1785 2185 1825 2226 a
1844 2173 2029 2245 patre
2053 2164 2354 2245 spiritum
2377 2165 2667 2230 veritatis
2691 2167 2848 2246 quia

1661 2261 1851 2333 patre
1884 2253 2222 2333 procedit:
2266 2252 2375 2318 ille
2392 2253 2842 2318 testimonium

1659 2339 2034 2421 perhibebit
2060 2341 2147 2404 de
2195 2359 2317 2404 me.
2368 2341 2459 2404 Et
2490 2340 2753 2422 reliqua.

1659 2427 1915 2492 Omelia
1972 2427 2351 2494 venerabilis
2390 2428 2561 2492 Bede
2584 2429 2844 2511 presby

1655 2517 1793 2581 tm.
2556 2516 2771 2583 Lectio
2780 2539 2841 2601 J

1650 2608 1948 2737 Beue
1978 2612 2203 2671 autem
2262 2604 2570 2671 dominus
2621 2608 2838 2689 ipsum

1794 2694 2095 2777 spiritum
2156 2714 2197 2757 a
2254 2715 2326 2759 se
2384 2695 2584 2759 mitti:
2659 2704 2727 2759 et
2800 2717 2842 2761 a

1651 2791 1841 2864 patre
1901 2782 2253 2866 procedere
2312 2782 2644 2864 perhibet:
2702 2804 2836 2853 non

1649 2871 1830 2952 quod
1860 2871 2051 2935 aliter
2092 2870 2407 2954 procedat
2438 2892 2478 2937 a
2508 2881 2723 2954 patre:
2770 2882 2839 2937 et

1649 2959 1841 3023 aliter
1870 2980 1911 3023 a
1940 2960 2120 3025 filio:
2164 2960 2270 3024 vel
2300 2960 2491 3023 aliter
2534 2961 2835 3025 mittatur

1645 3066 1691 3109 a
1722 3047 1887 3112 filio:
1932 3058 2001 3113 et
2030 3048 2279 3113 alitera
2308 3057 2494 3131 patre
2524 3048 2640 3112 sed
2676 3050 2833 3132 quia

1647 3134 1793 3217 ipsa
1866 3136 2089 3201 missio
2147 3137 2475 3219 processio
2534 3146 2669 3201 est:
2762 3146 2833 3203 et

1646 3222 1793 3306 ipsa
1865 3225 2197 3307 processio
2256 3226 2499 3289 missio,
2592 3224 2829 3306 Neque

1645 3314 1823 3377 enim
1882 3312 2223 3379 diversitas
2262 3322 2363 3377 est
2414 3312 2829 3395 procedentis

1644 3398 1751 3465 vel
1824 3400 2147 3466 mittentis
2222 3400 2461 3483 quibus
2528 3420 2660 3465 una
2722 3410 2827 3465 est

1645 3489 1931 3553 essentia
1960 3508 2207 3591 parque
2238 3489 2465 3553 deitas.
2540 3488 2827 3569 Respon-

1640 3577 1821 3639 soria
1846 3577 2041 3641 sicuti
2068 3578 2137 3641 in
2164 3576 2271 3641 die
2298 3574 2692 3641 ascensionis.

1641 3666 1852 3799 N
1835 3684 1922 3729 on
1950 3664 2128 3729 enim
2158 3666 2374 3731 minor
2400 3672 2503 3727 est
2563 3661 2725 3746 [Lec.
2760 3662 2827 3745 ij,

1834 3752 1944 3817 ille
2016 3753 2128 3835 qui
2204 3751 2499 3833 procedit
2586 3750 2699 3815 illo
2788 3770 2831 3817 a

1642 3860 1777 3922 quo
1864 3842 2197 3922 procedit:
2286 3860 2499 3921 neque
2616 3838 2832 3901 minor

1641 3938 1747 3993 est
1794 3928 1903 3992 ille
1953 3930 2067 4011 qui
2115 3928 2437 3993 mittitur:
2469 3928 2583 3993 illo
2612 3948 2653 3991 a
2693 3948 2831 4009 quo

1641 4018 1925 4083 mittitur
1996 4018 2151 4100 quia
2217 4016 2395 4099 quod
2468 4026 2571 4079 est
2644 4025 2834 4098 pater

1643 4106 1769 4169 hoc
1814 4116 1916 4171 est
1959 4106 2171 4170 filius:
2216 4104 2341 4171 hoc
2388 4114 2487 4169 est
2534 4112 2603 4167 et
2646 4104 2834 4186 spiri-

1645 4204 1753 4258 tus
1782 4204 2061 4259 sanctus
2162 4194 2337 4275 Quia
2395 4193 2571 4257 enim
2604 4192 2835 4259 ambo-

1641 4304 1791 4347 rum
1868 4284 2133 4366 spiritus
2202 4292 2304 4347 est
2362 4292 2711 4355 coeternus
2768 4288 2849 4351 et.

1252 4462 1264 4491 ¹
1299 4476 1388 4525 pro
1419 4460 1594 4527 ‘Jesu’
1620 4460 1761 4525 ejus:
1796 4460 1866 4509 N.
