3375 5100
1121 388 1515 472 SECUNDA
1570 388 1690 443 AD
1701 387 2039 446 VENTUS.

875 497 976 554 33

320 603 684 690 nobiscum·
714 601 894 667 deuS.
985 603 1154 668 all’a.
1229 613 1329 686 ps.
1403 605 1522 686 Ju-

319 692 544 756 bilate.
631 700 738 755 ar‘i.
824 693 1000 757 Ecce
1029 693 1376 775 apparebit
1408 693 1527 756 do-

319 781 540 844 minus
561 789 628 844 et
651 800 786 844 non
812 782 1169 845 mentietur
1190 783 1242 844 si
1270 801 1524 846 moram

319 869 550 933 fecerit
591 879 878 952 expecta
922 890 1073 933 eum
1122 871 1277 953 quia
1307 869 1528 933 veniet

322 966 393 1021 et
451 978 587 1021 non
648 958 959 1023 tardabit.
1057 959 1341 1023 alleluia.
1425 967 1526 1040 ps.

324 1047 512 1110 Deus
557 1046 722 1110 deus
771 1067 974 1110 meuS.
1063 1057 1168 1112 an.
1261 1047 1528 1112 Montes

321 1143 394 1198 et
449 1132 650 1199 colles
703 1136 1070 1200 cantabunt
1121 1153 1345 1200 coram
1400 1135 1529 1199 deo

324 1223 637 1287 laudem:
698 1234 769 1287 et
817 1226 1043 1288 omnia
1105 1225 1287 1307 ligna
1334 1226 1528 1289 silva-

323 1331 470 1375 rum
530 1311 851 1394 plaudent
920 1313 1225 1377 manibus
1295 1315 1529 1397 quoni·-

325 1420 437 1464 am
491 1401 714 1464 veniet
774 1401 1085 1465 dominus
1150 1402 1532 1466 dominator

321 1489 390 1551 in
468 1509 744 1571 regnum
838 1500 1158 1554 eternum.
1245 1490 1528 1555 alleluia.

319 1576 604 1641 alleluia.
699 1586 801 1660 ps.
871 1579 1298 1643 Benedicite.¹
1389 1581 1527 1645 An.

325 1665 504 1730 Ecce
527 1667 836 1730 dominus
861 1678 1087 1732 noster
1109 1689 1258 1732 cum
1285 1669 1528 1732 virtute

321 1754 546 1818 veniet
600 1763 672 1818 ut
728 1754 1055 1820 illuminet
1108 1757 1336 1820 oculos
1395 1777 1526 1820 ser-

321 1863 556 1906 vorum
633 1865 919 1908 suorum.
1039 1844 1318 1909 alleluia.
1425 1854 1526 1927 ps'.

324 1931 648 1996 Laudate.
745 1933 1133 2015 Capitulum.
1213 1935 1401 1997 Hora
1426 1943 1528 1997 est

314 2019 477 2101 jam.
568 2021 878 2102 Hymnus
920 2023 1079 2086 Vox
1140 2021 1314 2086 clara
1376 2043 1528 2086 ecce

324 2108 603 2173 intonat.
694 2106 745 2181 Ῡ
813 2111 972 2174 Vox
1035 2111 1382 2175 clamantis
1457 2112 1525 2173 in

322 2198 603 2261 deserto.
691 2198 780 2260 In
829 2219 1054 2281 evang.
1113 2209 1220 2263 an.
1314 2199 1529 2281 Super

321 2285 560 2349 solium
617 2286 816 2350 david
872 2297 939 2351 et
991 2308 1190 2370 super
1249 2308 1523 2369 regnum

320 2375 467 2455 ejus
496 2374 752 2438 sedebit
784 2375 849 2438 in
881 2386 1199 2440 eternum.
1247 2376 1526 2441 alleluia.

305 2471 408 2543 ps'.
488 2463 902 2527 Benedictus
999 2465 1228 2530 Oratio
1279 2465 1526 2530 Excita

321 2550 593 2615 domine
623 2553 840 2617 corda.

319 2640 506 2703 mina
535 2650 612 2704 ut
636 2652 853 2723 supra.

407 2728 532 2791 Ad
573 2728 770 2793 horas
817 2730 1159 2813 antiphone
1193 2732 1274 2795 de
1310 2732 1523 2795 laudi-

319 2816 454 2881 bus.
580 2816 799 2883 Cetera
896 2830 971 2882 ut
1045 2820 1115 2882 in
1202 2821 1524 2884 dominica

304 2906 668 2986 precedenti
713 2928 858 2970 cum
925 2909 1212 2972 oratione
1276 2910 1523 2975 Excita

316 2995 587 3058 domine
617 2996 836 3060 corda.

406 3082 531 3146 Ad
554 3093 844 3165 vesperas
872 3094 976 3149 an.
1073 3085 1248 3150 Ecce
1289 3087 1354 3150 in
1402 3108 1521 3150 nu-

313 3169 528 3234 bibus.
659 3182 723 3235 et
792 3172 922 3236 alie
1013 3174 1354 3256 antiphone
1442 3176 1523 3238 de

313 3259 620 3323 laudibus
691 3282 834 3324 cum
894 3262 1178 3343 psalmis
1240 3263 1518 3327 domini-

311 3346 571 3411 calibus.
679 3347 1049 3431 Capitulum
1127 3352 1206 3414 In
1281 3352 1518 3417 diebus

930 2554 1260 2618 Memoria
1294 2555 1376 2619 de
1415 2554 1524 2619 do-

2170 498 2267 554 84

1623 601 2069 685 scripserunt:
2125 611 2197 666 ut
2250 605 2701 687 opprimerent
2770 605 2833 669 in

1617 689 1644 772 j
1653 691 1872 755 udicio
1892 712 2216 775 pauperes
2238 715 2253 757 :
2290 703 2361 757 et
2378 695 2513 758 vim
2538 694 2835 759 facerent

1622 799 1824 843 cause
1869 779 2217 845 humilium
2262 782 2493 866 populi
2542 785 2711 848 mei:
2762 794 2841 847 ut

1625 878 1848 933 essent
1907 869 2106 933 vidue
2170 872 2375 952 preda
2428 891 2699 936 eorum:
2768 881 2843 935 et

1625 957 1915 1040 pupillos
1940 958 2315 1042 diriperent.
2376 959 2556 1042 Quid
2583 959 2843 1025 facietis

1628 1046 1696 1107 in
1739 1045 1849 1109 die
1880 1047 2276 1110 visitationis
2323 1057 2391 1112 et
2436 1048 2845 1113 calamitatis

1627 1131 1715 1197 de
1748 1133 1948 1216 longe
1978 1136 2342 1200 venientis:
2390 1145 2459 1200 et
2490 1137 2604 1201 ubi
2652 1137 2844 1201 dere-

1628 1221 1945 1304 linquetis
1964 1223 2241 1306 gloriam
2261 1234 2570 1290 vestram.
2600 1226 2744 1290 Lec.
2770 1226 2844 1310 ij.

1645 1313 1795 1442 V
1795 1333 1833 1375 e
1900 1333 2087 1376 assur
2150 1313 2375 1396 virga²
2420 1313 2655 1379 suroris
2706 1315 2836 1378 mei

1794 1409 1864 1464 et
1922 1401 2196 1465 baculus
2263 1402 2440 1484 ipse⁸
2504 1403 2571 1466 in
2635 1422 2837 1466 manu

1626 1489 1891 1553 eorum⁴
1917 1490 2289 1572 indignatio
2312 1511 2475 1556 mea.
2540 1491 2653 1556 Ad
2674 1512 2838 1574 gen-

1626 1585 1766 1640 tem
1828 1575 2134 1643 fallacem
2195 1581 2460 1643 mittam
2518 1599 2715 1644 eum:
2770 1590 2838 1644 et

1627 1676 1860 1730 contra
1890 1667 2211 1751 populum
2234 1668 2469 1732 suroris
2495 1670 2624 1732 mei
2652 1689 2837 1732 man-

1625 1754 1805 1817 dabo
1889 1758 1948 1818 ei
2010 1765 2085 1820 ut
2144 1756 2401 1821 auferat
2478 1757 2693 1840 spolia
2768 1767 2835 1822 et

1625 1843 1893 1927 diripiat
1912 1845 2221 1927 predam.'
2300 1845 2391 1910 Et
2415 1856 2623 1928 ponat
2646 1846 2835 1910 illum

1625 1931 1692 1993 in
1756 1933 2321 1998 conculcationem
2383 1936 2573 2018 quasi
2620 1935 2835 1998 lutum

1625 2019 2017 2100 platearum.
2489 2022 2710 2087 Lectio
2740 2023 2837 2106 iij.

1625 2110 1725 2240 l
1727 2128 1847 2191 pse
1858 2119 2083 2173 autern
2105 2129 2236 2173 non
2252 2110 2373 2176 sic³
2382 2111 2830 2176 arbitrabitur:

1725 2205 1792 2260 et
1826 2217 1939 2261 cor
1970 2197 2113 2280 ejus
2145 2218 2279 2261 non
2315 2199 2410 2262 ita
2454 2200 2832 2264 estimabit:

1625 2284 1744 2348 sed
1776 2305 1889 2348 cor
1915 2286 2059 2369 ejus
2091 2287 2215 2352 erit
2244 2287 2330 2350 ad
2353 2289 2830 2351 conterendum

1626 2382 1693 2436 et
1726 2375 1809 2437 ad
1844 2374 2335 2439 interitionem⁶
2360 2377 2663 2459 gentium
2696 2397 2831 2440 non

1625 2482 2003 2544 paucarum.
2097 2464 2279 2529 Dicit
2344 2465 2541 2528 enim.
2638 2464 2831 2528 Nun-

1623 2552 1785 2633 quid
1812 2571 1943 2617 non
1971 2563 2045 2618 ut
2076 2555 2416 2618 carcanius
2449 2555 2539 2617 sic
2572 2556 2831 2619 calamo

1623 2649 1694 2704 et
1738 2650 1814 2704 ut
1848 2640 2117 2725 Arphat
2162 2642 2255 2707 sic
2302 2643 2545 2708 emath.
2640 2642 2827 2706 Nun-

1621 2730 1783 2810 quid
1805 2751 1939 2794 non
1961 2741 2033 2795 ut
2045 2733 2395 2796 damascus
2414 2733 2507 2795 sic
2526 2732 2827 2797 samaria.

1621 2814 1674 2890 Ϋ
1722 2819 1981 2883 Emitte
2034 2840 2302 2903 agnum.
2390 2821 2475 2884 In
2523 2820 2830 2884 laudibus

1618 2914 1727 2969 αῆ.
1784 2907 2116 2972 Miserere.
2190 2919 2292 2991 ps.
2350 2908 2582 2991 Ipsum
2638 2909 2827 2992 Capi-

1619 2994 1849 3059 tulum.
1901 2997 2079 3061 Ecce
2109 2998 2249 3062 dies
2281 3000 2571 3061 veniunt.
2624 2998 2827 3079 Hym.

1617 3083 1778 3147 Vox
1809 3084 2003 3149 clara.
2094 3085 2145 3161 Ϋ
2190 3087 2348 3150 Vox
2374 3086 2725 3151 clamantis
2758 3088 2821 3150 in

1617 3171 1899 3237 deserto.
1988 3174 2073 3238 In
2095 3195 2317 3258 evang.
2393 3184 2498 3239 an.
2549 3176 2653 3239 De
2682 3176 2824 3239 celo

1614 3261 1839 3326 veniet
1890 3263 2272 3327 dominator
2314 3263 2624 3328 dominus
2656 3274 2723 3328 et
2756 3266 2822 3328 in

1619 3370 1819 3415 manu
1868 3352 2010 3433 ejus
2055 3351 2267 3416 honor
2326 3362 2392 3416 et
2454 3352 2821 3435 imperium.

314 3435 460 3499 illis.
505 3436 622 3501 Re.
668 3438 772 3501 Tu
807 3459 1155 3521 exurgens,
1208 3440 1520 3521 Hymnus
1601 3446 1705 3519 ps.
1752 3439 2165 3504 Benedictus
2246 3439 2477 3505 Oratio
2506 3451 2579 3504 ut
2606 3452 2820 3523 supra.

314 3520 656 3589 Conditor.
725 3524 776 3600 Ϋ
827 3528 1093 3592 Rorate.
1180 3528 1264 3592 In
1293 3550 1515 3612 evang.

309 3622 416 3676 αῆ.
509 3614 718 3677 Beata
769 3636 840 3678 es
895 3617 1100 3679 maria
1137 3638 1266 3699 que
1312 3620 1518 3681 credi-

309 3702 508 3765 disti:
585 3701 1004 3785 perficientur
1077 3706 1144 3767 in
1239 3716 1306 3769 te
1388 3726 1516 3789 que

307 3790 488 3853 dicta
512 3801 666 3855 sunt
690 3792 810 3856 tibi
832 3814 873 3856 a
891 3794 1180 3857 domino,
1227 3794 1509 3859 alleluia.

1614 3528 1743 3590 Ad
1797 3528 1993 3591 horas
2050 3538 2128 3591 ut
2190 3540 2393 3611 supra
2463 3530 2533 3593 in
2598 3529 2823 3593 hebdo-

1617 3616 1817 3679 mada
1874 3617 2286 3699 precendenti
2340 3638 2484 3680 cum
2536 3619 2828 3681 oratione

1619 3704 1869 3768 Excita
1898 3706 2168 3768 domine
2200 3705 2417 3769 corda.

1702 3794 1828 3855 Ad
1925 3804 2217 3875 vesperas
2318 3793 2661 3875 antiphone
2758 3804 2821 3857 et

290 3887 394 3959 ps.
459 3878 866 3962 Magnificat.
946 3882 1192 3946 Oratio.
1262 3883 1509 3948 Excita
1593 3882 1850 3962 psalmi
1860 3882 2151 3964 senales.
2241 3882 2324 3946 In
2354 3883 2679 3965 evangelio
2698 3892 2815 3955 aii.

305 3966 578 4031 domine
608 3970 823 4032 corda.
913 3992 1056 4033 cum
1095 3972 1403 4035 memoria
1432 3973 1512 4035 dc

298 4054 581 4120 domina.
660 4066 735 4120 ut
761 4070 976 4141 supra.

303 4148 369 4219 (Τ
414 4145 616 4207 Feria
647 4147 715 4227 ij.

571 4496 584 4525 ¹
625 4496 962 4548 Benedictus:
997 4500 1080 4549 ΣΥ.

572 4564 591 4591 ²
625 4578 738 4612 vera
767 4581 777 4612 :
813 4564 894 4614 W.

570 4628 590 4658 ³
629 4630 765 4678 ‘est’
787 4632 884 4679 add
914 4650 925 4679 :
965 4632 1184 4685 RGAV.

1610 3970 1787 4033 Ecce
1834 3991 1953 4035 rex
1982 3972 2205 4034 veniet
2248 3971 2559 4036 dominus
2604 3981 2815 4038 terre:

1606 4068 1672 4121 et
1698 4060 1840 4141 ipse
1862 4058 2114 4124 auferet
2138 4059 2373 4143 jugum
2407 4062 2811 4144 captivitatis

1203 4148 1416 4211 Lectio
1437 4150 1500 4232 j.
1604 4159 1843 4211 nostre.
1905 4158 2005 4230 ps.
2078 4149 2485 4231 Magnificat.
2577 4148 2809 4214 Oratio

315 4233 468 4364 V
467 4254 504 4296 e
536 4235 646 4316 qui
673 4237 969 4338 condunt
1017 4236 1195 4339 leges
1243 4239 1500 4340 iniquas
1600 4246 1677 4300 ut
1707 4247 1923 4337 supra.

465 4332 534 4386 et
633 4324 994 4389 scribentes
1099 4335 1496 4408 injusticiam
1562 4331 1664 4405 11
1714 4326 1910 4389 Feria
1944 4348 2038 4407 ns.

2520 4326 2733 4389 Lectio
2742 4329 2812 4409 j.

1804 4504 1820 4531 ⁴
1858 4516 1947 4564 pro
1978 4499 2208 4550 ‘eorum'
2233 4498 2373 4563 ejus:
2410 4499 2635 4550 E.G.w.
2743 4542 2751 4553 .

1802 4570 1823 4596 ⁵
1855 4582 1947 4631 pro
1976 4567 2110 4616 ‘sic’
2135 4566 2233 4615 sit:
2268 4567 2331 4615 G.

1801 4635 1822 4663 ⁸
1856 4633 2221 4683 internitionem
2252 4649 2261 4680 :
2300 4631 2521 4680 E.G.w.

2489 4728 2532 4773 D
