3375 5100
1173 329 1442 384 PRIMA
1490 331 1794 385 ADVEN
1798 332 1851 386 T
1854 332 1965 388 US.

307 545 562 627 festum
641 545 781 626 ejus
855 544 1079 626 fuerit
1107 567 1132 608 .·
1190 545 1521 627 precedere

324 634 500 698 debet
545 634 924 696 memoriam
971 633 1145 697 beate
1185 635 1474 717 virginis
1492 657 1518 698 .·

325 723 442 786 sed
517 723 706 804 infra
777 731 1040 786 octavas
1097 723 1299 786 suas¹
1366 733 1519 804 pre-

323 811 494 874 cedet
541 811 854 873 memoria
899 810 979 873 de
1020 810 1286 874 domina
1305 833 1330 874 .·
1389 811 1525 874 nisi

327 920 470 962 cum
543 899 624 961 de
693 919 760 962 eo
825 899 896 962 in
962 899 1244 962 crastino
1299 900 1526 981 fuerit

326 987 736 1052 cantandum.
861 991 926 1065 «Ι
987 987 1090 1051 Et
1130 988 1527 1069 generaliter

329 1075 613 1160 quotidie
656 1075 844 1157 infra
888 1084 1147 1140 octavas
1201 1097 1360 1139 suas
1398 1077 1526 1161 fiet

328 1166 410 1229 de
435 1185 500 1228 eo
529 1164 842 1227 memoria
873 1173 1010 1227 tam
1056 1165 1127 1227 in
1171 1165 1278 1228 die
1317 1165 1522 1228 domi-

329 1254 478 1317 nica
507 1273 702 1335 quam
733 1252 804 1316 in
823 1253 1027 1335 festis
1053 1264 1420 1316 sanctorum
1453 1255 1524 1317 ἃ·

315 1342 524 1425 seriis
542 1365 566 1405 .·
612 1361 755 1404 cum
783 1341 864 1405 a'e
887 1362 954 1404 eo
984 1362 1108 1404 non
1137 1341 1394 1405 dicitur.

417 1431 546 1493 Ad
586 1429 1055 1513 completorium
1106 1439 1214 1494 an'.
1321 1430 1526 1494 Mise-

333 1539 473 1582 rere
547 1518 711 1581 mihi
785 1518 1054 1582 domine
1131 1518 1192 1581 &
1272 1517 1524 1582 exaudi

332 1608 700 1671 orationem
733 1627 970 1670 meam.
1003 1615 1104 1689 ps.
1138 1607 1307 1671 Cum
1341 1608 1524 1670 invo-

335 1716 571 1760 carem.
607 1705 704 1778 ps.
739 1695 819 1758 In
853 1705 920 1758 te
949 1695 1220 1759 domine
1250 1695 1523 1778 speravi.

335 1805 534 1866 usque
577 1784 658 1847 In
710 1803 948 1847 manus
997 1792 1161 1847 tuas,
1236 1793 1337 1864 ps.
1389 1783 1522 1866 Qui

337 1873 613 1936 habitat.
692 1881 789 1954 ps.
855 1871 1031 1936 Ecce
1106 1892 1298 1935 nunc.
1418 1871 1530 1936 Hi

323 1961 608 2044 predicti
629 1960 896 2024 Psalmi
913 1959 1219 2023 dicantur
1245 1959 1342 2023 ad
1363 1981 1528 2023 com-

325 2049 675 2132 pletorium
720 2048 1001 2130 quotidie
1032 2058 1150 2130 per
1173 2069 1422 2111 annum
1452 2048 1532 2110 de

341 2157 703 2220 quocunque
729 2137 828 2221 fit
852 2137 1197 2200 servitium
1217 2161 1240 2200 .·
1281 2147 1529 2219 preter-

342 2245 538 2308 quam
589 2246 632 2288 a
683 2246 834 2288 cena
875 2225 1130 2290 domini
1185 2247 1386 2308 usque
1441 2224 1538 2288 ad

339 2323 601 2378 octavas
617 2312 862 2395 pasche.
1143 2313 1528 2396 Capitulum.

360 2404 544 2536 Γ
599 2403 665 2465 in
728 2404 920 2466 nobis
979 2423 1050 2466 es
1109 2404 1413 2468 domine:
1469 2402 1530 2465 &

503 2511 748 2556 nomen
832 2500 1137 2556 sanctum
1204 2501 1394 2556 tuum
1463 2501 1534 2555 et

343 2580 702 2663 gloriosum
751 2580 1130 2644 invocatum
1179 2591 1280 2645 est
1340 2602 1536 2663 super

345 2690 508 2733 nos:
557 2689 639 2732 ne
684 2670 1108 2751 derelinquas
1154 2690 1276 2733 nos
1321 2670 1534 2734 domi-

345 2779 430 2821 ne
479 2759 643 2823 deus
707 2768 945 2822 noster.
1060 2759 1210 2821 Deo
1271 2760 1534 2840 gratias,

375 2844 553 2979 Te
577 2845 739 2909 lucis
764 2856 918 2910 ante
944 2847 1165 2909 termi-
1189 2846 1536 2930 [Hymnus.

517 2954 676 2998 num
737 2955 952 2998 rerum
1012 2944 1272 2998 creator
1330 2934 1541 3017 posci-

345 3042 540 3086 mus:
615 3033 690 3087 ut
749 3022 946 3087 solita
1019 3023 1374 3087 clementia
1450 3024 1540 3086 sis

345 3110 568 3195 presul
641 3112 726 3175 ad
802 3112 1190 3175 custodiam.
1297 3110 1544 3175 Procul

351 3200 662 3263 recedant
751 3201 1012 3263 somnia
1085 3210 1154 3263 et
1251 3201 1544 3264 noctium

347 3288 754 3352 fantasmata
805 3288 1201 3371 hostemque
1248 3298 1546 3353 nostrum

354 3377 719 3458 comprime
797 3398 880 3440 ne
947 3376 1328 3459 polluantur
1407 3398 1544 3440 cor—

355 3486 535 3548 pora.
658 3465 901 3528 Presta
979 3476 1172 3547 pater
1247 3467 1552 3548 omnipo-

355 3564 504 3617 tens
557 3574 674 3635 per
723 3554 953 3635 Jesum
1029 3554 1369 3620 Christum
1431 3554 1552 3617 do-

359 3644 614 3705 minum
715 3644 828 3724 qui
926 3651 1148 3707 tecum
1243 3644 1311 3706 in
1405 3662 1554 3724 per-

233 3786 240 3796 .
357 3740 635 3814 petuum
741 3740 974 3812 regnat
1072 3752 1222 3795 cum
1321 3741 1554 3795 sancto

359 3820 610 3903 spiritu.
718 3819 962 3883 Amen.
1076 3818 1240 3885 Cum
1312 3820 1558 3884 dicitur

361 3909 590 3972 Presta
648 3918 843 3991 pater
929 3908 1236 3991 piissime.
1379 3909 1561 3971 Tunc

362 3998 612 4061 dicetur
634 3998 703 4060 in
705 3997 850 4081 fine
873 3997 1190 4079 Regnans
1212 4017 1331 4080 per
1357 4017 1556 4060 omne

361 4085 673 4149 seculum.
771 4083 932 4150 Cum
951 4085 1197 4149 dicitur
1213 4087 1362 4149 Deo
1385 4086 1556 4167 patri

363 4184 518 4237 tunc
562 4173 810 4237 dicetur
856 4175 928 4237 in
955 4174 1100 4257 fine
1137 4183 1205 4238 et
1258 4194 1430 4239 nunc
1491 4184 1559 4237 et

365 4264 872 4345 imperpetuum.
968 4262 1244 4341 Quando
1318 4263 1564 4326 dicitur

368 4352 594 4417 Gloria
613 4350 732 4415 tibi
757 4351 1026 4415 domine
1050 4352 1121 4414 ἃ
1153 4352 1331 4416 Laus
1354 4353 1566 4415 honor

637 4550 652 4581 ¹
694 4548 862 4600 ‘suas'
886 4566 979 4600 om.
1003 4566 1022 4600 .·
1055 4550 1194 4600 E.G.

2200 443 2247 496 6

1618 557 1770 610 tunc
1794 547 2045 612 dicetur
2068 548 2137 611 in
2152 549 2297 632 fine
2324 549 2389 612 in
2409 539 2813 632 sempiterna

1615 637 1853 700 secula.
1948 637 2193 701 Amen.
2278 635 2329 710 Ῡ
2378 638 2654 702 Custodi
2689 659 2810 700 nos

1617 725 1887 789 domine
1918 735 1991 789 ut
2033 721 2353 807 pupillam
2384 726 2572 790 oculi.
2666 726 2840 792 Sub.

1620 812 1856 876 umbra
1918 812 2169 876 alarum
2224 823 2485 878 tuarum
2536 824 2811 897 protege

1622 922 1760 964 nos
1880 901 1964 964 In
2024 903 2348 984 evangelio
2420 911 2526 966 an.
2638 903 2810 966 Veni

1621 990 1891 1053 domine
1922 991 2187 1054 visitare
2236 1011 2353 1054 nos
2386 991 2452 1052 in
2486 1011 2649 1072 pace
2676 1011 2691 1053 :
2740 1001 2815 1054 ut

1622 1078 1905 1142 letemur
1920 1099 2141 1142 coram
2174 1089 2243 1143 te
2273 1079 2469 1143 corde
2503 1078 2813 1161 perfecto.

1606 1175 1711 1248 ps'.
1764 1167 1958 1230 Nunc
2012 1167 2310 1231 dimittis
2418 1167 2733 1250 Sequitur
2772 1187 2815 1229 a

1621 1253 1805 1320 choro
1857 1255 2250 1320 alternatim.
2364 1255 2816 1337 Kyrieleyson

1623 1353 1737 1407 ter.
1832 1343 2094 1407 Christe
2117 1343 2389 1426 eleyson
2417 1353 2524 1408 ter.
2604 1345 2818 1425 Kyrie

1623 1431 1895 1513 eleyson
1946 1442 2043 1494 ter
2060 1455 2087 1494 .·
2136 1435 2207 1497 ἃ·
2264 1432 2557 1516 sequitur
2610 1432 2819 1495 oratio

1621 1519 2033 1584 dominicalis
2103 1520 2341 1584 scilicet
2400 1521 2595 1585 Pater
2664 1541 2815 1584 nos-

1623 1617 1742 1672 ter.
1836 1609 1927 1672 Et
2000 1629 2085 1671 ne
2161 1630 2297 1674 nos
2394 1609 2527 1675 Sed
2590 1608 2815 1672 libera.

1626 1696 1677 1771 Ῡ
1726 1696 1808 1759 In
1868 1697 2031 1780 pace
2076 1698 2143 1761 in
2192 1699 2257 1762 id
2306 1697 2541 1779 ipsum.
2643 1698 2815 1761 Dor-

1628 1787 1831 1848 miam
1909 1785 1987 1849 &.
2069 1786 2385 1868 Sequitur
2459 1787 2674 1851 Credo
2748 1786 2815 1849 in

1625 1874 1843 1938 deum.
1968 1873 2199 1938 Carnis
2260 1876 2817 1939 resurrectionem.

1629 1963 1724 2026 Et
1794 1962 2003 2025 vitam
2069 1972 2385 2026 eternam.
2462 1983 2674 2026 amen.
2766 1961 2819 2036 Ῡ

1629 2051 2113 2114 Benedicamus
2161 2061 2419 2133 patrem
2488 2061 2555 2114 et
2610 2051 2819 2113 filium

1627 2159 1780 2202 cum
1834 2147 2067 2202 sancto
2114 2141 2382 2222 spiritu:
2434 2139 2819 2203 Laudemus

1631 2227 1693 2290 &
1717 2226 2290 2309 superexaltemus
2314 2248 2465 2291 eum
2490 2229 2553 2291 in
2578 2227 2817 2290 secula.

1629 2303 1682 2379 Ῡ
1736 2317 2133 2379 Benedictus
2180 2337 2250 2380 es
2288 2317 2557 2380 domine
2602 2316 2667 2378 in
2714 2315 2823 2378 fir-

1633 2415 1973 2468 mamento
2004 2403 2145 2469 celi.
2237 2405 2329 2468 Et
2370 2404 2715 2468 laudabilis
2761 2403 2822 2466 &

1632 2493 1957 2577 gloriosus
2018 2501 2087 2557 et
2144 2493 2680 2577 superexaltatus
2756 2493 2822 2555 in

1634 2582 1872 2645 secula.
1943 2578 1994 2653 Ῡ
2046 2583 2403 2647 Benedicat
2470 2592 2537 2646 et
2609 2591 2827 2645 custo-

1637 2673 1776 2734 diat
1796 2691 1916 2734 nos
1935 2671 2357 2753 omnipotens
2378 2671 2437 2735 &
2460 2672 2825 2734 misericors

1637 2760 1961 2824 dominus
2105 2759 2348 2823 Amen.
2484 2758 2535 2833 Ῠ
2606 2758 2824 2824 Confi-

1639 2848 1872 2912 temini
1919 2847 2191 2911 domino
2222 2849 2533 2931 quoniam
2568 2849 2782 2910 bonus
2812 2870 2827 2907 ε

1643 2936 1979 3019 Quoniam
2023 2935 2091 2998 in
2122 2936 2418 3000 seculum
2466 2936 2829 2999 misericor-

1643 3026 1756 3089 dia
1788 3024 1947 3105 ejuS.
2033 3024 2355 3106 Confessio
2386 3035 2520 3088 tam
2550 3025 2645 3094 ad
2667 3044 2829 3087 com-

1632 3114 1980 3196 pletorium
2000 3134 2196 3194 quam
2218 3113 2314 3175 ad
2321 3116 2633 3195 primam.
2699 3112 2827 3175 Sa-

1645 3201 1876 3265 cerdoS.

1814 3288 2100 3353 nfiteor²
2144 3290 2273 3353 deo
2322 3289 2381 3353 &
2428 3291 2626 3353 beate
2688 3308 2829 3351 ma·-

1769 3379 1893 3441 rie:
1956 3377 2017 3440 &
2076 3378 2385 3441 omnibus
2433 3379 2709 3442 sanctis:
2761 3386 2830 3439 et

1647 3466 1840 3530 vobis
1864 3465 2135 3529 fratres:
2179 3467 2335 3549 quia
2367 3487 2494 3549 ego
2525 3475 2835 3549 peccator

1653 3555 1921 3637 peccavi
1943 3555 2138 3617 nimis
2158 3555 2386 3619 corde:
2418 3575 2570 3618 ore:
2602 3572 2834 3636 opere:

1653 3644 2052 3708 omissione:
2124 3664 2271 3705 mea
2340 3642 2550 3725 culpa.
2673 3642 2839 3705 Ideo

1654 3752 1888 3815 precor
1929 3730 2285 3813 gloriosam
2317 3730 2422 3794 dei
2454 3730 2837 3813 genitricem

1657 3820 1965 3883 mariam:
2014 3818 2073 3882 &
2115 3838 2345 3883 omnes
2382 3830 2646 3883 sanctos
2695 3819 2843 3882 dei:

1657 3918 1727 3972 et
1757 3930 1875 3971 vos
1907 3928 2092 3971 orare
2124 3920 2244 3989 pro
2274 3928 2398 3972 me.
2582 3906 2845 3974 Chorus.

1860 3997 2175 4059 isereatur
2247 3997 2344 4059 tui
2424 3997 2847 4078 omnipotens

1858 4086 2063 4148 deus:
2172 4085 2233 4148 &
2342 4085 2634 4149 dimittat
2724 4085 2847 4147 tibi

1658 4174 1885 4237 omnia
1915 4182 2187 4256 peccata
2217 4184 2373 4238 tua:
2418 4175 2650 4238 liberet
2674 4180 2741 4236 te
2762 4175 2850 4236 ab

1659 4264 1843 4325 omni
1906 4262 2083 4326 malo
2142 4272 2482 4327 conservet
2556 4273 2623 4325 et
2696 4281 2853 4324 con-

1661 4350 1883 4416 firmet
1928 4352 1995 4415 in
2039 4352 2221 4415 omni
2266 4372 2463 4434 opere
2509 4350 2729 4414 bono:
2792 4346 2853 4411 ὣ

2025 4552 2046 4581 ²
2086 4550 2371 4600 Confitebor
2393 4568 2405 4601 :
2440 4550 2521 4599 W.
