3375 5100
1157 338 1459 394 TERTIA
1511 339 1985 397 ADVENTUS.

865 447 967 503 49

317 551 556 616 edocta
577 573 618 616 a
640 554 769 617 deo
790 574 909 637 per
925 554 1234 638 angelum
1255 555 1502 619 mundo

315 651 652 705 auctorem
727 643 958 706 salutis
1039 645 1263 709 edidit.
1381 643 1498 708 Re.

315 730 527 794 Modo
543 731 764 795 veniet
780 731 1158 795 dominator
1175 732 1499 797 dominuS.

319 817 410 881 Et
463 839 706 883 nornen
757 820 899 900 ejus
951 821 1252 885 emanuel
1303 842 1497 885 voca-

313 907 506 970 bitur.
596 925 641 993 γ
689 907 955 972 Orietur
985 909 1050 971 in
1081 909 1314 972 diebus
1356 909 1498 990 ejus

305 994 572 1075 justicia
641 1003 710 1059 et
768 995 1222 1061 habundantia
1299 999 1496 1079 pacis,

315 1083 406 1148 Et
437 1104 696 1147 nomen.
781 1084 1020 1149 Gloria.
1115 1086 1206 1149 Et
1237 1105 1498 1150 nomen.

313 1188 358 1256 γ
407 1171 662 1236 Emitte
692 1192 938 1255 agnum
969 1174 1254 1238 domine.

309 1260 396 1323 In
425 1260 729 1325 laudibus
1127 1261 1495 1344 antiphona.

307 1349 735 1482 prophete
797 1350 1299 1432 predicaverunt
1346 1371 1494 1414 nas·

459 1437 518 1502 ci
549 1437 942 1502 salvatorem
975 1439 1059 1502 de
1077 1440 1324 1521 virgine
1357 1460 1494 1503 ma-

311 1525 420 1588 ria.
473 1535 574 1608 pff.
623 1526 950 1591 Miserere.
1037 1535 1143 1591 an.
1209 1527 1495 1610 Spiritus

308 1614 562 1677 domini
607 1635 806 1698 super
849 1636 995 1680 me:
1043 1616 1493 1698 evangelizare

308 1704 703 1785 pauperibus
780 1705 959 1770 misit
1018 1724 1140 1768 me.
1214 1713 1314 1786 pff.
1390 1705 1491 1770 Te

308 1790 516 1856 decet.
605 1801 711 1856 aii.
776 1793 1051 1876 Propter
1119 1812 1286 1872 syon
1355 1814 1489 1857 non

308 1879 544 1942 tacebo
645 1880 858 1944 donec
953 1882 1328 1963 egrediatur
1416 1891 1490 1945 ut

307 1967 621 2048 splendor
659 1968 876 2050 justus
923 1969 1080 2051 ejus.
1155 1979 1256 2050 pff.
1306 1971 1489 2034 Deus

306 2056 487 2119 deus,
575 2065 680 2120 αῆ.
727 2058 900 2121 Ecce
931 2059 1150 2121 veniet
1180 2059 1488 2123 dominus

306 2154 380 2207 ut
439 2145 668 2208 sedeat
741 2165 890 2209 cum
961 2145 1360 2228 principibus
1420 2155 1488 2210 et

305 2232 543 2295 solium
591 2233 797 2315 glorie
845 2244 1044 2298 tenet.
1093 2243 1192 2317 p.3·‘.
1272 2234 1484 2298 Exul-

304 2329 460 2384 tate.
533 2331 636 2385 an.
670 2321 1095 2387 Annunciate
1128 2323 1386 2406 populis
1417 2333 1485 2388 et

302 2409 501 2473 dicite
533 2431 682 2474 ecce
727 2411 888 2475 deus
933 2412 1222 2475 salvator
1265 2422 1487 2475 noster

301 2499 522 2563 veniet
549 2508 649 2582 pff.
687 2499 1002 2565 Laudate.
1100 2500 1483 2583 Capitulum.

305 2586 480 2650 Ecce
511 2589 669 2651 dieS.
757 2589 1064 2669 Hymnus
1092 2590 1250 2653 Vox
1291 2591 1482 2655 clara.

301 2692 348 2760 γ
393 2675 551 2739 Vox
627 2677 988 2741 clamantis,
1077 2679 1162 2741 In
1231 2700 1483 2760 evange.

299 2772 405 2826 an‘.
497 2765 740 2829 Missus
785 2776 886 2829 est
929 2766 1177 2849 gabriel
1211 2768 1485 2850 angelus

301 2852 388 2915 ad
464 2854 737 2916 mariam
808 2856 1125 2935 virginem
1201 2857 1483 2938 despon-

299 2950 514 3003 satam
578 2942 831 3024 joseph.
907 2952 1008 3025 pf.
1072 2944 1482 3009 Benedictus.

301 3029 458 3091 Non
515 3030 764 3093 dicetur
829 3030 1264 3113 kyrieleyson.
1379 3054 1488 3096 nec

285 3127 499 3197 preces
518 3140 541 3181 .·
587 3118 872 3201 quotiens
916 3120 1084 3183 enim
1138 3120 1232 3183 ad
1273 3130 1484 3185 matu-

300 3206 478 3268 tinas
590 3208 892 3289 expositio
995 3209 1482 3290 pronunciatur.

299 3293 523 3375 kyriel.
555 3304 617 3357 et
628 3307 845 3377 preces
873 3306 1176 3361 tacentur.
1240 3297 1482 3362 Oratio,

295 3386 624 3513 presta
733 3404 1092 3467 quesumus
1184 3387 1482 3469 omnipo-

446 3480 594 3535 tens
655 3472 856 3537 deus:
932 3482 1006 3537 ut
1058 3473 1485 3539 redemtionis

299 3568 520 3623 nostre
604 3570 877 3625 ventura
936 3562 1337 3627 solennitas:
1416 3572 1485 3627 et

367 3776 381 3805 ¹
428 3778 522 3862 U
530 3775 681 3826 lulate
698 3791 849 3827 naves
869 3778 1039 3827 maris:
1071 3778 1188 3843 quia
1204 3784 1394 3827 vastata
1411 3784 1484 3827 est

545 3842 724 3893 domus
760 3844 896 3893 unde
933 3844 1102 3893 venire
1129 3852 1486 3893 consueverant

293 3906 360 3955 de
382 3913 512 3956 terra
533 3908 718 3959 cethim
741 3910 1010 3960 revelatum
1034 3918 1109 3959 est
1141 3910 1230 3961 eis.
1300 3910 1488 3960 Taeete

293 3972 382 4039 qui
417 3974 653 4024 habitatis
675 3976 728 4025 in
767 3976 928 4027 insula
961 3976 1244 4041 negociatio
1265 3976 1482 4041 sydonis,

295 4040 414 4089 Hec
434 4040 570 4090 dicit.
1250 4043 1410 4091 Latio
1431 4043 1490 4120 ij.

306 4106 758 4190 Transfretantes
813 4124 951 4159 mare
993 4106 1306 4174 repleverunt
1340 4116 1392 4159 te
1437 4124 1492 4158 m

416 4173 558 4237 aquis
579 4174 747 4223 multis
780 4176 1006 4224 semenili
1037 4178 1226 4239 [semen
1247 4175 1336 4224 nili
1362 4191 1374 4224 :
1399 4174 1491 4237 G.]

292 4239 468 4287 messis
481 4240 696 4290 fluminis
714 4239 878 4305 fruges
891 4241 997 4305 ejus
1019 4251 1068 4291 et
1091 4240 1222 4291 facta
1244 4248 1317 4291 est
1339 4256 1492 4307 nego-

290 4303 442 4354 ciatio
463 4306 706 4369 gentium.
779 4306 1027 4357 Erubesce
1043 4308 1202 4372 sydon
1223 4326 1237 4357 ε
1259 4308 1330 4357 ait
1351 4308 1484 4357 enim

291 4386 430 4420 mare
462 4371 701 4423 fortitudo
733 4374 884 4423 maris
915 4374 1100 4425 dicens.
1173 4374 1292 4423 Non
1317 4380 1484 4438 partu-

291 4436 386 4485 rivi
409 4444 458 4487 et
481 4454 580 4488 non
603 4440 774 4504 peperi
797 4456 809 4489 t
843 4448 892 4489 et
914 4455 1016 4489 non
1049 4440 1258 4489 enutrivi
1277 4440 1484 4504 juvenes

289 4518 384 4553 nec
445 4503 512 4552 ad
570 4505 927 4558 incrementum
984 4506 1190 4571 perduxi
1252 4506 1480 4571 virgines.

2146 451 2247 504 ΒΟ

1599 555 1921 638 presentis
2004 556 2195 620 nobis
2274 557 2409 620 vite
2492 557 2791 622 subsidia

1600 643 1939 708 conserat:
2030 655 2098 708 et
2188 653 2411 710 eterne
2505 646 2790 710 beatitu-

1599 732 1772 796 dinis
1863 733 2115 816 premia
2205 732 2532 816 largiatur.
2669 735 2793 798 Per

1599 821 1959 885 dominum.
2080 821 2398 885 Memorie
2468 821 2787 888 dicantur.

1596 909 1725 972 Ad
1742 909 1938 972 horas
1968 918 2044 972 ut
2066 919 2265 992 supra
2302 930 2445 973 cum
2488 911 2785 976 oratione.

1596 996 1852 1061 Aurem
1884 1007 2084 1061 tuam.

1599 1090 1665 1166 ([
1709 1085 2092 1150 Notandum
2121 1086 2296 1169 quod
2315 1084 2428 1148 hoc
2449 1086 2785 1168 jq‘unium
2876 1057 2883 1063 .

1595 1183 1903 1257 quattuor
1930 1184 2276 1257 temporum
2307 1174 2589 1255 hyemale
2622 1197 2782 1239 sem-

1579 1274 1709 1344 per
1766 1262 1835 1325 in
1897 1264 2096 1346 plena
2167 1261 2563 1326 hebdomada
2632 1275 2787 1328 ante

1595 1350 1895 1434 vigiliam
1976 1350 2219 1414 natalis
2306 1351 2561 1415 domini
2634 1353 2780 1416 cele—

1595 1439 1836 1504 bratur.
1928 1440 2054 1505 Ad
2090 1450 2376 1521 vesperas
2434 1439 2505 1502 in
2550 1457 2775 1524 evang.

1591 1537 1698 1594 an'.
1822 1528 2003 1592 Dicit
2088 1529 2411 1592 dominuS.
2523 1528 2631 1591 vel
2696 1528 2778 1594 O.

1576 1627 1678 1698 ps.
1728 1615 2135 1700 Magnificat.
2232 1616 2473 1682 Oratio.
2522 1617 2777 1681 Aurem

1592 1715 1797 1769 tuam.

1594 1799 1660 1872 (s
1704 1795 1902 1857 Ferza
1936 1815 1988 1858 v.
2491 1792 2704 1856 Lectio
2713 1795 2776 1876 j.

1593 1881 1874 2014 Εεκῑει
1908 1902 2153 1945 nomen
2193 1881 2444 1944 domini
2475 1883 2655 1946 venit
2688 1883 2775 1946 de

1738 1970 2098 2053 longinquo
2128 1971 2365 2033 ardens
2391 1969 2568 2032 suro‘r
2596 1968 2771 2051 ejus:

1588 2067 1656 2121 et
1682 2061 1902 2141 gravis
1937 2059 2021 2122 ad
2068 2057 2509 2140 portandum:
2560 2057 2774 2122 Labia

1585 2147 1729 2228 ejus
1753 2145 2005 2231 repleta
2022 2155 2175 2210 sunt
2196 2145 2679 2227 indignatione:
2704 2155 2773 2210 et

1586 2235 1813 2318 lingua
1844 2235 1985 2317 ejus
2008 2235 2195 2317 quasi
2227 2235 2396 2316 ignis
2427 2234 2769 2300 devorans

1587 2324 1872 2407 Spiritus
1902 2321 2044 2404 ejus
2076 2323 2259 2387 velut
2288 2331 2542 2384 torrens
2576 2323 2766 2385 inun-

1583 2412 1751 2476 dans
1784 2433 1990 2495 usque
2014 2412 2098 2474 ad
2126 2411 2415 2474 medium
2447 2410 2597 2472 colli
2630 2433 2643 2474 :
2676 2412 2761 2475 ad

1583 2501 1953 2585 perdendas
1981 2510 2215 2583 gentes
2243 2499 2309 2563 in
2344 2497 2651 2563 nihilum:
2700 2509 2768 2564 et

1582 2591 1840 2655 frenum
1922 2590 2153 2653 erroris
2227 2588 2407 2671 quod
2482 2597 2623 2652 erat
2698 2589 2765 2652 in

1587 2678 1878 2742 maxillis
1910 2678 2322 2762 populorum.
2446 2676 2661 2740 Lectio
2694 2678 2765 2760 ij.

1597 2768 1997 2901 Canticum
2023 2767 2147 2829 erit
2174 2766 2399 2829 vobis:
2431 2765 2601 2829 sicut
2630 2785 2766 2829 vox

1702 2855 2109 2919 sanctificate
2138 2854 2550 2917 solennitatis
2582 2862 2650 2917 et
2680 2854 2769 2917 le-

1533 2970 1542 2983 ’
1583 2944 1740 3009 ticia
1806 2944 2071 3008 cordis:
2147 2944 2314 3006 sicut
2375 2942 2489 3024 qui
2548 2943 2765 3025 pergit

1583 3052 1736 3096 cum
1769 3033 1974 3096 tibia:
2022 3041 2096 3095 ut
2140 3032 2337 3095 intret
2370 3030 2435 3093 in
2471 3041 2766 3094 montem

1584 3122 1837 3187 domini
1887 3122 1971 3184 ad
2009 3118 2244 3184 sortem
2278 3118 2510 3183 israel:
2557 3127 2623 3181 et
2655 3140 2770 3182 au-

1584 3210 1795 3273 ditam
1856 3209 2053 3274 saciet
2120 3208 2427 3272 dominus
2487 3206 2767 3289 gloriam

1583 3298 1764 3362 vocis
1812 3317 1971 3362 sue:
2040 3306 2107 3361 et
2159 3304 2474 3361 terrorem
2525 3294 2773 3359 brachii

1585 3387 1685 3450 sui
1749 3386 2056 3450 ostendet
2116 3386 2181 3447 in
2257 3383 2772 3447 comminatione

1587 3475 1858 3539 suroris:
1904 3483 1970 3537 et
2017 3472 2287 3536 flamma
2333 3472 2503 3553 ignis
2546 3471 2775 3535 allidet

1586 3564 1654 3627 in
1685 3563 1948 3627 turbine
1978 3572 2045 3625 et
2076 3561 2141 3624 in
2167 3560 2391 3643 lapide
2412 3560 2772 3641 grandinis,

1586 3777 1703 3827 Hec
1725 3777 1864 3827 dixit.
2528 3772 2685 3823 Lectio
2702 3770 2781 3841 '2272

1591 3847 1761 3929 Cum
1784 3842 2006 3892 auditum
2045 3839 2189 3891 suern
2212 3840 2264 3889 in
2286 3847 2471 3904 egypto
2505 3838 2782 3891 dolebunt=

1695 3924 1809 3959 cum
1832 3907 2077 3958 audierint
2116 3906 2180 3956 de
2214 3914 2338 3971 tyro.
2406 3905 2637 3955 Transite
2676 3923 2781 3957 ma·

1589 3974 1663 4023 ria
1683 3975 1871 4025 ululate
1903 3974 1990 4039 qui
2023 3972 2260 4022 habitatis
2295 3972 2347 4021 in
2381 3971 2559 4021 insula.
2634 3974 2777 4024 Nun-

1589 4042 1712 4105 quid
1756 4056 1859 4090 non
1900 4040 1995 4089 hec
2028 4046 2195 4089 vestra
2226 4047 2302 4089 est
2334 4054 2432 4103 que
2474 4040 2782 4103 gloriabatur

1590 4123 1623 4156 a
1663 4107 1841 4157 diebus
1885 4106 2105 4172 pristinis
2148 4106 2202 4154 in
2256 4106 2551 4169 antiquitate
2597 4122 2687 4156 sua
2730 4114 2783 4157 et

1589 4172 1774 4223 ducent
1812 4188 1925 4222 eam
1964 4172 2119 4237 pedes
2154 4171 2231 4222 sui
2263 4170 2413 4235 longe
2457 4172 2523 4222 ad
2566 4172 2783 4238 peregri-

1591 4240 1829 4289 nandum.
1903 4239 2029 4302 Quis
2053 4238 2290 4302 cogitavit
2326 4238 2419 4287 hec
2445 4255 2594 4304 super
2615 4247 2779 4305 tyrum

1588 4306 1845 4371 quondam
1868 4314 2155 4355 coronatam
2174 4307 2198 4353 ?
2264 4304 2418 4368 Cujus
2439 4306 2781 4370 negociatores

1581 4370 2119 4490 Εήῃοὶρὲεὲηεῶῐοτεε
2136 4370 2243 4435 ejus
2275 4370 2435 4421 incliti
2458 4378 2600 4423 terre.
2665 4371 2779 4421 Hec

1618 4448 1707 4492 tut
1736 4456 1748 4489 :
1832 4474 1844 4489 .
1904 4474 1917 4488 .
2000 4474 2013 4489 .

2468 4614 2515 4666 E
