3375 5100
648 335 904 393 FERJA
959 335 1294 408 QUARTA
1343 334 1449 390 IN
1490 333 1815 392 OCTAVA
1862 335 2441 396 ASCENSIONIS.

826 445 986 502 489

311 549 431 614 hoc
461 549 652 614 esse?
695 551 836 614 Alii
883 559 1106 616 autem
1151 550 1492 614 irridentes

311 640 654 704 dicebant:
699 641 855 722 quia
887 650 1102 703 musto
1131 637 1307 724 pleni
1338 647 1492 702 sunt

309 727 432 790 isti.
1177 727 1392 790 Lectio
1422 727 1490 808 ij.

307 819 642 948 Petrus
671 824 892 880 autem
925 823 993 879 et
1035 815 1358 898 johannes
1391 835 1492 877 as-

465 905 838 969 cendebant
884 905 950 967 in
996 905 1357 986 templum:
1404 902 1487 965 ad

310 990 537 1056 horam
613 994 926 1056 orationis
1002 1012 1263 1054 nonam.
1401 991 1491 1054 Et

303 1080 575 1161 quidam
604 1081 704 1143 vir
746 1081 860 1162 qui
905 1089 1044 1144 erat
1087 1079 1358 1143 claudus
1405 1099 1492 1142 ex

309 1178 493 1232 utero
551 1170 780 1232 matris
839 1189 955 1232 sue
1037 1168 1490 1251 bajulabatur:

307 1276 503 1337 quem
535 1256 873 1337 ponebant
901 1256 1196 1338 quotidie
1226 1255 1312 1318 ad
1342 1276 1492 1338 por-

307 1353 440 1407 tam
473 1344 704 1426 templi
751 1366 880 1427 que
919 1343 1156 1411 dicitur
1197 1345 1493 1426 speciosa

309 1442 380 1495 ut
396 1441 651 1516 peteret
681 1431 1129 1514 elemosynam
1170 1433 1257 1496 ab
1291 1433 1491 1497 intro-

308 1520 613 1584 euntibus
643 1521 708 1584 in
739 1522 1080 1605 templum.
1113 1523 1218 1586 Tu
1250 1530 1492 1584 autem.

305 1611 424 1740 st
453 1628 607 1672 cum
640 1609 890 1673 videret
921 1630 1033 1692 pe·
1125 1609 1364 1694 [Lectio
1395 1608 1492 1689 iij.

390 1707 568 1760 trum
598 1707 666 1762 et
700 1697 1058 1779 johannem
1105 1699 1494 1780 incipientes

312 1785 582 1849 introire
601 1785 666 1848 in
699 1786 1021 1870 templum
1048 1809 1064 1852 :
1111 1787 1388 1869 rogabat
1420 1793 1493 1847 ut

307 1875 758 1955 elemosynam
836 1876 1160 1958 acciperet
1216 1874 1303 1938 ab
1381 1875 1492 1936 eis,

309 1961 586 2026 Intuens
640 1971 859 2026 autem
931 1965 997 2026 in
1055 1984 1209 2027 eum
1268 1971 1494 2045 petrus

307 2049 755 2132 cumjohanne
769 2051 968 2116 dixit:
987 2053 1263 2134 Respice
1279 2053 1341 2114 in
1357 2071 1494 2114 nos,

307 2139 406 2202 At
439 2139 551 2202 ille
583 2140 966 2204 intendebat
986 2140 1051 2203 in
1081 2160 1194 2204 eos
1223 2159 1494 2222 sperans

305 2247 380 2290 se
402 2227 656 2309 aliquid
680 2237 1103 2312 accepturum
1134 2227 1220 2292 ab
1250 2229 1359 2292 eis.

311 2320 374 2394 (1
421 2315 620 2378 Feria
650 2315 747 2397 iij.
1185 2315 1264 2399 [L
1272 2313 1422 2378 ectio
1431 2314 1494 2398 j.

306 2407 648 2536 Petrus
720 2413 942 2468 autem
989 2403 1225 2468 claudo
1283 2405 1495 2468 dixit:

473 2489 845 2574 Argentum
877 2500 947 2557 et
974 2512 1204 2556 aurum
1237 2511 1368 2555 non
1396 2500 1495 2556 est

307 2580 512 2644 mihi:
586 2581 768 2663 quod
819 2591 1041 2645 autem
1099 2580 1314 2643 habeo
1373 2579 1499 2644 hoc

307 2669 430 2732 tibi
462 2670 568 2733 do,
662 2670 740 2732 In
773 2670 1038 2733 nomine
1059 2668 1216 2749 Jesu
1254 2668 1495 2733 Christi

308 2756 614 2821 nazareni
663 2778 856 2840 surge
915 2768 983 2821 et
1033 2758 1316 2822 ambula.
1407 2757 1498 2819 Et

307 2844 720 2928 apprehensa
771 2846 913 2927 ejus
973 2865 1172 2908 manu
1217 2844 1494 2909 dextera

306 2934 616 2996 allevavit
663 2953 846 2999 eum:
893 2942 959 2997 et
998 2934 1295 3016 protinus
1341 2952 1496 2995 con-

307 3020 592 3084 solidate
678 3032 832 3085 sunt
919 3023 1111 3085 bases
1199 3021 1340 3101 ejus
1426 3030 1497 3085 et

305 3109 539 3191 plante
568 3128 582 3171 :
614 3119 681 3174 et
725 3111 1004 3173 exiliens
1041 3110 1226 3173 stetit
1257 3119 1325 3171 et
1357 3130 1495 3171 am-

307 3195 602 3261 bulabat.
1181 3196 1396 3261 Lectio
1427 3198 1498 3281 ᾔ.

457 3295 486 3347 1;
515 3286 782 3349 intravit
841 3305 990 3350 cum
1035 3286 1162 3350 illis
1207 3286 1272 3349 in
1327 3294 1494 3349 tem-

455 3372 682 3455 plum:
729 3372 1072 3437 ambulans
1105 3385 1172 3438 et
1218 3374 1494 3438 exiliens

305 3470 374 3525 et
405 3460 680 3526 laudans
712 3462 927 3525 deum.
1019 3463 1109 3525 Et
1139 3462 1304 3525 vidit
1354 3482 1494 3526 orn·

307 3550 409 3611 nis
441 3552 726 3633 populus
755 3570 906 3613 eum
939 3551 1388 3614 ambulantem
1421 3559 1488 3613 et

305 3636 690 3702 laudantem
766 3639 982 3705 deum.
1116 3640 1488 3721 Cognosce-

305 3724 470 3787 bant
499 3738 722 3793 autem
755 3726 939 3791 illum
999 3728 1311 3808 quoniam
1353 3728 1494 3810 ipse

304 3822 448 3877 erat
479 3818 590 3899 qui
621 3816 708 3881 ad
739 3815 1188 3897 elemosynam
1219 3816 1493 3881 sedebat

303 3904 391 3968 ad
457 3906 822 3989 speciosam
892 3913 1154 3986 portam
1242 3905 1491 3987 templi.

307 3996 398 4060 Et
444 3993 699 4077 impleti
744 4005 898 4060 sunt
941 4004 1209 4077 stupore
1253 4004 1319 4060 et
1375 4016 1495 4059 ex-

302 4090 426 4151 tasi
463 4088 528 4150 in
560 4103 640 4147 eo
671 4086 848 4167 quod
877 4085 1244 4166 contigerat
1275 4083 1384 4149 illi.

319 4177 558 4309 Cum
590 4172 921 4236 tenerent¹
957 4194 1070 4236 au·
1123 4172 1364 4255 [Lectio
1393 4172 1490 4254 iij.

440 4271 576 4327 tem
638 4271 900 4345 petrum
969 4270 1038 4325 et
1089 4260 1490 4342 johannem:

301 4351 586 4416 cucurrit
631 4352 845 4414 omnis
919 4350 1200 4433 populus
1246 4350 1330 4414 ad
1378 4371 1492 4414 eos

2088 445 2249 502 490

1585 550 1674 612 ad
1690 549 2010 631 porticum
2022 551 2377 616 salomonis
2389 561 2726 635 stupentes
2752 570 2775 618 2

1589 638 1841 702 Videns
1873 649 2093 702 autem
2125 650 2386 722 petrus:
2433 643 2773 724 respondit

1589 725 1676 788 ad
1708 727 2058 810 populum:
2115 729 2253 792 Viri
2296 728 2579 792 israelite
2611 729 2771 811 quid

1591 812 2003 878 admiramini
2058 818 2125 879 in
2173 817 2345 881 hoc?
2450 817 2597 880 Aut
2650 837 2773 879 nos

1590 902 1749 982 quid
1780 904 2121 967 intuemini
2153 906 2338 987 quasi
2387 916 2609 968 nostra
2648 906 2775 968 vir-

1588 997 1733 1053 tute
1785 1001 1901 1054 aut
1947 993 2194 1075 pietate
2226 993 2567 1057 fecerimus
2598 993 2775 1056 hunc

1593 1079 1947 1143 ambulare.
1982 1082 2164 1144 Deus
2188 1081 2504 1145 abraham
2524 1091 2592 1144 et
2612 1081 2774 1144 deus

1587 1185 1787 1247 ysaac
1810 1178 1876 1230 et
1900 1166 2062 1232 deus
2076 1170 2271 1250 jacob
2295 1192 2309 1234 ι
2334 1170 2495 1233 deus
2514 1179 2776 1252 patrum

1589 1265 1953 1320 nostrorum
1971 1257 2778 1339 glorificavitfiliumsuum

1587 1341 1811 1422 Jesum
1836 1364 2033 1428 quem
2064 1367 2180 1410 vos
2194 1348 2459 1430 quidem
2473 1347 2779 1410 tradidis-

1589 1431 1674 1492 tis
1706 1441 1773 1495 et
1805 1435 2093 1516 negastis
2124 1445 2278 1498 ante
2308 1435 2541 1499 faciem
2587 1433 2776 1518 pilati

1581 1517 1920 1599 judicante
1950 1523 2062 1585 illo
2080 1523 2341 1587 dimitti.

1590 1694 1918 1760 Ascendit
1970 1697 2287 1764 Christus,
2361 1709 2461 1781 ps.
2512 1699 2773 1763 Venite.

1590 1783 1912 1864 Hymnus.
2010 1786 2355 1868 Hymnum
2445 1807 2779 1852 canamus·

1590 1872 1675 1933 In
1706 1893 1830 1936 noc.
1853 1882 1959 1938 αῆ.
2049 1874 2287 1938 Pacem
2312 1895 2529 1939 meam
2552 1875 2639 1937 do
2661 1896 2776 1938 vo-

1591 1959 1693 2023 bis
1723 1959 2023 2025 alleluia:
2068 1981 2297 2044 pacem
2341 1963 2635 2044 relinquo
2663 1983 2781 2024 vo-

1592 2047 1695 2110 bis
1769 2049 2045 2113 alleluia.
2118 2059 2221 2132 pff.
2310 2051 2593 2116 Cantate
2656 2051 2777 2132 (ij.)

1590 2145 1697 2200 aa.
1744 2137 2072 2201 Dominus
2130 2139 2197 2201 in
2256 2158 2438 2220 syon.
2500 2138 2775 2201 alleluia.

1593 2237 1872 2306 magnus
1902 2234 1971 2290 et
2013 2225 2315 2290 excelsus
2362 2225 2640 2291 alleluia.
2671 2235 2773 2308 pf.

1596 2313 1925 2377 Dominus
1996 2315 2308 2422 regnvit.
2398 2315 2773 2378 irascantur.

1593 2409 1697 2465 αῆ.
1808 2401 2135 2466 Dominus
2227 2403 2293 2466 in
2386 2402 2530 2466 celo
2628 2402 2778 2465 all’a

1593 2490 1851 2573 paravit
1935 2490 2163 2556 sedem
2224 2501 2522 2555 sanctam
2587 2511 2775 2554 suam

1595 2577 1875 2643 alleluia.
1905 2590 2005 2662 pff.
2052 2580 2337 2645 Benedic
2384 2580 2605 2643 anima
2665 2579 2778 2662 (j.)

1597 2681 1644 2752 γ
1687 2666 2077 2733 Ascendens
2111 2668 2426 2733 Christus,
2564 2668 2782 2748 Lea‘j.

1594 2756 2055 2887 Auctorem
2100 2778 2257 2820 vero
2324 2757 2459 2822 vite
2520 2756 2785 2819 interfe-

1760 2844 1940 2907 cistis
1968 2866 1982 2907 :
2027 2864 2227 2926 quem
2258 2846 2421 2910 deus
2443 2846 2783 2910 suscitavit

1597 2950 1638 2993 a
1669 2933 1941 2996 mortuis
1958 2933 2143 3014 cujus
2168 2953 2286 2997 nos
2306 2942 2509 2997 testes
2537 2953 2781 2997 sumus,

1597 3018 1783 3083 Deus
1812 3031 2035 3084 autem
2062 3022 2177 3105 qui
2196 3022 2645 3105 prenunciavit
2666 3040 2785 3105 per

1595 3127 1670 3169 os
1734 3110 2029 3173 omnium
2116 3109 2581 3192 prophetarum
2642 3110 2781 3191 pati

1599 3194 1933 3260 Christum
1993 3217 2223 3261 suurn:
2310 3197 2607 3280 implevit
2668 3198 2779 3261 sic.

1594 3281 1991 3347 Penitemini
2052 3285 2251 3367 igitur
2314 3294 2384 3348 et
2459 3286 2779 3348 converti-

1595 3372 1780 3435 mini:
1834 3382 1907 3436 ut
1965 3372 2310 3437 deleantur
2354 3382 2569 3438 vestra
2631 3392 2780 3453 pec-

1595 3467 1777 3523 cata:
1831 3470 1905 3523 ut
1937 3480 2087 3526 cum
2136 3462 2433 3524 venerint
2480 3469 2781 3541 tempora

1592 3546 1903 3630 refrigerii
1950 3568 1991 3611 a
2032 3559 2386 3631 conspectu
2419 3547 2668 3610 domini
2716 3556 2785 3609 et

1593 3638 1843 3699 miserit
1895 3657 2044 3700 eum
2100 3638 2213 3719 qui
2266 3636 2635 3718 predicatus
2681 3644 2783 3698 est

1593 3726 1781 3789 vobis
1852 3726 2082 3806 Jesum
2168 3725 2503 3789 Christum
2580 3744 2779 3806 quem

1591 3823 1852 3897 oportet
1882 3813 2095 3877 celum
2128 3814 2393 3895 quidem
2454 3813 2781 3893 suscipere

1590 3923 1797 3985 usque
1856 3904 1922 3965 in
1974 3910 2275 3983 tempora
2356 3900 2783 3963 restitutionis

1591 3993 1889 4056 omnium
1942 4012 2071 4074 que
2131 3990 2389 4053 locutus
2459 3998 2559 4051 est
2618 3988 2781 4051 deus

1589 4102 1708 4165 per
1736 4102 1810 4145 os
1840 4090 2214 4144 sanctorum
2245 4097 2506 4141 suorum
2540 4096 2581 4139 a
2602 4096 2786 4141 secu-

1590 4172 1656 4234 lo
1688 4168 2172 4253 prophetarum.
2218 4166 2331 4229 Re.
2366 4167 2513 4248 Ego
2537 4165 2785 4247 rogabo

1590 4269 1846 4343 patrem
1878 4266 1945 4321 et
1958 4257 2157 4321 alium
2179 4255 2564 4338 paraclitum
2596 4254 2783 4317 dabit

1588 4350 1779 4413 vobis
1839 4356 1911 4412 ut
1972 4354 2237 4410 maneat
2299 4344 2637 4407 vobiscum
2714 4342 2781 4405 in

1339 4524 1350 4553 ¹
1391 4522 1610 4573 viderent
1633 4540 1645 4572 ε
1682 4520 1751 4570 N.
