3375 5100
1246 345 1368 399 AD
1413 346 1541 400 MA
1557 344 1939 403 TUTJNAS.

891 456 1041 513 739

359 568 647 703 Dixit
695 563 1011 650 insipiens
1054 564 1119 627 in
1168 564 1366 628 corde
1412 584 1576 627 suo:

520 679 653 721 non
684 665 784 720 est
818 656 997 718 deuS.
1086 650 1386 735 Corrupti
1418 662 1575 717 sunt
1670 655 1808 735 egit
1839 653 2066 717 dolum
2115 655 2182 715 in
2229 654 2457 737 lingua
2497 675 2631 719 sua.

363 757 433 811 et
497 743 1021 811 abhominabiles
1081 740 1236 805 sacti
1298 751 1455 803 sunt
1504 743 1571 804 in

362 837 603 900 studiis
650 836 823 897 suis:
870 850 1001 894 non
1056 840 1158 892 est
1204 830 1317 911 qui
1370 828 1571 893 faciat

364 926 615 987 bonum
644 944 657 986 ε
692 941 822 984 non
848 928 949 983 est
980 936 1189 1000 usque
1221 919 1305 981 ad
1340 938 1566 982 unum.

362 1013 701 1075 Dominus
733 1010 817 1072 de
842 1007 983 1073 celo
1003 1007 1351 1090 prospexit
1368 1026 1570 1088 super

364 1100 535 1163 filios
582 1100 926 1162 hominum
955 1118 969 1161 :
1016 1103 1090 1158 ut
1118 1095 1345 1158 videat
1376 1096 1429 1157 si
1465 1104 1567 1158 est

364 1189 738 1270 intelligens
788 1196 905 1248 aut
953 1184 1289 1266 requirens
1343 1184 1563 1247 deum.

367 1278 615 1341 Omnes
647 1274 1143 1339 declinaverunt
1179 1271 1377 1334 simul
1422 1272 1565 1334 inu-

360 1366 513 1429 tiles
560 1365 715 1428 facti
762 1373 960 1426 sunt:
1010 1380 1143 1423 non
1190 1368 1291 1423 est
1322 1360 1435 1442 qui
1468 1360 1565 1423 sa-

360 1456 493 1518 ciat
548 1454 797 1517 bonum
858 1470 992 1513 non
1055 1457 1157 1512 est
1208 1468 1415 1531 usque
1476 1450 1561 1513 ad

363 1562 588 1606 unum.
686 1539 1128 1623 Sepulchrum
1176 1546 1414 1619 patens
1461 1546 1563 1601 est

360 1642 593 1712 guttur
639 1648 907 1693 eorum:
962 1626 1205 1707 linguis
1256 1625 1391 1688 suis
1445 1626 1562 1689 do-

360 1718 501 1782 lose
531 1718 859 1801 agebant:
894 1734 1222 1779 venenum
1256 1713 1560 1796 aspidum

361 1807 487 1870 sub
547 1807 738 1869 labiis
797 1824 1045 1868 eorum.
1142 1802 1435 1880 Quorum
1486 1822 1563 1865 os

364 1894 829 1958 maledictione
860 1903 926 1955 et
958 1891 1397 1955 amaritudine
1423 1889 1561 1974 ple-

362 2002 522 2046 num
576 1993 721 2046 est:
767 1981 1025 2044 veloces
1074 1980 1278 2062 pedes
1332 1999 1559 2041 eorum

360 2072 446 2135 ad
557 2070 1033 2134 effundendum
1148 2068 1561 2149 sanguinem.

366 2158 689 2225 Contritio
756 2168 823 2222 et
886 2156 1231 2220 infelicitas
1307 2157 1375 2218 in
1435 2156 1560 2219 viis

360 2268 633 2312 eorum:
681 2256 747 2311 et
776 2248 953 2311 viam
998 2244 1178 2328 pacis
1226 2264 1357 2307 non
1404 2264 1561 2327 cog-

358 2346 721 2401 noverunt:
756 2356 886 2399 non
912 2344 1012 2397 est
1043 2332 1243 2396 timor
1264 2333 1371 2395 dei
1404 2342 1561 2397 ante

358 2426 584 2489 oculos
636 2444 881 2488 eorum.
972 2422 1221 2486 Nonne
1282 2441 1560 2503 cognos-

357 2523 511 2578 cent
570 2533 803 2578 omnes
856 2512 968 2596 qui
1030 2518 1387 2594 operantur
1437 2510 1560 2574 ini-

354 2605 682 2685 quitatem
713 2624 727 2667 :
775 2602 887 2684 qui
933 2601 1253 2664 devorant
1290 2597 1555 2681 plebem

357 2711 576 2754 meam
627 2693 798 2755 sicut
847 2709 1065 2753 escam
1116 2688 1324 2771 panis.
1414 2687 1557 2751 Do-

358 2781 610 2843 minum
641 2779 657 2816 ²
693 2799 826 2842 non
859 2779 1369 2842 invocaverunt:
1423 2775 1555 2839 illic

356 2869 852 2951 trepidaverunt
918 2866 1156 2930 timore
1231 2865 1343 2928 ubi
1421 2885 1553 2928 non

354 2967 497 3020 erat
546 2957 761 3021 timor.
856 2955 1181 3033 Quoniam
1246 2954 1553 3018 dominus

356 3045 423 3108 in
454 3046 882 3127 generatione
922 3043 1103 3124 justa
1148 3050 1293 3106 est:
1340 3044 1553 3106 consi-

354 3133 517 3196 lium
544 3135 758 3217 inopis
778 3130 1169 3195 confudistis
1194 3151 1209 3194 ε
1236 3131 1551 3212 quoniam

353 3223 664 3286 dominus
694 3241 846 3304 spes
877 3219 1020 3302 ejus
1051 3227 1167 3283 est.
1244 3219 1405 3297 Quis
1437 3219 1554 3283 da·

351 3311 451 3375 bit
479 3331 570 3375 ex
602 3330 772 3392 syon
805 3308 1090 3373 salutare
1124 3306 1351 3371 israel:
1399 3326 1548 3371 cum

348 3401 659 3463 averterit
721 3397 1030 3462 dominus
1090 3396 1549 3480 captivitatem

350 3488 564 3570 plebis
624 3507 786 3551 sue:
849 3485 1182 3550 exultabit
1229 3483 1430 3565 jacob
1482 3494 1550 3549 et

350 3576 662 3640 letabitur
690 3575 897 3639 israel.
1193 3571 1552 3638 psalmus!

347 3666 727 3796 Domine
759 3664 907 3746 quis
955 3660 1285 3726 habitabit
1334 3662 1402 3724 in
1449 3671 1549 3725 ta—

504 3752 860 3818 bernaculo
902 3761 1061 3815 tuo:
1109 3760 1223 3814 aut
1256 3751 1404 3833 quis
1450 3771 1547 3814 re-

350 3841 644 3922 quiescet
704 3843 769 3904 in
834 3849 1061 3904 monte
1119 3847 1351 3903 sancto
1411 3848 1546 3902 tuo.

354 3929 479 4007 Qui
528 3931 895 4012 ingreditur
944 3929 1085 3992 sine
1133 3927 1431 3991 macula:
1479 3937 1547 3991 et

348 4028 659 4102 operatur
682 4019 1035 4102 justiciam.
1101 4015 1227 4096 Qui
1260 4015 1549 4098 loquitur

447 4178 460 4207 ¹
496 4179 665 4228 Deum
693 4195 705 4228 :
740 4177 873 4228 EG.

444 4246 465 4274 ²
687 4263 698 4274 ι

445 4312 465 4342 ⁸
488 4245 1147 4360 ez]bssa.EI-’ecrr}adventum
1162 4309 1176 4332 ’
1199 4308 1305 4358 add
1307 4325 1333 4385 ⁶:
1358 4309 1427 4358 E.
1439 4308 1497 4358 G.

446 4379 466 4409 ⁴
506 4382 520 4405 ‘
538 4367 591 4440 Ϋ
628 4377 693 4426 Et
712 4391 833 4440 syon
854 4375 1044 4441 speciae
1061 4376 1253 4426 decoris
1274 4390 1395 4438 ejus
1458 4375 1543 4425 Re.

351 4443 492 4492 Deus
514 4455 683 4492 noster
706 4441 963 4492 manifeste
988 4443 1167 4492 veniet.
1208 4442 1312 4492 Per
1330 4448 1551 4490 octavam

352 4511 619 4573 epyphanie
654 4509 736 4572 [ab
773 4517 941 4557 octava
976 4509 1231 4572 epiphanie
1245 4525 1263 4557 .·
1293 4507 1381 4570 0.]
1406 4524 1555 4572 usque

353 4578 423 4624 ad
438 4577 863 4640 qtmdragesimam
882 4575 893 4598 ’
910 4575 1011 4623 add
1034 4593 1046 4625 :
1070 4575 1203 4623 E.G.

2185 456 2336 512 740

1666 565 2017 629 veritatem
2051 565 2117 627 in
2147 566 2347 629 corde
2377 584 2500 629 suo
2530 585 2545 629 :
2592 568 2708 648 qui
2741 580 2876 633 non

2723 657 2879 721 Nec

1671 740 1828 806 fecit
1889 742 2204 826 proximo
2261 763 2384 806 suo
2449 743 2738 809 malum:
2811 757 2879 811 et

1670 831 2100 913 opprobrium
2157 852 2290 894 non
2347 833 2604 915 accepit
2646 834 2877 897 adver-

1668 939 1780 981 sus
1812 921 2155 1001 proximos
2186 940 2358 983 suos
2443 922 2560 983 Ad
2593 921 2874 986 nihilum

1665 1008 1993 1071 deductus
2047 1016 2148 1071 est
2203 1008 2267 1070 in
2324 1020 2682 1091 conspectu
2730 1010 2874 1092 ejus

1668 1096 2038 1178 malignus:
2087 1097 2401 1159 timentes
2465 1108 2687 1161 autem
2752 1101 2874 1164 do-

1668 1185 1922 1247 minum
2013 1184 2358 1267 glorificat.
2477 1185 2604 1265 Qui
2689 1186 2872 1268 jurat

1664 1274 1976 1355 proximo
2021 1294 2142 1335 suo
2189 1283 2257 1336 et
2298 1294 2431 1336 non
2480 1275 2724 1357 decipit
2757 1276 2871 1357 qui

1665 1363 2014 1444 pecuniam
2077 1382 2266 1425 suam
2339 1382 2474 1425 non
2534 1363 2720 1426 dedit
2783 1364 2871 1429 ad

1664 1469 1974 1515 usuram:
2021 1459 2089 1513 et
2123 1470 2394 1513 munera
2439 1472 2638 1533 super
2682 1452 2870 1516 inno-

1662 1548 1926 1601 centem
1973 1560 2102 1601 non
2157 1540 2430 1622 accepit.
2529 1540 2654 1618 Qui
2711 1542 2873 1606 facit

1662 1626 1785 1690 hec
1811 1648 1825 1690 z
1859 1647 1990 1690 non
2017 1628 2394 1691 movebitur
2423 1628 2489 1690 in
2521 1630 2872 1693 eternum.⁸

1750 1716 1885 1779 Αῆ.
1921 1715 2328 1778 Pulchriores
2353 1725 2508 1780 sunt
2531 1718 2704 1780 oculi
2726 1719 2868 1800 ejus

1660 1803 1854 1867 vino:
1897 1812 1964 1866 et
1998 1804 2233 1868 dentes
2263 1805 2406 1886 ejus
2439 1805 2611 1868 lacte
2641 1808 2868 1870 candi-

1661 1892 1921 1955 dioreS.⁴
1966 1893 2106 1957 Αῑὶ.
2169 1894 2452 1976 Respice
2502 1902 2569 1957 et
2618 1896 2866 1958 exaudi

1662 2000 1770 2042 me
1832 1981 2101 2045 domine
2162 1982 2326 2044 deus
2389 1983 2619 2046 meuS.⁵
2727 1988 2866 2047 Αῆ.

1664 2068 1878 2150 Surge
1909 2078 1978 2132 et
2009 2070 2077 2131 in
2114 2079 2413 2132 eternum
2461 2070 2688 2134 salva⁶
2721 2092 2867 2135 rnu-

1660 2158 1912 2220 nimine
1972 2178 2203 2221 sacro:
2265 2159 2660 2243 custodique
2712 2169 2866 2223 tuos

1657 2246 2063 2328 astripotens
2125 2246 2426 2310 famulos,
2502 2264 2550 2334 y
2601 2248 2865 2311 Memor

1657 2333 1750 2396 sui
1784 2343 1982 2398 nocte
2015 2336 2300 2398 nominis
2329 2336 2427 2398 tui
2459 2334 2775 2400 domine?

1669 2424 2069 2556 Conserva
2102 2444 2208 2486 me
2239 2424 2451 2487 domi·
2481 2424 2864 2507 [Psalmus.⁸

1793 2532 1878 2575 ne
1935 2512 2252 2595 quoniam
2308 2514 2566 2596 speravi
2629 2514 2694 2577 in
2747 2523 2861 2580 te:

1655 2601 1802 2664 dixi
1849 2601 2123 2665 domino
2172 2603 2335 2665 deus
2390 2623 2576 2666 meus
2622 2624 2693 2666 es
2738 2612 2860 2670 tu:

1655 2689 1972 2771 quoniam
2003 2689 2326 2753 bonorum
2378 2711 2675 2754 meorum
2726 2712 2860 2756 non

1656 2797 1828 2859 eges,
1921 2778 2192 2843 Sanctis
2239 2779 2353 2861 qui
2400 2780 2652 2843 suntin
2685 2790 2862 2845 terra

1653 2866 1841 2949 ejus:
1905 2865 2274 2931 mirificavit
2335 2889 2566 2932 omnes
2625 2869 2861 2933 volun-

1654 2962 1827 3019 tates
1859 2975 2041 3019 meas
2088 2957 2153 3018 in
2186 2956 2298 3020 eis,
2401 2957 2858 3040 Multiplicate

1652 3052 1809 3106 sunt
1846 3043 2264 3108 infirmitates
2307 3065 2578 3109 eorum:
2623 3056 2860 3129 postea

1653 3133 2198 3197 acceleraverunt.
2289 3134 2451 3197 Non
2495 3155 2858 3218 congrega-

1650 3219 1741 3283 bo
1788 3221 2252 3285 conventicula
2302 3237 2531 3286 eoru‘m
2575 3224 2662 3286 de
2707 3243 2858 3287 san-

1648 3309 2001 3390 guinibus:
2057 3330 2177 3372 nec
2211 3329 2468 3374 memor
2497 3331 2610 3374 ero
2642 3313 2856 3374 norni-

1651 3417 1809 3460 num
1835 3417 2064 3461 eorum
2097 3419 2216 3480 per
2245 3399 2420 3462 labia
2454 3419 2619 3463 mea.
2711 3400 2856 3463 Do-

1649 3487 1870 3549 minus
1931 3506 2083 3569 pars
2137 3487 2522 3551 hereditatis
2576 3506 2724 3551 mee
2787 3498 2854 3552 et

1648 3573 1872 3638 calicis
1921 3576 2094 3638 mei:
2142 3584 2214 3638 tu
2263 3595 2334 3638 es
2384 3577 2498 3659 qui
2550 3577 2856 3640 restitues

1649 3661 2086 3727 hereditatem
2119 3683 2340 3726 meam
2375 3665 2554 3728 mihi.
2630 3665 2856 3728 Funes

1648 3752 2028 3815 ceciderunt
2053 3751 2214 3815 mihi
2247 3752 2313 3814 in
2345 3752 2682 3835 preclaris:
2721 3763 2857 3817 ete-

1648 3839 1787 3903 nim
1835 3840 2170 3904 hereditas
2219 3861 2368 3904 mea
2421 3841 2714 3924 preclara
2754 3849 2857 3906 est

1648 3926 1828 3991 mihi.
1919 3929 2327 3993 Benedicam
2361 3929 2707 3993 dominum
2739 3931 2854 4012 qui

1647 4017 1878 4082 tribuit
1909 4017 2070 4081 mihi
2104 4017 2550 4082 intellectum:
2589 4019 2858 4103 insuper

1743 4180 1763 4208 ⁵
1800 4182 1815 4205 ⁶
1833 4166 1884 4242 Ϋ
1921 4177 2120 4226 Memor
2141 4175 2210 4226 fui
2233 4185 2380 4227 nocte
2415 4178 2630 4228 nominis
2657 4178 2729 4229 tui
2767 4179 2855 4228 do-

1648 4243 1801 4293 mine.
1857 4244 1942 4292 Re.
1987 4243 2055 4292 Et
2077 4243 2326 4293 custodivi
2347 4243 2510 4308 legem
2535 4253 2688 4295 tuam.
2759 4245 2863 4295 Per

1648 4317 1842 4359 estatem
1865 4317 1912 4359 et
1928 4310 2352 4376 quadragesimam
2366 4311 2378 4334 '
2405 4311 2528 4374 [Per
2544 4312 2860 4378 quadragtsn'·

1652 4392 1787 4424 mam
1808 4382 2060 4426 aestatem
2076 4394 2094 4426 .·
2118 4376 2206 4440 G.]
2225 4377 2326 4425 add
2349 4395 2362 4425 τ
2389 4376 2447 4427 E.
2457 4377 2522 4428 G.

1753 4444 1774 4472 ⁸
1805 4458 1948 4492 serva
1971 4461 1985 4492 ε
2010 4443 2300 4494 E.G.W.s.

1753 4513 1772 4538 ’
1813 4513 1828 4536 ⁴
1851 4509 1916 4558 Et
1937 4509 2184 4560 custodivi
2207 4509 2368 4572 legem
2393 4519 2530 4560 tuam
2545 4509 2558 4534 '
2583 4511 2682 4559 add
2708 4528 2720 4560 :
2755 4509 2811 4560 S.

1755 4579 1776 4606 ⁸
1799 4583 1876 4640 pf.
1915 4577 2170 4638 15.·E.G.
2232 4593 2344 4626 xv..-
2370 4577 2422 4625 S.

2471 4671 2602 4738 31⁴*
