3375 5100
1404 376 1661 429 JNFRA
1721 375 1926 429 OCTA
1949 375 2112 427 VAS

1048 484 1191 537 547

518 590 695 653 sacta
746 599 900 653 sunt
931 592 1153 653 omnia
1199 590 1415 653 celum
1446 598 1619 653 terra
1650 598 1718 653 et

520 680 739 742 maria.
968 676 1332 742 Secundum
1343 679 1716 761 johannem.

513 770 611 900 l
634 788 675 830 n
738 767 853 830 illo
906 776 1207 849 tempore
1264 768 1460 831 Dixit
1522 768 1716 849 Jesus

636 856 973 938 discipulis
998 857 1133 919 suis
1166 865 1233 919 et
1252 857 1461 919 turbis
1479 856 1714 938 judeo-

516 965 681 1008 rum.
776 946 949 1009 Caro
996 964 1145 1008 mea
1173 965 1326 1008 vere
1358 954 1457 1007 est
1490 944 1712 1009 cibus:

520 1043 586 1096 et
610 1034 877 1115 sanguis
898 1053 1083 1096 meus
1101 1052 1293 1095 verus
1316 1033 1332 1070 ¹
1368 1041 1468 1096 est
1498 1041 1713 1114 potus,

520 1122 611 1184 Et
644 1121 907 1204 reliqua.
1088 1120 1340 1185 Omelia
1370 1130 1447 1183 ut
1471 1120 1714 1202 supra.⁷²

528 1210 895 1343 Christus
938 1209 1129 1291 panis
1174 1218 1275 1272 est
1306 1209 1391 1272 de
1432 1229 1567 1290 quo
1597 1209 1712 1291 qui

654 1298 1012 1361 manducat
1062 1298 1223 1361 vivit
1277 1297 1343 1360 in
1394 1306 1712 1361 eternum.

519 1387 627 1449 De
687 1407 820 1468 quo
879 1386 1020 1468 ipse
1080 1386 1292 1450 dixit:
1370 1386 1462 1449 Et
1522 1386 1712 1467 panis

518 1494 717 1556 quem
780 1495 905 1555 ego
965 1474 1141 1537 dabo
1200 1493 1354 1537 caro
1409 1494 1557 1537 mea
1608 1484 1712 1538 est

518 1583 639 1645 pro
716 1563 943 1625 mundi
1019 1564 1171 1625 vita.
1292 1563 1712 1627 Determinat

519 1652 857 1733 quomodo
916 1652 1002 1714 sit
1055 1651 1244 1733 panis
1306 1671 1443 1713 non
1494 1650 1708 1714 solum

520 1740 883 1803 secundum
944 1740 1216 1803 verbum
1278 1760 1414 1822 quo
1478 1740 1710 1803 vivunt

518 1830 781 1891 omnia:
844 1827 960 1891 sed
1021 1828 1382 1891 secundum
1444 1848 1708 1892 carnem

518 1926 929 1998 assumptam
961 1936 1082 1998 pro
1112 1918 1343 1981 mundi
1372 1917 1526 1980 vita.

529 2007 855 2139 Corpus
893 2014 959 2067 et
989 2006 1379 2087 sanguinem
1416 2004 1577 2088 [Lec.
1609 2004 1711 2087 iij.

655 2093 897 2157 Christi
931 2093 1208 2156 dicimus
1240 2093 1400 2156 illud
1425 2092 1603 2176 quod
1625 2095 1712 2157 de

517 2181 833 2246 fructibus
857 2189 1029 2245 terre
1058 2191 1402 2264 acceptum
1429 2191 1495 2244 et
1516 2201 1713 2263 prece

516 2272 800 2353 mystica
831 2280 1283 2334 consecratum
1308 2292 1323 2334 z
1367 2279 1542 2335 recte
1560 2270 1585 2308 ³
1603 2291 1714 2333 su-

518 2360 758 2422 mimus
790 2359 872 2421 ad
898 2358 1179 2421 salutem
1204 2358 1609 2441 spiritualem
1644 2359 1708 2421 in

517 2448 906 2510 memoriam
928 2447 953 2485 ⁴
985 2447 1315 2511 dominice
1349 2446 1712 2530 passionis:

515 2536 693 2618 quod
730 2557 877 2600 cum
910 2556 1029 2617 per
1051 2556 1286 2599 manus
1310 2536 1593 2599 hominis
1624 2534 1712 2600 ad

516 2625 729 2707 ipsam
784 2624 1177 2687 invisibilem
1228 2625 1514 2706 speciem
1565 2645 1711 2706 per-

516 2712 877 2777 ducatur⁵z
946 2732 1080 2774 non
1133 2711 1579 2777 sanctificatur
1634 2723 1710 2777 ut

515 2802 601 2864 sit
632 2811 770 2864 tam
820 2821 1135 2882 magnum
1183 2810 1708 2866 sacramentum:

516 2891 638 2952 nisi
673 2897 988 2972 operante
1035 2889 1448 2953 invisibiliter
1476 2891 1707 2972 spiritu

514 2985 764 3041 sancto,
1378 2977 1591 3041 Lectio
1622 2979 1706 3043 ix.

514 3068 771 3197 Hoc
794 3073 1276 3129 sacramentum
1297 3066 1563 3148 pietatis
1586 3077 1710 3132 est:

691 3164 759 3218 et
804 3155 1065 3236 signum
1112 3155 1423 3218 unitatis:
1470 3165 1537 3218 et
1566 3156 1710 3219 vin-

516 3243 734 3308 culum
756 3241 1107 3306 charitatis.
1174 3241 1307 3325 Qui
1331 3243 1474 3307 vult
1492 3245 1710 3307 vivere

514 3333 787 3395 accedat
845 3341 915 3396 et
974 3331 1238 3395 credat:
1296 3331 1710 3414 incorporet⁶

513 3421 689 3483 hunc
734 3420 957 3483 cibum
990 3429 1057 3484 et
1089 3430 1361 3502 potum:
1408 3429 1477 3484 et
1506 3421 1709 3485 sacie-

512 3518 720 3572 tatem
746 3506 771 3547 ⁷
794 3509 1062 3591 recipiet
1085 3509 1373 3591 corporis
1404 3519 1471 3572 et
1504 3530 1712 3572 mem-

511 3597 776 3660 brorum
810 3617 1078 3661 suorum
1103 3599 1282 3680 quod
1307 3607 1407 3661 est
1439 3598 1711 3662 ecclesie

514 3686 578 3748 in
615 3687 1099 3768 predestinatiS.
1144 3696 1249 3750 etc.
1281 3695 1357 3749 ut
1382 3698 1597 3768 supra.

516 3779 579 3848 (Γ
625 3775 825 3838 Feria
854 3775 922 3858 ij.
1420 3774 1637 3838 Lectio
1645 3775 1709 3858 j.

510 3864 1095 3996 Sacramentum
1130 3863 1402 3926 ecclesie
1448 3864 1708 3928 duobus

642 3951 872 4015 confici
905 3961 973 4015 et
996 3952 1255 4014 duobus
1279 3961 1582 4015 constare
1613 3953 1709 4015 vi·-

511 4039 746 4104 detur:
790 4039 1028 4103 visibili
1062 4040 1310 4104 scilicet
1340 4039 1708 4105 elemento-

510 4148 656 4191 rum
690 4129 951 4210 specie:
997 4136 1066 4191 et
1098 4129 1406 4192 invisibili
1451 4130 1706 4193 domini

513 4217 717 4279 nostri
748 4217 907 4298 Jesu
941 4216 1182 4281 Christi
1230 4237 1426 4282 carne
1458 4227 1525 4282 et
1555 4239 1706 4282 san-

609 4353 623 4382 ¹
660 4367 808 4400 vere:
844 4350 910 4400 N.

609 4419 629 4495 ·²
652 4425 747 4533 px
788 4421 869 4466 ‘ut
905 4425 1059 4482 supra
1076 4416 1089 4441 ’
1126 4417 1256 4468 beati
1274 4420 1558 4482 Augustini
1584 4421 1704 4484 epis-

2327 480 2478 537 548

1816 590 2032 672 guine.
2127 590 2216 653 Et
2247 596 2662 653 sacramento
2694 597 2762 652 et
2792 610 2861 651 re
2905 610 3009 653 sa-

1817 679 2172 743 cramenti:
2221 679 2284 741 id
2320 688 2420 742 est
2450 698 2721 759 corpore
2746 678 3010 743 Christi.

1815 767 2005 832 Sicut
2037 767 2279 833 Christi
2325 786 2607 848 persona
2647 775 2908 830 constat
2939 776 3008 830 et

1811 856 2154 920 conficitur
2171 876 2258 919 ex
2283 856 2412 919 deo
2430 864 2497 918 et
2517 854 2822 917 homine:
2853 875 3006 917 cum

1812 945 1954 1027 ipse
1988 944 2287 1010 Christus
2329 963 2521 1008 verus
2566 944 2652 1006 sit
2683 942 2890 1006 deus:
2938 954 3008 1005 et

1811 1053 2003 1096 verus
2033 1033 2252 1096 homo,
2691 1032 2904 1094 Lectio
2935 1032 3002 1114 ij.

1824 1120 2255 1255 Conficitur
2305 1128 2529 1183 autem
2577 1120 2849 1184 ecclesie
2900 1141 3004 1183 sa·

1929 1209 2241 1273 crificium
2265 1209 2564 1273 duobus:
2589 1216 3002 1272 sacramento

1812 1307 1879 1361 et
1911 1319 1979 1360 re
2023 1298 2454 1361 sacramenti:
2500 1297 2567 1361 id
2600 1306 2700 1360 est
2732 1316 3003 1378 corpore

1814 1385 2074 1451 Christi.
2168 1387 2340 1451 Caro
2385 1386 2526 1468 ejus
2568 1396 2669 1449 est
2699 1404 2901 1468 quam
2935 1386 3000 1447 in

1811 1474 2022 1538 forma
2073 1475 2264 1557 panis
2313 1483 2612 1556 opertam
2667 1474 2734 1537 in
2787 1493 3002 1536 sacra-

1812 1571 2038 1626 mento
2114 1564 2474 1645 accipimus
2503 1584 2518 1626 :
2595 1571 2663 1625 et
2731 1563 3002 1643 sanguis

1809 1652 1952 1734 ejus
2012 1672 2210 1733 quem
2270 1651 2396 1713 sub
2455 1652 2672 1733 specie
2728 1650 2862 1713 vini
2925 1671 3002 1713 ac

1809 1760 2042 1822 sapore
2075 1739 2428 1822 potamus.⁸
2491 1740 2665 1803 Caro
2694 1738 3004 1802 videlicet

1809 1838 1910 1892 est
1939 1829 2190 1892 carnis:
2237 1836 2306 1891 et
2334 1828 2601 1909 sanguis
2631 1847 3001 1891 sacramen·

1809 1926 1952 1980 tum
1985 1926 2087 1980 est
2115 1917 2470 1999 sanguinis,
2661 1915 2874 1979 Lectio
2904 1915 3012 1997 iij.-

1807 2006 2073 2139 Sicut
2125 2025 2283 2087 ergo
2341 2004 2598 2069 celestis
2645 2004 2836 2085 panis
2889 2004 3001 2086 qui

1936 2114 2086 2157 vere
2118 2114 2270 2157 caro
2303 2093 2546 2159 Christi
2580 2101 2680 2156 est
2710 2112 2830 2155 suo
2861 2112 3004 2155 mo-

1811 2183 1899 2245 do
1927 2191 2202 2246 vocatur
2245 2202 2481 2264 corpus
2514 2179 2802 2246 Christi:
2848 2201 3000 2243 cum

1809 2292 2034 2334 revera
2078 2271 2165 2334 sit
2195 2279 2680 2334 sacramentum
2714 2271 3003 2350 corporis

1814 2359 2096 2424 Christi:
2144 2358 2317 2421 illius
2359 2358 2663 2422 videlicet
2695 2358 2876 2440 quod
2907 2358 3002 2420 vi-

1809 2447 1998 2511 sibile
2025 2469 2040 2511 :
2109 2446 2290 2530 quod
2342 2446 2676 2529 palpabile
2722 2445 3003 2509 mortale

1811 2536 1876 2600 in
1909 2557 2099 2600 cruce
2144 2536 2432 2619 positum
2472 2544 2586 2600 est.
2677 2534 3004 2600 Vocatur-

1811 2645 1941 2708 que
1965 2626 2108 2708 ipsa
2128 2626 2340 2688 carnis
2363 2623 2732 2688 immolatio
2750 2644 2880 2706 que
2899 2645 3003 2687 sa-

1808 2714 2094 2778 cerdotis
2126 2714 2430 2777 manibus
2462 2712 2541 2777 fit
2573 2712 2817 2778 Christi
2850 2732 3002 2794 pas-

1808 2803 1947 2866 sio:
1996 2823 2210 2868 mors:
2256 2801 2614 2865 crucifixio,
2707 2801 2864 2864 Non
2909 2801 3002 2864 rei

1805 2891 2085 2955 veritate
2111 2912 2128 2956 :
2176 2893 2292 2955 sed
2324 2892 2631 2972 signante
2663 2891 3006 2972 mysterio,

1810 2985 1873 3058 (Ι
1919 2979 2115 3042 Feria
2147 2979 2242 3062 iij.
2713 2977 2933 3041 Lectio
2941 2979 3006 3060 j.

1806 3070 1904 3200 l
1915 3078 2162 3132 teratur
2191 3067 2392 3132 etiam
2415 3065 2543 3130 hoc
2576 3066 3002 3150 mysterium:

1912 3165 1982 3221 et
2011 3158 2099 3220 ob
2130 3157 2828 3220 commemorationem
2853 3174 3004 3236 pas-

1809 3245 2010 3308 sionis
2073 3245 2315 3310 Christi
2361 3265 2380 3309 :
2461 3245 2630 3308 sicut
2691 3245 2832 3326 ipse
2890 3244 3004 3308 ait.

1813 3333 1966 3397 Hoc
2014 3333 2582 3416 quotienscunque
2643 3333 2881 3414 agitis:
2934 3333 3002 3394 in

1809 3442 2028 3486 meam
2061 3423 2756 3487 commemorationem
2787 3420 3001 3485 facite.

1811 3510 2396 3594 Quotienscunque
2429 3530 2587 3592 ergo
2610 3508 2868 3572 sumitis
2887 3529 3004 3590 pa-

1809 3619 1963 3663 nem
1995 3599 2212 3662 hunc:
2261 3608 2329 3662 et
2358 3598 2583 3661 bibitis
2627 3597 2802 3660 hunc
2847 3598 3004 3660 cali-

1809 3708 1954 3751 cem
1985 3709 1998 3752 :
2048 3696 2330 3751 mortem
2362 3687 2613 3750 domini
2644 3685 3002 3749 annuncia-

1805 3776 1961 3839 bitis
1991 3777 2204 3840 donec
2233 3776 2474 3840 veniat.
2691 3774 2902 3837 Lectio
2933 3773 3004 3856 is.

1804 3867 1987 4000 N
1991 3886 2077 3929 on
2123 3865 2354 3947 utique
2405 3863 2498 3927 sic
2546 3863 3000 3945 accipiendum

1993 3962 2094 4017 est
2138 3954 2350 4016 donec
2385 3953 2626 4017 Christi
2676 3971 2851 4014 mors
2893 3973 3003 4014 ve-

1807 4043 1946 4106 niat
1975 4063 1990 4106 :
2036 4043 2192 4124 quia
2223 4042 2395 4106 ultra
2420 4041 2561 4124 jam
2595 4061 2728 4103 non
2767 4040 3002 4102 morie-

1807 4139 1951 4194 tur:
1997 4131 2112 4194 sed
2146 4131 2356 4194 donec
2389 4131 2530 4212 ipse
2554 4128 2863 4192 dominus
2893 4148 3004 4191 ve-

1807 4220 1949 4283 niat
1971 4219 2056 4282 ad
2084 4220 2425 4301 judicium.
2482 4219 2753 4282 Interim
2781 4225 3005 4281 autem

1905 4358 1926 4386 ⁸
1957 4354 2278 4419 perducitur:
2312 4355 2378 4403 N.

1807 4487 1873 4536 W
1901 4423 1948 4536 ᾗ
1959 4437 2050 4486 pro
2091 4419 2425 4486 ‘incorporet’
2449 4419 2502 4469 in
2533 4435 2742 4486 corpore
2760 4417 2966 4469 ecclesie

1875 4525 1887 4538 ·
1906 4559 1923 4584 ²
1952 4524 2238 4604 societatem
2267 4572 2279 4604 :
2317 4553 2380 4604 N.

1903 4623 1922 4650 ⁸
1955 4628 2218 4684 putamus:
2256 4619 2334 4669 W.
