3375 5100
1551 327 1976 390 DOMJNJCA

1028 439 1188 495 448

495 547 776 612 dextera
817 566 1008 612 mea:
1063 555 1135 610 et
1163 554 1419 628 septem
1447 545 1688 608 cande-

499 635 684 698 labra
727 655 964 699 aurea:
1025 634 1136 697 et¹
1170 643 1426 716 septem
1457 633 1691 698 stelle:

495 723 713 806 angeli
755 733 910 786 sunt
939 733 1194 807 septem
1225 721 1693 787 ecclesiarum·

497 821 566 874 et
636 811 1035 875 candelabra
1109 819 1364 893 septem
1429 820 1688 892 septem

497 897 768 963 ecclesie
798 907 970 962 sunt.
1348 898 1562 961 Lectio
1593 897 1692 980 iij.

497 989 678 1119 Et
688 987 928 1069 angelo
939 985 1162 1070 ephesi
1173 985 1441 1050 ecclesie
1462 986 1688 1050 scribe.

653 1076 801 1140 Hec
845 1075 1006 1138 dicit
1045 1075 1158 1156 qui
1204 1083 1388 1138 tenet
1432 1083 1688 1156 septem

497 1164 724 1228 stellas
777 1164 843 1226 in
891 1163 1132 1227 manu²
1161 1183 1331 1228 sua:
1383 1162 1497 1244 qui
1548 1182 1690 1225 am-

499 1251 735 1315 bulat
717 1271 783 1315 m
817 1251 1036 1315 medio
1079 1259 1336 1333 septem
1383 1249 1688 1314 candela-

499 1329 766 1403 brorum
825 1358 1188 1402 aureorum.
1279 1337 1433 1403 Scio
1491 1359 1693 1421 opera

500 1437 618 1491 tua
676 1436 744 1491 et
803 1426 1096 1491 laborem
1158 1437 1226 1491 et
1291 1427 1688 1508 patienciam

500 1525 726 1580 tuam.
788 1524 855 1578 et
884 1516 1042 1598 quia
1083 1534 1216 1579 non
1258 1525 1449 1597 potes
1497 1517 1688 1578 susti-

503 1623 658 1666 nere
689 1603 915 1668 malos
975 1603 1060 1666 In
1087 1622 1340 1684 evange.
1371 1624 1476 1666 an.
1533 1603 1691 1666 Misi

502 1692 748 1774 digitos
822 1711 1020 1756 meos
1113 1699 1214 1774 ps.
1278 1691 1696 1756 BenedictuS.

501 1781 624 1844 Ad
647 1789 936 1861 vesperas
963 1801 1068 1842 an.
1128 1777 1418 1843 Alleluia
1449 1779 1542 1862 iij.
1587 1787 1693 1861 ps.

505 1869 846 1932 Memento
876 1867 1144 1931 domine
1182 1868 1400 1931 david.
1443 1877 1548 1932 etc.
1604 1868 1693 1931 In

499 1977 751 2038 evange.
770 1978 875 2020 an.
927 1955 1102 2039 Quia
1123 1956 1345 2020 vidisti
1374 1964 1476 2038 ps.
1511 1957 1691 2038 Mag.

506 2050 570 2124 fi
615 2044 814 2108 Feria
859 2045 945 2127 vj.
1017 2045 1114 2107 ad
1157 2053 1358 2108 matu.
1401 2043 1693 2108 invitato.

501 2133 796 2198 Alleluia
867 2141 968 2215 ps.
1019 2133 1281 2198 Venite.
1370 2133 1697 2213 Hymnus.

501 2223 768 2287 Aurora
824 2221 1004 2284 luciS.
1091 2221 1174 2284 In
1236 2229 1536 2284 nocturno
1583 2228 1694 2283 an'.

502 2310 698 2376 All’a.
790 2318 892 2391 ps’.
969 2309 1294 2373 Exultate
1367 2310 1511 2372 deo,
1589 2316 1693 2390 ps.

506 2401 691 2463 Deus
741 2399 942 2466 stetit.
1017 2406 1122 2480 ps'.
1183 2398 1366 2461 Deus
1413 2397 1562 2478 quis
1607 2397 1695 2460 si-

505 2488 694 2553 milis.

504 2577 682 2707 Et
703 2572 1081 2657 temptasti⁸
1103 2594 1218 2637 eos
1238 2574 1350 2657 qui
1371 2594 1443 2636 se
1464 2575 1697 2637 dicunt

655 2661 991 2746 apostolos
1033 2682 1178 2725 esse
1213 2672 1280 2725 et
1312 2681 1445 2724 non
1491 2670 1697 2725 sunt:

507 2761 575 2815 et
635 2750 968 2813 invenisti·
1022 2768 1138 2813 eos
1213 2750 1563 2813 mendaces
1629 2758 1699 2813 et

507 2840 897 2922 patientiam
950 2837 1155 2901 habes
1216 2846 1284 2901 et
1331 2836 1696 2900 sustinuisti

508 2936 778 3010 propter
829 2944 1070 2989 nomen
1123 2946 1384 2990 meum:
1443 2934 1512 2988 et
1562 2944 1697 2988 non

507 3014 823 3079 defecisti.
914 3013 1048 3079 Sed
1089 3013 1306 3076 habeo
1349 3012 1699 3077 adversum

508 3111 577 3166 te
602 3103 780 3186 quod
804 3101 1194 3165 charitatem
1214 3110 1396 3165 tuam
1418 3102 1699 3181 primam

507 3190 842 3273 reliquisti.

691 3366 959 3431 cideris:
991 3375 1060 3429 et
1078 3386 1202 3450 age
1225 3366 1654 3448 penitentiam
1685 3386 1703 3429 ε

512 3466 579 3520 et
610 3456 824 3539 prima
853 3474 1054 3537 opera
1084 3455 1204 3520 sac,
1288 3453 1406 3519 Sin
1437 3463 1699 3519 autem:

511 3545 774 3609 veniam
806 3544 926 3608 tibi
973 3552 1040 3607 et
1069 3542 1352 3606 movebo
1394 3542 1702 3606 candela-

513 3634 704 3698 brum
763 3642 952 3695 tuum
1013 3632 1099 3694 de
1160 3631 1306 3695 loco
1357 3651 1479 3694 suo
1507 3653 1521 3695 :
1575 3630 1701 3693 nisi

487 3722 944 3804 penitentiam
977 3719 1205 3801 egeris.
1364 3718 1574 3783 Lectio
1605 3718 1703 3799 iij.

510 3810 722 3943 Sed
766 3807 892 3872 hoc
940 3806 1143 3871 habes
1197 3808 1482 3871 bonum:
1546 3806 1703 3889 quia

537 3954 542 3959 .
645 3896 844 3959 odisti
916 3895 1090 3959 sacta
1150 3895 1650 3958 nicholaitarum
1676 3894 1701 3931 ⁴

515 4002 646 4065 que
671 3992 736 4046 et
760 4003 884 4064 ego
909 3984 1038 4045 odi.
1095 3983 1227 4067 Qui
1252 3982 1453 4047 habet
1472 4002 1701 4046 aures:

516 4070 744 4134 audiat
774 4072 932 4152 quid
979 4072 1244 4153 spiritus
1288 4072 1469 4134 dicat
1497 4070 1705 4135 eccle-

1411 2483 1622 2547 Lectio
1634 2484 1701 2567 j.

1784 3110 1889 3183 ps.

1395 3189 1604 3254 Lectio
1635 3190 1704 3271 ij.

509 3281 898 3415 Memor
926 3286 1071 3343 esto
1117 3278 1337 3360 itaque
1367 3278 1544 3341 unde
1585 3298 1704 3341 ex-

2300 439 2451 492 444

1792 545 2009 609 Multa
2052 543 2341 627 quidem.
2409 553 2516 627 ps’.
2566 544 2989 610 Benedictus.

1793 720 2177 787 Confitebor
2219 721 2341 785 tibi
2385 720 2671 788 domine.
2720 731 2831 786 etc.
2880 722 2991 785 De

1788 809 2053 873 domina
2096 809 2202 874 vel
2237 809 2406 874 unde
2448 809 2519 872 in
2552 811 2835 874 crastino
2878 809 2987 872 a'i-

1789 899 2050 962 cendum
2080 897 2207 961 erit
2226 919 2254 960 .·
2296 897 2431 960 nisi
2453 897 2708 979 festum
2750 897 2995 979 duplex

1790 985 2127 1070 contigerit
2144 1008 2170 1049 .·
2200 985 2357 1067 quia
2388 995 2539 1048 tunc
2560 985 2813 1050 habebit
2823 997 2985 1067 pro-

1776 1075 1975 1157 prias
2028 1074 2413 1155 antiphonas
2466 1084 2657 1155 super
2674 1075 2987 1156 psalmos.

1797 1163 2226 1244 Supradictus
2280 1161 2435 1226 ordo
2482 1161 2987 1244 antiphonarum

1789 1262 1981 1332 super
1988 1251 2280 1331 psalmos
2320 1249 2414 1312 ad
2452 1260 2741 1332 vesperas
2777 1269 2989 1313 serve-

1794 1348 1908 1402 tur
1932 1359 2128 1420 usque
2166 1337 2265 1400 ad
2284 1339 2705 1402 ascensionem
2732 1337 2992 1402 domini

1790 1427 2045 1509 quando
2073 1425 2152 1488 de
2163 1426 2349 1507 seria
2378 1425 2615 1508 agitur.

1796 1520 1860 1594 fi
1914 1516 2014 1578 Et
2066 1515 2420 1578 notandum
2476 1514 2651 1596 quod
2698 1514 2987 1596 singulis

1790 1602 2013 1666 diebus
2037 1603 2293 1666 sabbati
2316 1603 2691 1666 vacantibus
2724 1623 2766 1665 a
2780 1603 2994 1683 sestis

1792 1692 1984 1774 quasi
2009 1691 2100 1755 ix.
2124 1691 2455 1754 lectionum
2486 1689 2567 1754 ab
2588 1699 2809 1753 octava
2824 1701 2990 1773 pas-

1792 1779 1901 1844 che
1926 1799 2123 1862 usque
2160 1777 2256 1842 ad
2291 1779 2709 1842 ascensionem
2737 1779 2995 1842 dicetur

1791 1867 1873 1930 de
1917 1866 2499 1931 commemoratione
2552 1866 2723 1930 beate
2778 1869 2999 1930 marie

1792 1977 1937 2020 cum
1966 1955 2175 2019 tribus
2194 1954 2560 2019 lectionibus
2586 1965 2651 2019 et
2677 1955 2997 2038 regimine

1792 2043 1983 2108 chori.
2071 2043 2173 2107 Et
2208 2042 2273 2106 si
2314 2045 2385 2107 in
2414 2042 2723 2125 predictis
2764 2043 2993 2107 diebus

1796 2153 1919 2196 non
1961 2141 2174 2213 potest
2234 2131 2576 2194 servicium
2646 2132 2784 2213 ejus
2855 2131 2995 2196 dici

1779 2230 2045 2303 propter
2086 2220 2267 2302 festa
2333 2219 2764 2301 contingentia
2839 2229 2999 2283 tunc

1792 2307 1925 2372 alio
1968 2307 2076 2372 die
2112 2307 2455 2389 septimane
2494 2308 2755 2371 dicatur
2793 2307 2876 2370 de
2914 2329 2993 2372 ea

1796 2397 2004 2460 eodem
2046 2395 2229 2460 modo
2271 2416 2393 2478 quo
2433 2395 2747 2459 scribitur
2773 2395 2842 2458 in
2874 2417 2989 2460 ru-

1796 2483 1972 2548 brica
1992 2484 2073 2547 de
2088 2484 2670 2548 commemoratione
2688 2483 2990 2567 ejmdm.

1798 2573 2071 2637 Dicetur
2101 2572 2297 2635 etiam
2340 2572 2420 2635 de
2458 2594 2535 2635 ea
2564 2574 2750 2654 seria
2796 2574 2997 2637 tertia

1799 2662 2199 2742 rogationum
2224 2682 2249 2724 .·
2296 2660 2403 2723 vel
2422 2662 2699 2724 secunda
2728 2670 2789 2723 et
2801 2661 2996 2742 feria

1796 2759 1977 2813 sexta
2032 2758 2186 2830 post
2252 2758 2543 2812 octavam
2608 2750 2999 2815 ascensionis

1785 2847 1986 2920 prout
2012 2836 2203 2901 di'cti's
2228 2836 2379 2899 locis
2408 2847 2687 2903 notatur.

1804 2930 1867 3003 (Ι
1913 2923 2259 2989 Dominica
2287 2924 2359 3007 ij.

1804 3013 2085 3077 Sabbato
2112 3013 2208 3076 ad
2230 3025 2518 3096 vesperas
2543 3022 2648 3077 an.
2680 3013 2997 3081 Alleluia.

1977 3100 2371 3165 Benedictus
2446 3102 2755 3166 dominus
2828 3104 2997 3168 deus

1804 3208 2004 3253 meuS.
2086 3188 2471 3271 Capitulum.
2547 3189 2849 3255 Christus
2893 3212 2997 3254 re-

1801 3296 2093 3360 surgens.
2182 3277 2379 3357 Hym.
2474 3278 2729 3343 Chorus
2806 3300 2996 3345 nove.

1804 3383 1850 3452 γ
1898 3367 2100 3429 Mane
2147 3366 2508 3429 nobiscum.
2605 3367 2690 3429 In
2738 3388 2995 3449 evange.

1801 3463 1905 3517 an'.
1980 3454 2127 3517 Hec
2158 3462 2381 3517 autem
2412 3452 2657 3537 scripta
2686 3466 2859 3519 sunt.
2894 3465 2997 3537 ps.

1805 3541 2211 3623 Magnificat.
2748 3544 2997 3609 Orati.o

1802 3633 2072 3761 Deus
2104 3628 2214 3711 qui
2246 3629 2311 3692 in
2344 3628 2461 3693 filii
2492 3631 2590 3694 tui
2620 3629 2999 3696 humilitate

1951 3728 2281 3798 jacentem
2342 3719 2663 3782 mundum
2725 3722 2998 3784 erexisti

1803 3739 2103 3869 fidelibus
2134 3806 2262 3869 tuis
2294 3816 2682 3888 perpetuam
2707 3810 3001 3872 concede

1802 3894 2129 3957 leticiam:
2176 3902 2250 3956 ut
2280 3914 2446 3976 quos
2476 3906 2793 3977 perpetue
2824 3917 3003 3961 mor-

1803 3982 1889 4044 tis
1942 3982 2235 4064 eripuisti
2288 3982 2547 4051 casibus
2594 3985 2855 4065 gaudiis
2904 3986 3001 4049 fa-

1806 4069 1939 4133 cias
2004 4071 2421 4152 sempiternis
2500 4072 2761 4153 perfrui.
2880 4075 3005 4137 Per

517 4158 646 4220 siis.
735 4158 1044 4222 Vincenti
1107 4160 1281 4223 dabo
1357 4160 1550 4222 edere
1620 4159 1707 4221 de
1808 4157 2137 4221 eundem.⁶
2226 4158 2555 4221 Memoria
2598 4170 2675 4223 ut
2712 4171 2933 4242 supra.

517 4246 698 4325 ligno
756 4245 940 4309 vite:
985 4249 1163 4328 quod
1214 4255 1314 4310 est
1366 4248 1431 4310 in
1487 4247 1708 4309 medio
1807 4245 1933 4308 Ad
1954 4255 2133 4309 matu
2159 4246 2386 4309 invita.
2466 4246 2769 4312 Surrexit
2791 4250 3009 4314 domi-

517 4332 802 4419 paradisi
833 4334 941 4395 dei
973 4334 1120 4397 mei.
1193 4334 1278 4398 In
1321 4355 1572 4416 evange.
1601 4343 1709 4398 ati.
1809 4353 1932 4395 nus
1961 4354 2129 4401 vere.
2204 4343 2307 4415 ps.
2364 4336 2605 4399 Venite
2679 4339 3011 4419 Hymnus.

718 4468 730 4497 ¹
773 4466 1008 4516 ‘et'om.
1039 4486 1054 4517 z
1090 4468 1158 4518 N.

1381 4472 1402 4503 2
1434 4484 1526 4533 pro
1555 4468 1767 4519 ‘manu'
1788 4468 2027 4518 dextera:
2063 4468 2131 4518 N.
2390 4470 2411 4498 ³
2445 4472 2683 4523 tentasti:
2720 4474 2789 4525 N·

718 4534 736 4563 ⁴
769 4532 1110 4583 nicolaitarum
1137 4552 1147 4583 :
1185 4534 1252 4585 N.

1906 4538 1928 4567 ὃ
1960 4551 2049 4597 pro
2080 4534 2243 4585 ‘eum’
2268 4533 2560 4587 dominum:
2598 4538 2664 4589 N.
