3375 5100
1208 398 1332 451 AD
1380 398 1507 451 MA
1524 385 1912 453 TUTJNAS.

838 506 999 561 808

296 611 643 677 inebriasti
674 632 865 678 eam:
914 612 1369 696 multiplicasti
1414 612 1511 677 lo-

301 701 644 783 cupletare
674 721 843 765 eam.
932 701 1227 765 Flumen
1268 701 1376 765 dei
1410 721 1511 765 re·

300 788 563 871 pletum
596 798 698 853 est
728 790 959 871 aquis:
1007 792 1252 872 parasti
1285 790 1509 853 cibum

304 877 571 942 illorum
620 879 935 960 quoniam
986 879 1081 941 ita
1128 887 1231 943 est
1275 899 1511 962 prepa-

304 967 478 1030 ratio
508 966 668 1047 ejus,
758 966 971 1029 Rivos
1002 966 1145 1069 ejus
1178 967 1511 1031 inebrians

304 1055 677 1137 multiplica
704 1054 1042 1137 genimina
1064 1055 1250 1137 ejus:
1281 1056 1349 1119 in
1373 1056 1514 1119 stil-

305 1144 547 1207 licidiis
591 1144 731 1226 ejus
770 1143 1083 1208 letabitur
1112 1146 1511 1227 germinans,

304 1232 677 1296 Benedices
722 1251 961 1295 corone
1008 1234 1162 1296 anni
1212 1233 1513 1315 benigni-

306 1322 465 1384 tatis
514 1330 672 1385 tue:
733 1329 803 1384 et
862 1322 1079 1402 campi
1142 1322 1239 1385 tui
1303 1322 1511 1404 reple-

305 1410 559 1473 buntur
626 1409 947 1473 ubertate.
1055 1410 1511 1492 Pinguescent

305 1499 609 1579 speciosa
653 1497 940 1562 deserti:
987 1506 1056 1561 et
1094 1497 1511 1563 exultatione

305 1586 511 1649 colles
548 1586 989 1667 accingentur.
1077 1586 1310 1650 Induti
1356 1597 1512 1651 sunt

307 1676 549 1738 arietes
595 1673 859 1737 ovium:
920 1684 989 1739 et
1036 1674 1243 1738 valles
1302 1674 1513 1738 abun-

307 1763 568 1826 dabunt
642 1762 975 1825 frumento
1010 1784 1025 1828 :
1121 1764 1511 1828 clamabunt

310 1852 558 1913 etenim
590 1849 917 1931 hymnum
952 1851 1193 1915 dicent.
1313 1852 1510 1914 Psal-

477 1939 729 2003 ubilate
804 1940 933 2003 deo
1007 1940 1225 2003 omnis
1294 1939 1507 2023 [mus.¹

306 1941 621 2114 J‘terra
667 2026 1003 2110 psalmum
1051 2028 1252 2093 dicite
1300 2030 1511 2092 nomi-

310 2118 377 2178 ni
408 2114 553 2197 ejus
580 2137 595 2180 :
638 2116 795 2179 date
824 2115 1105 2199 gloriam
1140 2116 1320 2180 laudi
1351 2117 1509 2198 ejuS.

305 2203 535 2268 Dicite
580 2204 709 2269 deo
754 2224 959 2288 quam
1000 2205 1315 2269 terribilia
1357 2216 1515 2271 sunt

309 2312 513 2375 opera
558 2301 676 2357 tua
722 2294 1037 2359 domine:
1091 2294 1160 2356 in
1214 2294 1513 2358 multitu-

309 2382 466 2444 dine
497 2380 759 2445 virtutis
797 2389 911 2447 tue
956 2383 1363 2446 mentientur
1391 2383 1511 2446 tibi

311 2470 556 2534 inimici
590 2471 707 2534 tui.
802 2470 1033 2536 Omnis
1068 2480 1243 2535 terra
1280 2473 1513 2535 adoret

310 2569 378 2622 te
410 2568 479 2623 et
510 2559 751 2642 psallat
782 2559 935 2624 tibi:
970 2560 1301 2644 psalmum
1333 2561 1514 2626 dicat

311 2649 565 2712 nomini
626 2658 761 2714 tuo,
870 2649 1103 2714 Venite
1164 2658 1233 2714 et
1291 2649 1514 2714 videte

310 2757 514 2818 opera
558 2737 707 2801 dei:
752 2737 1062 2802 terribilis
1108 2739 1176 2802 in
1220 2739 1513 2803 consiliis

312 2845 511 2907 super
539 2825 712 2889 filios
742 2825 1106 2892 hominum.
1191 2826 1319 2905 Qui
1352 2847 1509 2891 con-

311 2915 508 2978 vertit
540 2935 722 2978 mare
754 2915 820 2977 in
854 2916 1107 2979 aridam
1141 2915 1207 2978 in
1239 2915 1511 2980 flumine

312 3002 808 3084 pertransibunt
855 3003 1069 3086 pede:
1134 3004 1223 3067 ibi
1276 3003 1511 3068 letabi-

314 3111 461 3154 mur
491 3093 557 3154 in
590 3092 752 3175 ipso,
849 3091 976 3170 Qui
1022 3091 1407 3156 dominatur
1441 3093 1507 3156 in

310 3178 552 3243 virtute
582 3201 703 3243 sua
733 3181 799 3242 in
831 3191 1131 3244 eternum
1164 3181 1335 3245 oculi
1368 3181 1511 3264 ejus

311 3289 509 3351 super
529 3277 763 3351 gentes
794 3270 1154 3351 respiciunt
1182 3290 1197 3332 :
1243 3269 1357 3352 qui
1390 3291 1511 3334 ex-

312 3367 620 3440 asperant
666 3377 798 3420 non
854 3357 1236 3420 exaltentur
1288 3358 1353 3420 in
1409 3380 1509 3422 se-

312 3445 625 3528 metipsis.
651 3445 1041 3509 Benedicite
1060 3455 1293 3527 gentes
1306 3447 1503 3510 deum

310 3543 651 3598 nostrum:
698 3543 769 3598 et
810 3535 1110 3599 auditam
1158 3535 1355 3598 facite
1394 3555 1511 3598 vo-

311 3640 455 3686 cem
516 3622 732 3687 laudis
806 3622 965 3704 ejus,
1080 3621 1207 3702 Qui
1284 3625 1507 3706 posuit

312 3712 604 3776 animam
666 3731 886 3775 meam
950 3711 1037 3774 ad
1102 3713 1361 3776 vitam:
1437 3721 1507 3777 et

312 3819 443 3862 non
467 3801 653 3864 dedit
672 3800 738 3862 in
763 3800 1281 3864 commotionem
1300 3800 1507 3884 pedes

310 3908 510 3953 meos,
628 3888 957 3968 Quoniam
1026 3888 1319 3971 probasti
1384 3909 1504 3952 nos

309 3977 472 4040 deus
500 3999 515 4042 :
564 3977 717 4060 igne
748 3997 870 4041 nos
901 3978 1301 4042 examinasti
1332 3978 1503 4042 sicut

309 4065 730 4130 examinatur
752 4075 1117 4149 argentum.
1159 4066 1501 4131 Induxisti

310 4173 429 4216 nos
476 4155 540 4218 in
573 4154 887 4236 laqueum
919 4155 1197 4238 posuisti
1230 4155 1505 4220 tribula-

307 4242 521 4306 tiones
554 4243 622 4306 in
652 4245 854 4307 dorso
894 4251 1161 4309 nostro:
1210 4244 1501 4328 imposu-

406 4415 419 4447 ¹
444 4419 525 4482 ps.
554 4415 651 4480 65.
646 4417 757 4467 ·.E
772 4417 829 4468 G.
904 4419 1035 4468 lxv..
1032 4432 1043 4444 ·
1074 4419 1127 4468 S.

401 4485 692 4533 ²inceuso,
729 4483 787 4532 E.
793 4485 857 4534 G.
864 4483 947 4533 W.
958 4483 1009 4534 S.

401 4551 421 4580 ⁸
460 4550 575 4600 ‘'et
598 4549 739 4600 add·
774 4550 825 4600 S.

403 4619 547 4681 ⁴pro
570 4615 901 4668 ‘orationem’
914 4616 1314 4682 deprecationem
1334 4615 1493 4667 :E.G.

2127 508 2285 563 804

1610 612 1720 677 isti
1749 612 2054 677 homines
2084 634 2283 696 super
2310 612 2535 697 capita
2571 625 2815 682 nostra.

1622 702 2069 766 Transivimus
2095 723 2212 784 per
2231 703 2451 785 ignem
2467 712 2535 766 et
2547 724 2817 786 aquam:

1611 800 1679 853 et
1727 792 2021 855 eduxisti
2085 811 2204 854 nos
2265 792 2332 853 in
2389 790 2814 875 refrigerium.

1608 879 1916 943 Introibo
1947 882 2012 943 in
2044 881 2321 943 domum
2355 888 2542 943 tuam
2575 882 2640 943 in
2675 883 2813 945 olo-

1609 968 1898 1031 caustis:
1953 969 2228 1031 reddam
2282 967 2402 1031 tibi
2454 978 2616 1032 vota
2664 990 2815 1034 mea

1610 1076 1741 1139 que
1772 1057 2221 1121 distinxerunt
2253 1056 2431 1120 labia
2461 1077 2629 1121 mea.
2712 1059 2815 1123 Et

1610 1146 1908 1210 locutum
1942 1154 2043 1209 est
2074 1165 2150 1209 os
2197 1165 2459 1209 meum:
2507 1146 2573 1208 in
2608 1146 2816 1210 tribu-

1612 1233 1863 1298 latione
1896 1254 2062 1298 mea.
2167 1232 2525 1298 Olocausta
2559 1234 2814 1298 medul-

1610 1321 1748 1386 lata
1795 1322 2068 1385 offeram
2123 1322 2242 1386 tibi
2297 1342 2448 1385 cum
2499 1322 2817 1387 incensu²

1610 1412 1890 1475 arietum
1916 1433 1931 1475 :
1976 1411 2252 1474 offeram
2277 1411 2400 1474 tibi
2432 1410 2636 1474 boves
2659 1430 2813 1475 cum

1611 1499 1846 1581 hyrciS.
1913 1500 2148 1564 Venite
2179 1499 2406 1563 audite
2437 1508 2506 1562 et
2529 1499 2815 1563 narrabo

1609 1608 1844 1651 omnes
1888 1588 2002 1672 qui
2035 1588 2285 1652 timetis
2316 1588 2557 1653 deum:
2604 1608 2815 1670 quan-

1609 1686 1683 1740 ta
1720 1675 1874 1740 fecit
1907 1677 2130 1740 anime
2177 1696 2340 1740 mee.
2430 1676 2548 1739 Ad
2595 1678 2815 1759 ipsum

1612 1784 1725 1827 ore
1787 1784 1938 1828 meo
1998 1764 2316 1829 clamavi:
2385 1774 2454 1827 et
2514 1764 2814 1829 exultavi

1613 1852 1739 1915 sub
1801 1852 2029 1935 lingua
2090 1872 2260 1917 mea.
2376 1852 2817 1935 Iniquitatem

1612 1941 1667 2005 si
1728 1941 1965 2024 aspexi
2020 1941 2087 2003 in
2149 1941 2348 2005 corde
2395 1960 2549 2004 meo
2577 1941 2636 2006 :³
2681 1961 2816 2005 non

1614 2030 1935 2093 exaudiet
2003 2029 2333 2093 dominus,
2445 2029 2820 2112 Propterea

1612 2116 1960 2181 exaudivit
1991 2116 2195 2181 deus:
2243 2126 2312 2181 et
2348 2119 2638 2181 attendit
2667 2120 2814 2182 voci

1612 2194 2098 2289 deprecationis
2158 2225 2322 2270 mee.
2409 2204 2818 2270 Benedictus

1610 2296 1829 2360 deus:
1891 2294 2007 2377 qui
2067 2314 2202 2358 non
2263 2296 2515 2357 amovit
2575 2296 2819 2359 oratio-

1612 2403 1766 2447 nem
1790 2383 1815 2420 ⁴
1878 2402 2098 2446 meam
2167 2391 2237 2447 et
2299 2382 2816 2447 misericordiam

1610 2492 1802 2535 suam
1833 2492 1874 2534 a
1906 2472 2060 2535 me.⁶
2456 2471 2818 2537 Psalmus.⁶

1807 2580 1883 2624 us
1934 2561 2324 2624 misereatur
2353 2561 2560 2624 nostri
2600 2571 2668 2624 et
2701 2562 2815 2626 be-

1767 2649 2031 2713 nedicat
2057 2648 2286 2712 nobis:
2320 2647 2649 2713 illuminet
2671 2650 2816 2714 vul-

1610 2748 1756 2802 tum
1788 2757 1982 2803 suum
2014 2757 2212 2819 super
2243 2757 2366 2800 nos
2407 2746 2476 2801 et
2508 2738 2815 2802 miserea-

1610 2836 1719 2891 tur
1765 2827 1993 2890 nostri.
2079 2826 2170 2891 Ut
2215 2846 2698 2908 cognoscamus
2745 2828 2815 2891 in

1610 2925 1784 2980 terra
1843 2916 2023 2978 viam
2077 2923 2303 2980 tuam:
2372 2916 2439 2978 in
2501 2916 2812 2980 omnibus

1609 3002 1923 3086 gentibus
1968 3002 2257 3067 salutare
2303 3013 2509 3068 tuum.
2595 3003 2813 3070 Confi-

1610 3102 1877 3158 teantur
1917 3091 2037 3156 tibi
2085 3092 2310 3175 populi
2358 3092 2565 3156 deus:
2607 3092 2814 3156 confi-

1609 3190 1877 3245 teantur
1904 3181 2028 3244 tibi
2064 3180 2294 3263 populi
2341 3201 2591 3246 omneS.
2681 3184 2814 3244 Le-

1608 3278 1835 3333 tentur
1865 3279 1934 3332 et
1979 3269 2285 3332 exultent
2330 3277 2599 3350 gentes:
2648 3289 2814 3351 quo-

1608 3359 1789 3421 niam
1809 3357 2069 3439 judicas
2089 3355 2373 3439 populos
2395 3357 2460 3420 in
2480 3358 2811 3440 equitate:

1608 3456 1675 3510 et
1707 3455 1942 3528 gentes
1989 3446 2054 3508 in
2085 3454 2264 3508 terra
2302 3444 2544 3526 dirigis.
2643 3445 2815 3511 Con-

1606 3533 1920 3598 fiteantur
1960 3534 2081 3597 tibi
2126 3531 2356 3616 populi
2401 3533 2563 3596 deus
2606 3533 2816 3598 confi-

1606 3632 1874 3687 teantur
1903 3621 2023 3686 tibi
2055 3621 2284 3704 populi
2315 3639 2586 3685 omnes:
2632 3631 2811 3686 terra

1603 3712 1794 3775 dedit
1824 3710 2111 3775 fructum
2152 3729 2365 3774 suum.
2439 3709 2810 3775 Benedicat

1605 3821 1730 3864 nos
1775 3800 1940 3863 deus
1983 3799 2150 3862 deus
2191 3807 2416 3862 noster
2458 3796 2812 3863 benedicat

1604 3909 1728 3953 nos
1775 3889 1982 3952 deus:
2029 3897 2098 3952 et
2129 3895 2432 3950 metuant
2462 3906 2613 3949 eum
2659 3907 2807 3951 om-

1606 3997 1724 4042 nes
1755 3976 1918 4040 fines
1951 3985 2138 4040 terre.
2448 3975 2808 4040 Psalmus.⁷

1603 4068 2001 4199 Exurgat
2053 4065 2216 4128 deus
2275 4070 2344 4127 et
2402 4063 2809 4147 dissipentur

1759 4153 2004 4218 inimici
2051 4153 2232 4235 ejus:
2279 4161 2348 4216 et
2393 4151 2653 4234 fugiant
2687 4154 2806 4236 qui

1604 4244 1890 4307 oderunt
1920 4261 2073 4305 eum
2105 4262 2146 4304 a
2176 4240 2344 4304 facie
2374 4240 2534 4322 ejuS.
2609 4242 2805 4307 Sicut

1701 4419 1722 4449 ⁸
1760 4415 1914 4466 ‘Non
1936 4414 2128 4464 dicitur
2166 4413 2240 4462 ad
2263 4420 2566 4464 nocturnum
2605 4415 2696 4466 iste
2717 4419 2798 4482 pi.

1602 4483 1683 4534 66.
1758 4481 1899 4532 Deus
1921 4479 2244 4530 misereatur'
2264 4478 2396 4529 add:
2427 4481 2494 4530 E.
2509 4481 2575 4532 G

1701 4550 2012 4614 ‘zplxvist
2034 4550 2086 4597 ὁ.

1702 4615 1954 4680 ’.:p367
1989 4614 2126 4666 E.G.
2199 4613 2380 4678 lxvijst
2414 4614 2467 4664 S.

2389 4705 2542 4774 3K
