3375 5100
1100 369 1204 424 IN
1237 368 1508 424 RAMIS
1553 369 2051 424 PALMARUM.

886 477 1042 532 869

484 583 692 648 aciem
786 601 1003 647 meam
1101 605 1234 647 non
1315 584 1521 648 averti

484 674 570 736 ab
652 673 1139 754 increpantibus
1225 682 1294 737 et
1367 693 1525 735 con-

335 762 724 844 spuentibus
803 761 870 824 in
945 781 1067 826 me.
1143 771 1244 843 pf.
1325 762 1526 824 Mise-

338 871 478 914 rere
549 851 677 913 mei
739 848 916 913 deus,
1021 849 1156 914 Αῆ.
1248 849 1526 913 Framea

337 940 652 1002 suscitare
713 939 1022 1001 adversus
1071 959 1184 1001 eos
1234 938 1346 1020 qui
1395 939 1526 1001 dis-

339 1035 626 1109 pergunt
713 1046 980 1109 gregem
1081 1047 1319 1090 meum.
1423 1035 1524 1108 p5.

338 1115 564 1180 Verba
619 1135 786 1179 mea.
873 1123 978 1178 aii.
1041 1113 1527 1198 Appenderunt

341 1205 712 1268 mercedem
791 1223 1008 1266 meam
1096 1205 1368 1284 triginta
1426 1223 1526 1266 ar-

339 1293 597 1376 genteis
668 1311 834 1374 quos
903 1293 1316 1374 appreciatus
1377 1310 1526 1354 sum

337 1383 428 1446 ab
489 1382 598 1444 εἰς.
673 1389 774 1462 pf.
869 1380 1052 1443 Deus
1110 1381 1273 1443 deus
1327 1399 1529 1443 meus.

337 1479 446 1534 αῆ.
540 1469 1035 1533 Inundaverunt
1095 1489 1265 1552 aque
1332 1488 1532 1551 super

337 1566 544 1641 caput
603 1577 869 1621 meum:
945 1557 1088 1620 dixi
1147 1556 1361 1639 perii:
1434 1558 1528 1620 in-

339 1647 597 1710 vocabo
667 1656 916 1709 ‘nomen
995 1655 1182 1709 tuum
1261 1645 1531 1709 domine

341 1736 526 1799 deuS.
574 1743 674 1816 p.3·'.
723 1733 1120 1798 Confitebor.
1195 1731 1530 1814 (ultimus.)

341 1832 448 1887 an.
543 1822 754 1887 Labia
801 1821 1279 1904 insurgentium
1325 1829 1394 1884 et
1423 1841 1532 1886 co·

343 1912 699 1994 gitationes
757 1930 984 1973 eorum
1043 1910 1195 1972 vide
1247 1911 1532 1973 domine.

330 2009 434 2082 pff.
485 2000 799 2064 Laudate.
883 1998 1250 2079 Capitulum
1314 1997 1532 2061 Chris-

345 2098 456 2154 tus
507 2089 834 2152 assistenS.
889 2087 1214 2165 Hymnus.
1292 2085 1534 2150 Lustra

347 2197 472 2240 sex
560 2177 690 2258 qui.
798 2194 847 2261 γ
921 2175 1126 2258 Eripe
1216 2193 1338 2238 me.
1450 2174 1536 2237 In

344 2265 670 2346 evangelio
725 2264 1091 2347 antiphona.
1201 2263 1358 2326 Non
1419 2261 1536 2326 ha-

346 2355 537 2417 beres
597 2355 662 2415 in
723 2372 829 2416 me
883 2360 1336 2436 potestatem:
1413 2352 1536 2415 nisi

346 2443 630 2524 desuper
671 2441 902 2504 datum
947 2441 1067 2504 tibi
1114 2439 1360 2504 fuisset.
1435 2449 1536 2520 pf.

351 2529 762 2595 Benedictus,
798 2528 1233 2610 Kyrieleison.
1288 2529 1534 2594 Oratio.

347 2622 544 2751 Da
650 2637 1007 2701 quesumus
1115 2619 1538 2700 omnipotens

505 2708 705 2771 deus:
781 2715 855 2770 ut
930 2706 1041 2788 qui
1117 2706 1184 2770 in
1259 2715 1362 2770 tot
1424 2705 1538 2769 ad-

348 2796 552 2859 versis
642 2816 731 2859 ex
829 2803 1054 2858 nostra
1157 2793 1539 2858 infirmitate

351 2883 694 2947 deficimus
828 2882 1276 2946 intercedente
1397 2884 1538 2945 uni-

348 2973 556 3054 geniti
610 2970 724 3034 filii
772 2972 868 3034 tui
917 2972 1224 3053 passione
1268 2972 1537 3052 respire-

351 3080 514 3125 mus.
593 3060 726 3143 Qui
772 3067 1010 3123 tecum.
1071 3060 1398 3122 Memoria
1413 3069 1542 3140 pro

337 3148 613 3231 peccatis
660 3158 724 3211 et
753 3148 1005 3229 psalmi
1035 3147 1418 3229 familiares
1469 3157 1545 3211 ut

345 3247 560 3318 supra.
649 3236 774 3300 Ad
778 3236 1075 3317 primam
1104 3245 1209 3299 an.
1293 3234 1542 3299 Anime

349 3327 720 3407 impiorum.
787 3334 886 3406 pf.
943 3324 1126 3388 Deus
1159 3324 1223 3385 in
1257 3326 1538 3387 nomine.

341 3422 436 3495 pff.
485 3414 883 3497 Quicunque
912 3413 1070 3477 vult.
1152 3412 1538 3495 Capitulum.

353 3502 644 3565 Domine
715 3502 1032 3565 miserere.
1125 3517 1171 3585 y
1249 3501 1540 3581 Exurge.

356 3590 790 3671 Kyrieleison.
881 3600 982 3653 etc.
1094 3588 1218 3651 Ad
1281 3588 1542 3651 tertiam

351 3688 457 3743 an.
502 3677 845 3760 judicasti.
921 3686 1022 3759 pf.
1069 3677 1318 3757 Legem
1350 3696 1540 3759 pone.

358 3767 746 3849 Capitulum.
827 3765 1348 3830 Confundantur.
1423 3766 1540 3829 Re.

353 3856 617 3919 Fratres
644 3855 788 3919 mei.
881 3871 927 3939 y
974 3854 1152 3917 Erue
1193 3874 1232 3916 a
1278 3852 1542 3917 framea.

353 3945 792 4027 Kyrieleison.
881 3952 988 4007 etc.
1083 3942 1324 4006 Oratio,
1438 3942 1546 4005 Da

351 4054 728 4115 quesumus,
842 4031 966 4095 Ad
1073 4040 1317 4094 sextam
1436 4039 1543 4094 an.

353 4121 607 4204 Popule
659 4140 860 4184 meuS.
914 4128 1012 4202 pf.
1063 4118 1340 4182 Defecit.
1396 4118 1544 4199 Cap.

347 4210 690 4293 Judicasti.
781 4208 899 4271 Re.
945 4206 1264 4271 Attende.
1355 4224 1401 4291 y
1436 4207 1546 4269 In·

349 4298 569 4363 tende.
663 4296 1098 4379 Kyrieleison.
1143 4306 1249 4359 etc.
1318 4295 1548 4360 Oratio

351 4396 430 4451 ut
455 4398 668 4469 supra.
759 4384 885 4449 Ad
925 4404 1159 4446 nonam
1204 4392 1308 4447 ar‘i.
1360 4382 1546 4446 Nun-

351 4476 531 4557 quid.
607 4482 706 4557 pf.
755 4472 1104 4537 Mirabilia.
1157 4471 1302 4553 Cap.
1355 4472 1548 4535 Posui

355 4564 608 4627 faciem.
701 4562 814 4625 Re.
879 4560 1036 4624 Noli
1089 4580 1247 4623 esse.
1339 4577 1385 4645 y
1443 4560 1550 4624 Ne

2146 479 2294 534 370

1623 584 1878 666 perdaS.
1928 584 2178 666 Kyriel.
2240 585 2471 650 Oratio
2502 593 2580 647 ut
2604 597 2819 668 supra.

1623 673 1729 736 Et
1780 674 1875 736 sic
1930 674 2239 736 ditantur
2280 673 2431 736 hore
2490 695 2689 755 usqne
2730 676 2829 737 ad

1624 783 1841 824 cenam
1885 762 2138 824 domini
2158 785 2183 824 .·
2225 762 2622 825 orationibus
2674 773 2816 825 tan-

1627 859 1769 912 tum
1828 850 2114 913 mutatis.
2205 849 2329 913 Ad
2373 862 2660 932 vesperas
2710 862 2815 916 an.

1632 939 1997 1002 Inclinavit.
2073 948 2173 1020 pff.
2218 939 2459 1002 Dilexi.
2505 949 2607 1002 etc.
2670 940 2816 1022 Cap.

1629 1027 1895 1090 Faciem
1958 1047 2192 1090 meam.
2308 1027 2423 1090 Re.
2539 1027 2814 1093 Salvum

1631 1135 1739 1178 me
1797 1115 1916 1179 sac.
2016 1116 2213 1196 Hym.
2301 1115 2569 1180 Vexilla
2629 1118 2816 1199 regis

1627 1221 1676 1290 γ
1726 1204 2083 1267 Dederunt.
2178 1204 2263 1266 In
2320 1205 2644 1286 evangelio
2701 1226 2821 1269 an-

1628 1292 1905 1374 tiphona.
1995 1292 2218 1356 Tanto
2262 1301 2560 1375 tempore
2604 1295 2822 1358 vobis-

1627 1401 1781 1444 cum
1822 1401 2003 1444 eram
2049 1383 2294 1445 docens
2344 1402 2463 1444 vos
2524 1381 2589 1444 in
2650 1392 2819 1446 tem-

1629 1469 1743 1552 plo
1784 1479 1851 1532 et
1896 1489 2029 1533 non
2077 1490 2182 1532 me
2229 1470 2572 1534 tenuistis:
2620 1474 2823 1535 modo

1631 1557 2039 1638 flagellatum
2093 1558 2331 1622 ducitis
2407 1559 2492 1622 ad
2573 1559 2825 1623 crucifi-

1630 1646 1942 1727 gendum.
2020 1647 2336 1728 psalma-5.
2421 1647 2827 1729 Magnificat.

1637 1733 2072 1815 Kyrieleison.
2577 1735 2829 1800 Oratio.

1632 1822 2001 1954 Adjuva
2084 1842 2205 1885 nos
2282 1823 2447 1885 deus
2525 1825 2830 1888 salutaris

1802 1921 2061 1974 noster:
2139 1919 2206 1973 et
2324 1911 2409 1973 ad
2508 1910 2830 1977 beneficia

1637 1998 1984 2062 recolenda
2016 1999 2255 2081 quibus
2301 2019 2421 2062 nos
2467 2000 2831 2065 instaurare

1637 2087 1947 2168 dignatus
2008 2108 2079 2150 es
2131 2087 2343 2150 tribue
2401 2089 2621 2151 venire
2666 2110 2828 2171 gau-

1637 2176 1887 2238 dentes.
1981 2177 2102 2238 Per
2131 2176 2492 2239 dominum.

1641 2268 1707 2341 π
1752 2263 1949 2326 Feria
1982 2264 2076 2346 iij.
2174 2264 2297 2327 Ad
2337 2275 2535 2329 matu.
2586 2265 2827 2330 Invita.

1636 2352 2021 2435 JubilemuS.
2097 2361 2195 2434 pff.
2275 2353 2533 2416 Venite.
2626 2354 2827 2434 Hym.

1642 2442 1866 2522 Pange
1916 2441 2154 2522 lingua.
2251 2441 2329 2504 ln
2376 2451 2677 2505 nocturno
2722 2451 2827 2508 aii.

1643 2529 1741 2595 Ut
1804 2549 1933 2593 non
1996 2529 2395 2611 delinquam.
2488 2540 2588 2612 pf.
2668 2531 2830 2595 Dixi

1642 2619 2026 2683 custodiam.
2118 2635 2164 2703 γ
2214 2620 2387 2682 Erue
2418 2640 2457 2683 a
2490 2620 2753 2684 framea.

1639 2708 1845 2838 Hi
1892 2708 1955 2769 in
1996 2708 2475 2788 sterquilinium
2519 2708 2758 2791 [Lectio
2768 2710 2831 2791 j.

1830 2816 2027 2876 super
2078 2795 2311 2858 faciem
2373 2806 2543 2860 terre
2596 2808 2830 2861 erunt:

1639 2891 1708 2945 et
1757 2882 2001 2965 eligent
2046 2884 2259 2966 magis
2308 2894 2589 2949 mortem
2632 2906 2833 2971 quam

1637 2972 1889 3035 vitam:
1954 2991 2187 3035 omnes
2234 2974 2345 3055 qui
2398 2975 2636 3037 residui
2697 2974 2832 3037 fue-

1642 3070 1793 3124 runt
1830 3060 1917 3123 de
1967 3062 2343 3142 cognitione
2384 3061 2507 3126 hac
2548 3064 2835 3143 pessima

1640 3149 1707 3211 in
1759 3150 2073 3212 universis
2134 3148 2293 3213 locis
2343 3171 2472 3232 que
2521 3151 2835 3214 derelicta

1641 3247 1798 3300 sunt
1876 3238 1961 3300 ad
2048 3258 2176 3318 que
2253 3238 2413 3319 ejeci
2490 3260 2603 3302 eos
2672 3241 2831 3303 dicit

1641 3326 1951 3388 dominus
2018 3325 2442 3391 exercituum.
2535 3328 2649 3389 Rc.
2724 3328 2832 3390 In-

1642 3424 2068 3477 sui-rexerunt
2130 3414 2196 3476 in
2268 3434 2371 3477 me
2432 3416 2548 3478 viri
2628 3416 2830 3497 iniqui

1641 3501 1892 3584 absque
1953 3503 2396 3565 misericordia
2454 3504 2836 3585 quesierunt

1643 3610 1753 3653 me
1814 3588 2214 3654 interficere:
2279 3600 2347 3654 et
2407 3612 2537 3654 non
2602 3612 2835 3674 peper-

1644 3688 1874 3741 cerunt
1916 3680 1980 3741 in
2013 3678 2245 3741 faciem
2297 3699 2513 3742 meam
2559 3700 2835 3762 spuere:

1645 3775 1715 3830 et
1792 3766 2034 3829 lanceis
2116 3766 2251 3829 suis
2328 3767 2835 3831 vulneraverunt

1649 3874 1795 3919 me:
1872 3864 1939 3918 et
2000 3874 2317 3919 concussa
2393 3866 2547 3919 sunt
2614 3857 2839 3920 omnia

1646 3963 1797 4005 ossa
1845 3962 2007 4005 mea.
2102 3942 2252 4024 Ego
2302 3954 2523 4007 autem
2571 3945 2839 4008 estima-

1647 4030 1801 4095 bam
1895 4052 2001 4093 me
2092 4040 2409 4113 tanquam
2504 4044 2836 4097 mortuum

1647 4140 1844 4201 super
1900 4128 2159 4183 terram.
2253 4137 2295 4205 y
2366 4120 2455 4185 Et
2515 4123 2841 4189 dederunt

1648 4208 1710 4271 in
1767 4227 1987 4271 escam
2050 4227 2268 4271 meam
2331 4209 2415 4271 fel
2479 4219 2545 4273 et
2606 4212 2671 4275 in
2733 4214 2843 4276 siti

1647 4316 1797 4361 mea
1828 4305 2220 4378 potaverunt
2252 4318 2359 4361 me
2389 4308 2594 4363 aceto,
2697 4302 2847 4383 Ego

1647 4393 1890 4448 autern.
2529 4388 2744 4453 Lectio
2776 4391 2845 4473 ij.

1797 4482 1825 4535 t
1903 4473 2082 4535 dices
2142 4472 2227 4537 ad
2310 4496 2473 4540 eos:
2548 4478 2694 4541 Hec
2748 4480 2845 4541 di-

1797 4561 1888 4625 cit
1945 4561 2273 4627 dominus.
2367 4564 2687 4647 Nunquid
2734 4570 2845 4649 qui

2462 4679 2585 4727 BB
