3375 5100
1549 316 1659 373 IN
1699 317 1970 374 FESTO

1060 426 1201 483 168
1306 480 1315 490 ,

530 531 747 597 leticie
822 531 1235 596 circundedit
1282 551 1407 596 me.
1516 531 1729 616 Quasi

528 639 851 704 sponsum
897 619 1283 684 decoratum
1328 640 1613 684 corona:
1660 629 1731 684 et

530 709 719 793 quasi
758 727 1073 790 sponsam
1119 717 1423 772 ornatam
1472 708 1732 772 monili-

530 799 657 862 bus
676 797 829 860 suiS.
874 795 1067 860 Sicut
1086 797 1263 859 enim
1286 796 1533 878 profert
1554 806 1733 860 terra

534 904 808 968 germen
828 903 1020 946 suum
1046 905 1061 949 :
1094 891 1159 946 et
1180 885 1349 948 sicut
1376 883 1607 948 hortus
1630 905 1731 947 se-

536 993 691 1036 men
739 992 931 1035 suum
972 971 1338 1054 germinat:
1392 974 1486 1036 sic
1517 973 1732 1036 domi-

534 1081 661 1124 nus
691 1061 857 1124 deus
879 1059 1279 1141 germinabit
1304 1060 1631 1141 justitiam
1666 1069 1735 1124 et

446 1175 452 1180 ·
530 1148 801 1212 laudem
821 1167 1044 1211 coram
1070 1148 1385 1211 universis
1405 1149 1730 1230 gentibus,

539 1237 691 1300 Hec
722 1236 885 1300 dicit
915 1236 1225 1298 dominus
1256 1237 1421 1299 deus
1456 1237 1571 1318 qui
1616 1235 1736 1299 ho-

537 1325 769 1387 dierna
809 1323 917 1387 die
964 1325 1031 1386 in
1072 1323 1355 1405 jordane
1400 1333 1477 1387 ut
1516 1335 1734 1406 supra.

534 1413 649 1476 Re.
742 1412 997 1477 Omnes
1073 1413 1159 1475 de
1234 1413 1398 1476 saba
1465 1414 1736 1476 venient

534 1520 769 1564 aurum
792 1509 859 1562 et
884 1499 1037 1563 thus
1061 1499 1433 1563 deferentes
1462 1521 1477 1564 ε
1511 1509 1577 1564 et
1597 1501 1736 1563 lau-

536 1589 691 1651 dem
716 1587 991 1651 domino
1015 1589 1511 1652 annunciantes,
1558 1588 1739 1653 All'a

530 1676 688 1739 all’a
748 1675 912 1740 all'a.
1006 1692 1053 1761 y
1100 1676 1323 1758 Reges
1376 1676 1616 1740 tharsis
1668 1685 1739 1740 et

535 1763 746 1826 insule
822 1783 1125 1845 munera¹
1188 1763 1467 1828 offerent
1549 1784 1740 1847 reges

534 1850 812 1915 arabum
860 1859 929 1914 et
973 1850 1135 1914 saba
1176 1851 1355 1915 dona
1385 1851 1736 1917 adducent.

536 1939 736 2003 All’a.
829 1938 1077 2004 Gloria.
1168 1939 1363 2004 All'a.

540 2031 606 2105 ff
648 2027 735 2090 In
806 2028 869 2110 ι]
933 2037 1237 2091 nocturno
1300 2037 1406 2092 aii.
1498 2028 1739 2094 Omnis

539 2125 713 2179 terra
766 2115 999 2179 adoret
1059 2125 1127 2180 te
1188 2125 1256 2180 et
1308 2116 1551 2200 psallat
1612 2119 1738 2183 tibi

536 2204 872 2286 psalmum
919 2205 1100 2268 dicat
1148 2207 1400 2268 nomini
1450 2215 1568 2269 tuo
1617 2206 1738 2269 do-

538 2293 731 2357 mine.
791 2301 894 2374 pff.
954 2292 1246 2374 Jubilate
1278 2294 1406 2357 deo
1438 2293 1565 2376 (j).
1630 2303 1738 2358 αῆ.

538 2376 762 2462 Reges
810 2381 1051 2443 tharsis
1090 2390 1160 2443 et
1209 2381 1417 2444 insule
1465 2402 1742 2446 munera

538 2468 820 2531 offerent
850 2468 987 2549 regi
1020 2469 1311 2532 domino.
1373 2478 1475 2550 ps.
1554 2470 1741 2534 Deus

525 2552 877 2638 judicium.
964 2555 1103 2621 Ανῖ.
1195 2556 1449 2621 Omnes
1505 2570 1742 2640 gentes

540 2661 970 2725 quascunque
1046 2643 1256 2731 fecisti
1323 2644 1591 2710 venient
1674 2657 1743 2711 et

538 2730 916 2795 adorabunt
948 2751 1171 2795 coram
1204 2741 1272 2797 te
1303 2734 1590 2799 domine.
1636 2744 1741 2816 pf.

536 2815 800 2882 Inclina
872 2819 1156 2885 domine.
1245 2838 1295 2907 γ
1342 2821 1595 2887 Omnes
1656 2824 1743 2887 de

534 2905 702 2970 saba
748 2907 1037 2971 veniunt.
1130 2908 1391 2973 Aurum
1459 2920 1527 2974 et
1587 2911 1742 2975 thus

537 2992 911 3058 deferentes
944 3005 1013 3058 et
1044 2995 1307 3061 laudem
1334 2998 1462 3062 deo
1486 3019 1741 3063 annun-

538 3084 796 3146 ciantes
829 3082 993 3146 all’a.

535 3170 775 3235 Sermo
804 3170 975 3234 beati
990 3171 1188 3235 leonis
1203 3183 1383 3255 pape.
1446 3174 1592 3240 Lec.
1615 3175 1740 3259 iiis.

546 3257 962 3393 Celebrato
1015 3262 1328 3343 proximo
1377 3263 1526 3328 die:
1603 3285 1740 3347 quo

665 3346 1061 3413 intemerata
1109 3349 1453 3431 virginitas
1506 3351 1740 3418 huma-

534 3436 602 3497 ni
677 3437 938 3519 generis
1013 3437 1226 3501 edidit
1299 3438 1736 3506 salvatorem:

532 3523 889 3606 epiphanie
936 3524 1127 3589 nobis
1172 3525 1583 3591 dilectissimi
1624 3547 1735 3594 ve-

532 3613 829 3677 neranda
894 3612 1215 3677 festivitas
1264 3614 1383 3679 dat
1431 3636 1736 3698 perseve-

527 3701 814 3764 rantiam
894 3703 1291 3783 gaudiorum
1392 3714 1467 3768 ut
1563 3705 1736 3769 inter

528 3799 963 3873 cognatarum
996 3790 1473 3855 solennitatum
1513 3793 1731 3858 vicina

527 3886 981 3941 sacramenta:
1050 3878 1484 3943 exultationis
1544 3881 1735 3964 vigor

530 3970 597 4023 et
628 3962 845 4025 fervor
873 3961 1029 4027 fidei
1063 3985 1196 4029 non
1228 3975 1545 4051 tepescat.
1609 3970 1728 4035 Re.

528 4046 715 4131 Magi
758 4052 1032 4114 veniunt
1082 4054 1168 4116 ab
1218 4058 1470 4120 oriente
1516 4057 1730 4122 hiero-

526 4136 836 4201 solimam
886 4150 1238 4220 querentes
1292 4153 1359 4206 et
1412 4144 1727 4211 dicentes,

530 4224 670 4289 Ubi
701 4234 803 4288 est
834 4228 946 4307 qui
979 4236 1176 4291 natus
1208 4238 1308 4293 est
1342 4232 1442 4313 cuj
1452 4254 1526 4296 us
1572 4235 1728 4298 stel-

2357 425 2498 480 164

1825 529 2196 595 dominum.
2291 546 2334 617 y
2381 527 2570 612 Magi
2614 527 2891 594 veniunt
2946 527 3036 592 ab

1829 621 2084 684 oriente
2145 620 2550 700 inquirentes
2608 617 2846 681 faciem
2911 618 3034 681 do-

1832 708 1994 770 mini
2027 717 2095 772 et
2125 707 2437 771 dicentes,
2505 707 2658 772 Ubi.
2725 705 2940 770 Lectio
2969 727 3032 770 v.

2000 795 2045 858 d
2093 794 2392 860 omnium
2442 796 2621 859 enim
2681 793 3030 858 hominum

1997 892 2258 966 spectat
2308 881 2638 946 salutem:
2697 881 2876 964 quod
2931 883 3033 945 in-

1833 971 2042 1035 fantia
2061 971 2442 1034 mediatoris
2464 971 2570 1034 die
2593 980 2662 1035 et
2683 969 3030 1033 hominum

1828 1061 1972 1142 jam
2004 1061 2310 1123 universo
2339 1059 2800 1128 declarabatur
2839 1079 3029 1121 mun·

1835 1149 1953 1212 do:
1985 1168 2139 1210 cum
2173 1147 2391 1212 adhuc
2421 1147 2671 1228 exiguo
2702 1147 3030 1209 detinere-

1836 1244 1945 1299 tur
2005 1235 2344 1319 oppidulo.
2465 1235 2792 1318 Quamvis
2851 1235 3031 1298 enim

1837 1323 2260 1388 israeliticam
2321 1332 2636 1406 gentem:
2705 1333 2774 1386 et
2827 1323 3034 1405 ipsius

1837 1413 2056 1495 gentis
2081 1432 2282 1475 unam
2304 1410 2624 1475 familiam
2645 1411 3033 1492 delegisset:

1836 1501 1924 1563 de
1984 1519 2118 1582 qua
2176 1509 2482 1562 naturam
2536 1499 2838 1562 universe
2911 1498 3032 1562 hu-

1840 1588 2178 1652 manitatis
2211 1596 2616 1651 assumeret:
2673 1586 2885 1651 noluit
2915 1607 3033 1651 au-

1838 1675 2014 1740 tem¹
2093 1677 2265 1740 intra
2349 1685 2647 1740 materne
2717 1675 3032 1739 habitati-

1837 1765 1984 1828 onis
2047 1765 2391 1846 angustias
2439 1773 2626 1827 ortus
2678 1765 2780 1826 sui
2825 1763 3033 1828 latere

1839 1853 2238 1934 primordia:
2269 1853 2387 1916 sed
2423 1872 2585 1914 mox
2607 1852 2694 1915 ab
2724 1853 3034 1915 omnibus

1837 1941 2050 2005 voluit
2102 1940 2372 2023 agnosci
2425 1941 2541 2022 qui
2587 1941 2903 2022 dignatus
2933 1948 3036 2004 est

1839 2050 1961 2113 pro
2001 2030 2312 2092 omnibus
2365 2029 2564 2092 nasci.
2653 2029 2770 2093 Re.
2816 2029 3034 2093 Inter-

1838 2117 2118 2200 rogabat
2193 2135 2426 2198 magos
2483 2116 2766 2180 herodes
2824 2117 2986 2199 quid
3011 2117 3037 2154 ²

1838 2206 2104 2288 signum
2179 2205 2436 2269 vidistis
2527 2224 2726 2287 super
2797 2215 3033 2269 natum

1842 2315 2110 2377 regem:
2187 2293 2452 2357 stellam
2516 2313 2832 2375 magnam
2907 2293 3031 2358 ful-

1839 2392 2108 2465 gentem
2142 2381 2327 2465 cujus
2357 2381 2673 2464 splendor
2702 2380 3034 2445 illuminat

1842 2472 2186 2534 mundum.
2279 2469 2370 2532 Et
2423 2488 2546 2532 nos
2598 2471 3034 2554 cognovimus

1841 2567 1910 2623 et
1968 2560 2271 2623 venimus
2331 2559 2608 2622 adorare
2666 2560 3034 2624 dominum.

1841 2645 1894 2721 Ῠ
1939 2648 2246 2711 Vidimus
2293 2648 2472 2711 enim
2496 2647 2759 2712 stellam
2791 2648 2935 2730 ejus
2966 2649 3034 2711 in

1843 2737 2116 2800 oriente.
2209 2736 2318 2799 Et.
2699 2736 2918 2800 Lectio
2949 2737 3036 2819 ψ’.

1861 2824 2180 2957 pibus
2212 2824 2415 2906 igitur
2435 2822 2650 2907 magis
2674 2825 2740 2888 in
2767 2825 3036 2905 regione

2000 2912 2270 2976 orientis
2303 2912 2496 2977 stella
2527 2933 2697 2976 nove
2717 2912 3036 2979 claritatis

1841 3002 2188 3082 apparuit:
2235 3021 2368 3083 que
2427 3000 2742 3066 illustrior
2798 3003 3035 3065 ceteris

1840 3089 2259 3171 pulcriorque
2302 3088 2695 3171 syderibus:
2743 3089 2933 3153 facile
2964 3091 3034 3153 in

1839 3197 1911 3240 se
1941 3176 2341 3240 intuentium
2374 3177 2599 3241 oculos
2645 3178 3036 3260 animosque

1837 3273 2253 3330 converteret
2281 3286 2295 3329 :
2329 3274 2403 3329 ut
2423 3266 2775 3330 confestim
2801 3268 3032 3330 adver-

1839 3362 2090 3417 teretur
2137 3372 2270 3415 non
2314 3373 2459 3417 esse
2507 3354 2804 3420 ociosum
2850 3354 3032 3437 quod

1838 3450 1979 3505 tam
2012 3443 2350 3506 insolitum
2381 3443 2748 3507 videbatur.
2826 3443 3037 3507 Dedit

1837 3550 1996 3613 ergo
2071 3530 2545 3612 aspicientibus
2619 3530 3030 3595 intellectum

1837 3619 1949 3700 qui
1972 3619 2261 3701 prestitit
2285 3618 2550 3701 signum
2575 3640 2589 3683 :
2637 3627 2705 3682 et
2729 3619 2910 3701 quod
2934 3619 3034 3684 fe-

1837 3707 1926 3770 cit
1971 3707 2248 3789 intelligi
2299 3706 2453 3771 fecit
2505 3708 2789 3789 inquiri:
2835 3718 2905 3771 et
2957 3729 3031 3772 se

1834 3794 2305 3858 inveniendum
2338 3796 2584 3877 optulit
2603 3796 2628 3834 ³
2657 3797 3028 3877 requisitus

1832 3883 1946 3946 Re.
1995 3882 2208 3949 Stella
2257 3903 2458 3965 quam
2509 3884 2814 3947 viderant
2847 3885 3028 3967 magi

1833 3971 1900 4033 in
1933 3972 2186 4035 oriente
2213 3972 2652 4035 antecedebat
2677 3992 2792 4035 eos
2814 3973 3029 4037 donec

1830 4060 2086 4122 veniret
2137 4060 2222 4123 ad
2274 4059 2494 4123 locum
2529 4061 2642 4123 ubi
2675 4082 2840 4143 puer
2869 4069 3028 4125 erat.

1830 4146 2157 4211 Videntes
2189 4156 2415 4212 autem
2447 4170 2596 4211 eam
2629 4150 2839 4231 gavisi
2873 4158 3030 4213 sunt

1829 4236 2077 4317 gaudio
2123 4257 2387 4318 magno,
2479 4224 2530 4300 Ϋ
2579 4236 2671 4300 Et
2703 4238 3029 4302 intrantes

522 4310 659 4377 lam
690 4314 979 4377 vidimus
1015 4324 1083 4379 et
1113 4316 1416 4383 venimus
1447 4321 1727 4387 adorare
1827 4324 2104 4389 domum
2139 4326 2532 4390 invenerunt
2561 4346 2841 4409 puerum
2873 4346 3028 4391 cum

655 4486 670 4517 ¹
704 4502 798 4551 pro
829 4491 843 4516 ‘
854 4492 1023 4538 autem
1046 4487 1059 4511 ’
1085 4495 1273 4539 tamen:
1310 4490 1443 4541 E.G.

1651 4496 1674 4529 ⁸
1707 4495 1842 4560 quod
1869 4514 1882 4547 :
1915 4496 2050 4548 E.G.

2281 4500 2300 4530 ⁸
2333 4499 2515 4551 obtulit
2543 4517 2555 4551 ε
2593 4501 2818 4552 E.G.W.
