3375 5100
1434 284 1591 341 DIE
1636 284 2058 343 DOMINICA

1031 396 1157 449 741

498 512 569 569 et
590 520 803 586 usque
832 499 918 565 ad
950 510 1215 565 noctem
1240 500 1704 584 increpuerunt

502 612 611 656 me
642 611 832 655 renes
862 592 1009 654 mei,
1098 588 1551 653 Providebam
1582 588 1704 653 do·

505 682 757 744 minum
810 679 877 742 in
917 686 1277 761 conspectu
1326 696 1479 742 meo
1530 696 1704 741 sem-

502 790 657 852 per:
704 767 1020 851 quoniam
1052 786 1095 830 a
1120 767 1379 830 dextris
1409 777 1511 830 est
1542 764 1706 830 mihi

506 878 593 922 ne
623 876 1067 923 commovear.
1135 856 1427 938 Propter
1454 854 1581 919 hoc
1612 855 1708 918 le-

504 955 725 1010 tatum
756 953 857 1009 est
888 964 1001 1007 cor
1032 962 1256 1007 meum
1284 964 1301 1007 :
1347 952 1417 1007 et
1446 942 1708 1007 exulta-

506 1036 604 1099 vit
650 1033 877 1115 lingua
922 1052 1114 1095 mea:
1159 1032 1429 1115 insuper
1456 1040 1525 1095 et
1556 1050 1710 1095 caro

510 1142 661 1187 mea
692 1122 1055 1205 requiescet
1086 1121 1155 1184 in
1186 1140 1322 1203 spe.
1375 1119 1708 1199 Quoniam

509 1231 643 1275 non
688 1210 1105 1291 derelinques
1148 1208 1441 1273 animam
1488 1227 1708 1271 meam

508 1300 577 1363 in
628 1296 933 1363 inferno:
996 1316 1119 1361 nec
1166 1296 1359 1361 dabis
1405 1306 1711 1361 sanctum

506 1398 701 1453 tuum
731 1386 955 1450 videre
982 1386 1488 1468 corruptionem.
1563 1386 1712 1449 No-

510 1485 616 1540 tas
662 1474 823 1538 mihi
868 1474 1079 1538 fecisti
1108 1474 1251 1537 vias
1278 1475 1457 1538 vite:
1504 1473 1714 1538 adim-

510 1563 727 1648 plebis
758 1583 865 1627 me
896 1562 1115 1627 leticia
1155 1582 1307 1625 cum
1336 1562 1523 1625 vultu
1555 1572 1713 1627 tuo:

514 1652 991 1735 delectationes
1040 1651 1107 1714 in
1138 1649 1419 1715 dextera
1450 1661 1567 1715 tua
1608 1670 1714 1713 us-

514 1762 645 1825 que
706 1742 773 1804 in
822 1739 1064 1805 finem.¹
1139 1739 1276 1803 Aa.
1368 1738 1716 1803 Bethleem

515 1850 650 1895 non
710 1850 781 1893 es
843 1828 1121 1891 minima
1178 1828 1246 1891 in
1306 1827 1718 1911 principibus

508 1920 719 2003 juda:
780 1938 871 1981 ex
930 1927 1000 1981 te
1058 1916 1237 1980 enim
1296 1917 1480 1981 exiet
1531 1916 1717 1979 dux:

516 2008 631 2091 qui
663 2015 851 2089 regat
880 2003 1201 2089 populum
1233 2023 1459 2068 meum
1490 2003 1718 2069 israel:

518 2098 659 2178 ipse
692 2095 867 2159 enim
892 2093 1150 2158 salvum
1174 2092 1371 2157 faciet
1394 2093 1718 2175 populum

516 2204 712 2249 suum
772 2204 815 2247 a
872 2182 1163 2264 peccatis
1209 2182 1483 2245 eorum.²
1584 2180 1720 2245 Αῆ.

520 2274 857 2337 Bonorum
908 2290 1205 2335 meorum
1242 2289 1377 2334 non
1424 2269 1722 2352 indiges:

522 2363 589 2426 in
637 2370 706 2425 te
766 2359 1021 2443 speravi
1082 2378 1398 2423 conserva
1446 2378 1553 2423 me
1601 2360 1722 2423 do-

524 2448 747 2514 mine.⁸
804 2449 867 2511 A
878 2457 939 2511 ἢ.
992 2448 1246 2511 Nature
1275 2448 1535 2529 genitor
1564 2466 1722 2510 con—

523 2559 714 2604 serva
758 2546 973 2602 morte
1019 2537 1437 2619 redemptos:
1484 2534 1724 2620 facque

524 2639 643 2692 tuo
675 2627 912 2708 dignos
942 2627 1209 2690 servitio
1240 2625 1541 2690 famulos,

525 2715 884 2850 Exaudi
905 2715 1175 2778 domine
1188 2713 1326 2796 jus·
1342 2712 1725 2797 [Psalmus.⁴

678 2804 901 2867 ticiam
958 2823 1218 2866 meam:
1286 2803 1559 2867 intende
1605 2803 1725 2865 de-

528 2893 979 2976 precationem
1070 2911 1309 2956 meam.
1428 2891 1729 2954 Auribus

529 2981 793 3066 percipe
846 2979 1213 3044 orationem
1265 2999 1529 3044 meam:
1593 2999 1728 3042 non

531 3073 600 3134 in
643 3069 835 3132 labiis
882 3067 1147 3133 dolosis,
1236 3068 1348 3132 De
1391 3068 1579 3132 vultu
1610 3077 1730 3132 tuo

528 3158 853 3241 judicium
905 3177 1127 3220 meum
1175 3157 1493 3239 prodeat:
1556 3155 1730 3220 oculi

535 3248 631 3312 tui
664 3247 935 3310 videant
956 3245 1367 3328 equitatem!⁵
1419 3244 1734 3309 Probasti

536 3357 650 3403 cor
680 3354 902 3398 meum
934 3343 1002 3398 et
1024 3333 1303 3398 visitasti
1323 3343 1549 3398 nocte:
1582 3334 1736 3416 igne

540 3445 648 3488 me
697 3422 1135 3488 examinasti:
1189 3431 1258 3486 et
1300 3442 1433 3486 non
1482 3431 1584 3486 est
1637 3423 1736 3486 in-

537 3523 739 3578 venta
781 3513 847 3576 in
896 3531 1003 3575 me
1047 3512 1377 3593 iniquitas,
1479 3511 1571 3576 Ut
1602 3531 1738 3575 non

540 3602 852 3684 loquatur
890 3621 966 3664 os
1015 3620 1237 3663 meum
1279 3618 1482 3682 opera
1527 3600 1740 3663 homi-

543 3712 703 3755 num
741 3713 755 3754 ε
825 3698 1095 3772 propter
1152 3688 1353 3752 verba
1412 3687 1739 3752 labiorum

544 3790 809 3844 tuorum
840 3799 969 3860 ego
999 3778 1323 3842 custodivi
1354 3776 1495 3840 vias
1524 3777 1740 3844 duras·

646 3939 662 3969 ¹
703 3943 717 3966 ‘
742 3938 790 3987 G
794 3937 920 3986 loria
958 3936 1110 4002 patri:
1145 3936 1432 3987 Dominicis
1466 3935 1631 3986 diebus
1652 3945 1753 4002 per

545 4005 812 4054 adventum
836 4021 987 4068 usque
1008 4004 1079 4052 ad
1095 4002 1401 4053 nativitatem
1424 4003 1627 4054 domini.
1679 4006 1748 4054 In

546 4072 611 4135 ij*-
634 4069 899 4121 noctumo’
924 4069 1054 4120 add:
1088 4070 1156 4119 E.
1170 4069 1227 4120 G.

649 4139 670 4167 ²
708 4136 910 4186 ‘Diebus
929 4136 1195 4186 dominicis
1214 4136 1458 4186 aboctava
1478 4137 1750 4202 spyphanie

548 4219 697 4268 mque
718 4203 788 4251 ad
801 4203 1243 4268 quadragm'mam.
1314 4203 1385 4252 In
1418 4203 1471 4269 ᾔ.
1512 4211 1752 4254 nocturno

550 4269 657 4320 aa!
679 4287 697 4319 .·
720 4269 826 4317 add
842 4269 909 4317 Ε.
923 4268 979 4318 G.

649 4337 669 4366 ⁸
709 4339 722 4362 ⁸
738 4334 1018 4385 Dominicis
1047 4334 1211 4384 debus
1238 4335 1302 4397 [“
1305 4343 1403 4400 per
1431 4336 1748 4401 quadragesi-

552 4418 686 4451 mam
709 4409 755 4450 et
770 4401 797 4425 ”
815 4401 945 4451 add:
971 4400 1060 4466 G.]
1074 4401 1138 4450 ab
1153 4407 1321 4450 octava
1338 4402 1585 4451 trinitatis
1602 4419 1753 4468 usque

548 4470 620 4518 ad
630 4469 895 4517 adventum
916 4467 1116 4517 domini
1137 4468 1200 4529 [⁸⁸
1212 4475 1259 4516 et
1271 4468 1698 4532 quadragesimam
1716 4469 1746 4494 '’

546 4537 683 4585 add:
708 4533 823 4599 Ε..]
849 4535 916 4582 In
940 4535 991 4598 ᾔ.
1018 4532 1284 4582 nocturno'
1310 4535 1442 4584 add:
1468 4536 1533 4584 E.
1550 4536 1606 4584 G.

2323 395 2478 451 742

1805 498 2066 567 Perfice
2109 520 2374 582 gressus
2419 521 2606 565 meos
2652 500 2718 564 in
2757 500 3042 565 semitis

1807 592 1976 655 tuis:
2023 600 2098 654 ut
2129 610 2260 654 non
2307 598 2701 654 moveantur
2729 590 3046 671 vestigia

1811 698 1976 743 mea.
2041 680 2200 761 Ego
2229 678 2508 743 clamavi
2541 679 2866 761 quoniam
2901 699 3044 740 ex-

1809 768 2053 833 audisti
2099 787 2208 831 me
2247 768 2452 833 deus:
2501 766 2742 830 inclina
2784 786 3040 830 aurem

1810 866 1998 921 tuam
2076 856 2236 919 mihi
2271 877 2288 919 :
2363 864 2432 919 et
2501 856 2748 919 exaudi
2809 856 3042 919 verba

1813 964 1980 1009 mea.
2025 944 2118 1009 M
2125 944 2328 1007 irifica
2359 944 2840 1008 misericordias
2867 954 3038 1007 tuas

1812 1034 1926 1116 qui
1971 1033 2193 1097 salvos
2237 1033 2398 1096 facis
2440 1041 2781 1115 sperantes
2829 1034 2902 1095 in
2935 1040 3036 1097 te.

1809 1122 1872 1185 A
1903 1122 2354 1185 resistentibus
2377 1122 2655 1185 dextere
2673 1130 2820 1184 tue:
2867 1140 3038 1183 cus-

1811 1210 1958 1275 todi
1991 1230 2098 1273 me
2129 1218 2203 1273 ut
2233 1208 2556 1293 pupillam
2601 1210 2792 1274 oculi.
2865 1209 3036 1273 Sub

1817 1298 2053 1363 umbra
2111 1297 2362 1362 alarum
2422 1306 2689 1362 tuarum
2739 1306 3040 1380 protege

1818 1407 1966 1451 me:
2029 1408 2072 1451 a
2122 1386 2288 1451 facie
2335 1388 2691 1469 impiorum
2739 1386 2854 1468 qui
2915 1407 3038 1451 me

1819 1476 2214 1540 afflixerunt.
2262 1474 2528 1538 Inimici
2559 1476 2693 1538 mei
2721 1476 3034 1539 animam

1820 1584 2038 1629 meam
2101 1564 2688 1628 circundederunt:
2748 1562 3034 1645 adipem

1818 1673 2013 1717 suum
2072 1652 2576 1717 concluserunt:
2653 1672 2732 1715 os
2789 1672 3034 1715 eorum

1819 1740 2114 1805 locutum
2163 1750 2267 1805 est
2314 1741 2711 1823 superbiam.
2800 1741 3040 1821 Proji-

1815 1830 2068 1894 cientes
2099 1848 2208 1892 me
2251 1850 2426 1893 nunc
2468 1828 3038 1893 circundederunt

1821 1938 1968 1983 me:
2015 1916 2242 1981 oculos
2291 1938 2448 1981 suos
2491 1926 2867 1981 statuerunt
2911 1918 3038 1981 de·—

1821 2008 2067 2071 clinare
2113 2008 2180 2070 in
2211 2015 2472 2070 terram.
2566 2007 3038 2088 susceperunt

1823 2116 1934 2159 me
1963 2096 2133 2159 sicut
2165 2094 2270 2160 leo
2301 2104 2572 2177 paratus
2595 2094 2680 2157 ad
2714 2095 3036 2177 predam:

1823 2194 1892 2248 et
1939 2184 2110 2248 sicut
2155 2182 2416 2247 catulus
2459 2182 2666 2247 leonis
2715 2182 3040 2247 habitans

1825 2272 1894 2336 in
1926 2272 2188 2337 abditis.
2262 2272 2548 2354 Exurge
2577 2271 2850 2335 domine
2879 2292 3041 2353 pre-

1823 2361 1976 2425 veni
2036 2380 2232 2425 eum:
2290 2370 2360 2424 et
2407 2360 2766 2444 supplanta
2817 2381 2980 2423 eum
3019 2381 3036 2424 :

1825 2450 2006 2532 eripe
2037 2450 2328 2513 animam
2359 2468 2580 2512 meam
2613 2450 2699 2513 ab
2730 2449 2941 2531 impio
2963 2447 2992 2486 ⁶
3019 2470 3037 2515 :

1826 2539 2146 2604 frameam
2185 2546 2372 2602 tuam
2421 2537 2511 2602 ab
2558 2537 2840 2601 inimicis
2884 2557 3040 2602 ma-

1827 2647 1952 2691 nus
2003 2637 2137 2690 tue.
2228 2626 2524 2690 Domine
2575 2648 2618 2690 a
2665 2627 2895 2709 paucis
2945 2628 3038 2691 de

1827 2726 2002 2781 terra
2033 2716 2256 2780 divide
2286 2735 2401 2779 eos
2445 2716 2514 2778 in
2545 2716 2681 2780 vita
2703 2713 2728 2754 ⁷
2759 2735 2992 2778 eorum
3018 2737 3037 2780 :

1830 2806 1917 2869 de
1965 2804 2374 2868 absconditis
2434 2805 2566 2868 tuis
2626 2803 3036 2886 adimpletus

1829 2903 1931 2958 est
1961 2903 2192 2957 venter
2219 2911 2464 2956 eorum.
2544 2892 2843 2956 Saturati
2875 2901 3039 2956 sunt

1833 2981 2022 3046 filiis:
2091 2991 2161 3046 et
2227 2981 2670 3045 dimiserunt⁸
2721 2981 3037 3064 reliquias

1833 3091 1986 3134 suas
2026 3069 2317 3152 parvulis
2361 3069 2512 3134 suis,
2601 3070 2763 3152 Ego
2807 3079 3036 3133 autem

1835 3160 1904 3223 in
1923 3156 2189 3240 justicia
2213 3159 2551 3241 apparebo
2581 3159 2650 3221 in
2675 3168 3036 3240 conspectu

1835 3256 2004 3311 tuo:
2079 3247 2372 3311 satiabor
2443 3267 2596 3311 cum
2656 3247 3040 3329 apparuerit

1838 3336 2047 3419 gloria
2077 3334 2238 3400 tua.⁹
2280 3336 2414 3399 Αίῐ.
2465 3335 2640 3399 Ecce
2663 3337 2851 3417 virgo
2880 3353 3042 3398 con·

1837 3425 2038 3507 cipiet
2067 3433 2137 3488 et
2167 3425 2377 3507 pariet
2421 3422 2630 3488 filium
2675 3432 2744 3487 et
2771 3423 3040 3486 vocabi-

1839 3523 1947 3578 tur
1989 3532 2232 3577 nomen
2279 3513 2422 3595 ejus
2468 3510 2845 3576 emanuel.¹⁰
2903 3512 3039 3577 Αῆ.

1845 3601 2100 3666 Inclina
2129 3602 2399 3666 domine
2439 3621 2668 3665 aurem
2699 3611 2886 3665 tuam
2919 3601 3040 3663 mi-

1842 3691 1912 3755 hi
1963 3700 2032 3754 et
2085 3691 2333 3754 exaudi
2376 3690 2580 3754 verba
2628 3688 2842 3754 mea.¹¹
2905 3689 3038 3754 Aa.

1846 3779 2120 3843 Pectora
2165 3787 2392 3843 nostra
2443 3779 2566 3843 tibi
2618 3788 2692 3843 tu
2737 3779 3044 3842 conditor

1950 3944 1969 3972 ⁴
1991 3946 2070 4005 pf.
2106 3939 2200 3989 16:
2233 3939 2372 3990 AG.
2435 3940 2540 4004 xvj.
2567 3956 2586 3990 .·
2608 3939 2661 3989 S.

1950 4011 1970 4039 ⁵
2002 4005 2282 4072 equitata:
2317 4006 2451 4057 E.G.
2557 4009 2579 4036 ⁶
2609 4005 2914 4070 impiorum:
2948 4005 3004 4056 S.

1951 4076 1971 4104 2
2001 4073 2121 4122 via:
2157 4071 2295 4123 W.S.
2557 4075 2578 4103 ⁸
2609 4072 2881 4122 diviserunt
2909 4089 2938 4138 ι,
2957 4071 3039 4122 W.

1949 4142 1970 4171 ⁸
2009 4138 2212 4189 ‘Gloria
2255 4137 2399 4204 patri.
2484 4138 2584 4188 Per
2619 4138 2918 4188 adommm’
2949 4138 3050 4187 αάί

1857 4207 1918 4257 E·
1932 4206 1990 4304 ς’·
2011 4273 2144 4321 ‘Post
2155 4277 2373 4320 octavam
2391 4269 2474 4348 [ab
2484 4277 2672 4362 ocem:
2691 4271 3050 4336 G.]epypham‘e

1851 4355 2003 4438 ωφῑιῑε
2019 4339 2153 4454 51leoe
2168 4337 2910 4468 estggguxzaeadssgginffig..
2931 4403 3049 4466 [Per

1847 4473 1918 4521 xl.
1947 4479 1993 4521 et
2011 4477 2204 4521 estatem
2219 4486 2237 4520 .·
2266 4471 2352 4532 G.]
2383 4471 2512 4521 add.-
2537 4471 2604 4520 E.
2619 4471 2674 4519 G.
