3375 5100
779 346 1002 405 SANC
1003 346 1058 403 T
1050 347 1095 402 J
1131 346 1574 403 STEPHANI
1613 298 2401 446 ΡΗΟΤῇΟᾉίᾼ-Κξᾘῇζᾶ.
2424 362 2588 443 3:31·-
2658 363 2678 408 :

874 456 999 511 101

349 562 675 697 Sancte
739 562 842 625 dei
911 562 1207 645 preciose
1269 561 1540 645 protho-

475 662 728 732 martyr
773 650 1098 733 stephane
1139 651 1251 732 qui
1297 651 1541 715 virtute

347 738 690 803 charitatis
742 738 1193 803 circumfultus
1247 739 1539 821 undique

349 828 696 891 dominum
750 847 872 910 pro
923 828 1188 890 inimico
1246 828 1537 892 exorasti

350 916 617 999 populo,
705 917 944 981 Funde
991 936 1215 998 preces
1255 936 1374 998 pro
1421 916 1536 981 de·

349 1014 513 1068 voto
553 1004 674 1068 tibi
724 1025 897 1070 nunc
944 1004 1262 1086 collegio:
1315 1013 1390 1067 ut
1419 1014 1537 1067 tuo

351 1093 759 1176 propiciatus
857 1094 1226 1157 interventu
1324 1092 1536 1157 domi-

351 1202 479 1243 nus
549 1202 675 1245 nos
749 1191 1066 1265 purgatos
1133 1202 1174 1245 a
1246 1182 1536 1264 peccatis

343 1270 590 1352 jungat
631 1271 750 1333 celi
798 1271 1062 1335 civibus,
1152 1270 1253 1333 Et
1298 1290 1538 1333 corone

349 1379 488 1439 qua
537 1358 801 1422 nitescis
847 1358 1062 1421 almus
1109 1357 1277 1421 sacri
1327 1360 1536 1421 nomi-

351 1448 455 1509 nis
498 1467 617 1509 nos
657 1446 770 1529 qui
801 1447 924 1511 tibi
970 1446 1398 1510 famulamur¹
1432 1446 1535 1511 sac

349 1546 690 1599 consortes
721 1534 899 1598 fieri:
947 1544 1014 1597 et
1045 1544 1354 1617 expertes
1395 1536 1536 1599 dire

351 1625 584 1686 mortis
617 1624 684 1686 in
715 1624 825 1688 die
861 1623 1106 1705 judicii,
1201 1621 1425 1687 Gloria
1467 1632 1534 1686 et

347 1712 562 1775 honor
620 1713 749 1775 deo
813 1732 1159 1795 usquequo
1213 1712 1534 1775 altissimo

349 1820 483 1863 una
517 1801 686 1882 patri
735 1800 1002 1883 filioque
1049 1799 1298 1881 inclyto
1343 1821 1534 1883 para-

345 1887 507 1951 clito
537 1890 640 1952 cui
681 1888 824 1952 laus
856 1898 956 1952 est
993 1898 1062 1953 et
1093 1898 1386 1971 potestas
1417 1908 1536 1971 per

346 1987 573 2040 eterna
601 1978 837 2041 secula.
905 1976 1148 2041 Amen,
1223 1995 1270 2062 γ
1305 1978 1534 2059 Justus

345 2074 422 2127 ut
453 2065 692 2147 palma,
780 2065 866 2128 In
895 2086 1147 2147 evange,
1191 2074 1296 2128 aii,
1333 2066 1530 2149 Impii

344 2172 544 2234 super
566 2154 821 2236 justum
849 2154 1173 2235 jacturam
1207 2154 1531 2219 fecerunt:

345 2250 422 2304 ut
452 2262 604 2305 eum
655 2242 850 2305 morti
899 2243 1276 2307 traderent:
1323 2241 1531 2306 atille

342 2330 640 2410 gaudens
738 2332 1026 2413 suscepit
1113 2330 1368 2413 lapides
1457 2340 1530 2395 ut

344 2428 702 2483 mereretur
729 2420 1024 2501 accipere
1048 2438 1358 2483 coronam
1387 2416 1530 2501 glo-

341 2507 453 2571 rie.
522 2506 688 2572 all'a,
747 2516 848 2591 ps'.
897 2508 1308 2573 Benedictus,
1361 2506 1528 2574 Ora-

341 2595 448 2658 tio,
545 2597 653 2660 Da
683 2596 874 2660 nobis
915 2617 1290 2680 quesumus,
1378 2595 1527 2660 Me-

339 2684 552 2746 moria
611 2685 690 2748 de
735 2685 1080 2749 nativitate
1123 2705 1228 2748 an,
1318 2685 1527 2768 Virgo

339 2773 544 2836 verbo
619 2775 938 2857 concepit.
1030 2791 1074 2859 γ
1129 2773 1527 2838 Benedictus

339 2861 452 2942 qui
478 2861 676 2924 venit,
729 2861 972 2926 Oratio,
1039 2861 1347 2928 Concede
1367 2883 1526 2945 que-

337 2970 565 3012 sumus
596 2951 1019 3032 omnipotens
1050 2951 1230 3014 deus,

411 3039 474 3101 A
483 3038 535 3100 d
526 3038 1134 3120 primaszymnus,
1160 3038 1524 3119 Agnoscat.

335 3125 471 3188 Αῆ.
523 3127 1033 3209 Lapidaverunt,
1108 3136 1208 3209 ps,
1244 3126 1426 3190 Deus
1457 3128 1524 3190 in

338 3215 624 3278 nomine,
711 3223 814 3280 αῆ.
865 3214 1143 3280 Gratias,
1213 3225 1314 3298 ps.
1363 3215 1525 3297 Qui·

337 3322 600 3384 cunque
630 3304 786 3367 vult.
877 3303 1000 3366 Ad
1041 3303 1297 3366 tertiam
1342 3302 1522 3384 hym-

339 3412 481 3454 nus.
603 3391 817 3456 Maria
875 3401 1118 3455 ventre.
1237 3401 1342 3455 ari,
1395 3391 1522 3456 La-

339 3479 546 3562 pides,
622 3490 721 3563 ps’,
773 3481 1024 3562 Legem
1064 3499 1254 3562 pone.
1338 3477 1522 3562 Capi-

339 3569 548 3630 tulum
585 3567 982 3652 Stephanus,
1057 3569 1166 3632 Re.
1203 3568 1428 3632 Gloria
1459 3578 1526 3632 et

337 3655 587 3719 honore
617 3679 758 3721 cum
790 3658 1068 3721 alleluia,
1147 3673 1192 3742 y
1227 3657 1523 3720 Posuisti.

343 3743 590 3809 Oratio,
649 3746 756 3809 Da
781 3747 970 3810 nobis
989 3765 1362 3828 quesumus,
1409 3745 1536 3808 Ad

336 3843 584 3896 sextam
601 3833 878 3913 hymnus
905 3835 1203 3917 Presepe.
1240 3843 1347 3897 ari,
1378 3834 1524 3897 Ad-

336 3920 525 3987 hesit.
602 3933 706 4004 ps,
759 3922 1036 3987 Defecit.
1135 3921 1520 4004 Capitulum.

351 4011 586 4142 Cum
641 4020 864 4074 autem
927 4020 1103 4076 esset
1161 4010 1526 4092 stephanus

457 4098 690 4179 plenus
750 4101 982 4182 spiritu
1055 4108 1285 4163 sancto
1360 4100 1526 4163 vidit

333 4185 614 4267 gloriam
665 4188 772 4250 dei
825 4197 892 4251 et
941 4189 1072 4252 ait:
1119 4209 1272 4250 ecce
1331 4188 1526 4252 video

334 4274 515 4338 celos
547 4286 813 4358 apertos
858 4287 925 4340 et
972 4278 1201 4360 Jesum
1234 4285 1524 4340 stantem

333 4383 378 4426 a
409 4365 664 4428 dextris
711 4366 972 4429 virtutis
1022 4366 1149 4430 dei,
1239 4365 1351 4429 Re.
1404 4366 1526 4429 Po-

577 4519 588 4548 ¹
627 4514 957 4565 famulemur:
993 4517 1142 4566 E.w,

573 4585 594 4614 ²
625 4582 919 4632 solennitate
946 4600 957 4632 :
991 4583 1072 4633 W.

1984 431 2394 511 -ζῑμτόὲω
2427 460 2445 473 .
2492 429 2549 476 ,ε
2587 437 2631 467 ··
2660 418 2783 470 :.···

1642 562 1845 626 suisti,
1876 561 2313 627 cumalleluia,
2354 582 2401 649 γ
2426 562 2677 646 Magna
2707 574 2827 630 est,

1645 650 1893 715 Oratio,
1942 652 2049 715 Da
2074 653 2263 715 nobis
2293 672 2665 733 quesumus,
2706 654 2834 717 Ad

1641 759 1879 803 nonam
1940 740 2232 819 hymnus,
2324 739 2549 803 Adam
2614 753 2823 807 vetus,

1639 828 2007 911 antiphona.
2056 829 2233 895 Ecce
2254 828 2461 893 video,
2494 838 2593 911 ps,
2622 830 2823 893 Mira-

1638 915 1814 980 bilia,
2434 916 2818 1000 Capitulum.

1637 1004 1975 1137 Positis
2022 1015 2244 1070 autem
2276 1005 2557 1087 genibus
2588 1006 2821 1071 beatus

1772 1094 2133 1176 stephanus
2248 1095 2558 1158 clamavit
2660 1116 2822 1159 voce

1638 1201 1885 1263 magna
1918 1182 2187 1246 dicens:
2234 1184 2505 1247 domine
2556 1203 2641 1247 ne
2688 1194 2823 1247 sta-

1635 1278 1787 1333 tuas
1819 1270 1946 1333 illis
1980 1270 2105 1334 hoc
2152 1281 2498 1354 peccatum
2550 1281 2617 1336 et
2666 1292 2820 1336 cum

1635 1357 1763 1421 hoc
1809 1360 2088 1423 dixisset
2140 1359 2539 1423 obdormivit
2587 1361 2654 1423 in
2704 1361 2819 1423 do-

1635 1446 1833 1511 mino,
1924 1448 2037 1511 Re.
2074 1446 2321 1531 Magna
2362 1458 2463 1511 est
2492 1470 2634 1511 cum
2664 1448 2820 1515 alle-

1635 1533 1789 1599 luia,
1834 1553 1883 1621 γ
1916 1536 2144 1617 Justus
2176 1546 2249 1601 ut
2280 1537 2517 1618 palma.
2570 1536 2817 1603 Oratio,

1636 1624 1747 1689 Da
1778 1625 1985 1689 nobis,

1721 1712 1848 1775 Ad
1868 1724 2159 1793 vesperas
2190 1721 2295 1777 ari.
2342 1712 2594 1779 Tecum
2642 1714 2817 1797 prin-

1633 1800 1896 1883 cipium.
1972 1811 2073 1883 pf.
2122 1801 2321 1864 Dixit
2364 1802 2672 1867 dominus
2712 1814 2815 1867 etc,

1639 1886 1787 1971 Cap.
1872 1889 2251 1969 Stephanus
2332 1890 2581 1972 plenus,
2700 1892 2813 1955 Re,

1636 1976 2047 2041 Sanctissimi
2069 1979 2373 2059 martyris
2392 1978 2697 2061 stephani
2711 2000 2817 2042 so-

1631 2064 2049 2129 lennitatem²
2061 2065 2420 2129 recolentes
2452 2076 2519 2129 te
2553 2066 2812 2131 Christe

1632 2154 2079 2236 deprecamur,
2193 2154 2291 2217 Ut
2358 2174 2479 2216 nos
2554 2175 2817 2237 semper

1632 2242 2097 2306 intercessione
2180 2241 2352 2304 illius
2428 2261 2813 2309 conservare

1631 2331 1936 2411 digneris,
2029 2347 2074 2417 y
2121 2328 2274 2393 Tibi
2314 2330 2582 2412 junctus
2616 2332 2815 2413 igitur

1630 2439 1781 2483 cum
1835 2418 2170 2501 triumpho
2225 2419 2454 2481 mitem
2502 2428 2571 2481 te
2620 2420 2813 2483 nobis

1627 2508 1777 2590 pius
1806 2508 2133 2572 ostendat,
2227 2506 2325 2574 Ut
2356 2506 2596 2572 Gloria,
2678 2508 2813 2574 Ut³

1625 2617 1769 2660 cum
1786 2609 2002 2680 prosa,

1639 2687 2039 2818 Conserva
2062 2705 2260 2767 super
2280 2683 2449 2748 hanc
2475 2683 2812 2750 familiam,

1759 2791 1800 2859 γ
1827 2774 1952 2837 Pro
1965 2775 2204 2855 quibus
2230 2795 2347 2836 rex
2372 2793 2597 2856 regum
2626 2774 2811 2838 dedit

1627 2863 1899 2926 cantica.
1926 2863 2161 2950 yVoce
2175 2863 2482 2943 jocunda,
2504 2879 2549 2949 γ
2564 2861 2811 2945 Quem⁴

1626 2950 1939 3014 cherubin
1975 2950 2371 3014 collaudant,
2471 2967 2518 3037 y
2579 2948 2811 3032 Atque

1625 3048 1916 3104 ovantes,
1978 3056 2025 3123 γ
2056 3039 2273 3121 Quem
2297 3038 2602 3122 seraphin
2625 3039 2813 3102 exul-

1623 3135 1788 3190 tant,
1879 3144 1924 3213 γ
1958 3126 2095 3192 Ubi
2127 3147 2265 3209 pax
2287 3128 2705 3210 sempiterna,
2773 3145 2814 3214 γ

1626 3213 1929 3280 Charitas
1949 3225 2189 3280 eterna,
2222 3232 2267 3302 γ
2293 3213 2397 3280 Tu
2419 3237 2488 3278 es
2507 3217 2814 3280 omnibus

1620 3304 1865 3366 sanctis
1891 3325 2009 3386 per
2028 3303 2264 3368 secula,
2312 3321 2357 3388 y
2385 3303 2553 3369 Cum
2576 3304 2815 3386 quibus

1622 3392 1931 3473 splendet
1971 3392 2207 3456 lucida.
2298 3409 2343 3479 y
2392 3392 2811 3456 Prothomar-

1625 3489 1734 3562 tyr
1765 3501 2021 3545 corona.
2101 3497 2146 3566 γ
2179 3480 2560 3561 Stephanus
2591 3479 2806 3543 levita,

1627 3586 1672 3656 y
1725 3569 1860 3633 Ubi
1912 3590 2033 3631 nos
2093 3569 2493 3650 quandoque
2546 3589 2665 3630 sua
2712 3570 2809 3632 in-

1627 3658 1823 3740 clyta,
1916 3673 1961 3743 y
2008 3657 2191 3720 Voce
2236 3676 2620 3720 conservare
2665 3657 2809 3737 dig-

1627 3746 1815 3808 neris,
1936 3745 2260 3826 Hymnus,
2382 3743 2627 3808 Sancte
2702 3745 2809 3808 dei

1625 3835 1935 3916 preciose,
2069 3850 2114 3920 y
2164 3831 2388 3896 Gloria
2432 3841 2500 3896 et
2542 3831 2810 3898 honore,

1623 3923 1707 3985 In
1772 3941 2026 4002 evange,
2100 3943 2205 3984 an,
2264 3920 2596 3985 Patefacte
2656 3932 2813 3987 sunt

1618 4010 1823 4092 janue
1869 4010 1989 4074 celi
2036 4009 2277 4075 Christi
2309 4011 2580 4092 martyri
2613 4011 2813 4076 beato

1626 4098 1953 4182 stephano
2013 4098 2127 4180 qui
2188 4099 2253 4160 in
2316 4119 2590 4163 numero
2640 4120 2811 4163 mar-

1625 4197 1847 4270 tyrum
1902 4187 2206 4251 inventus
2258 4195 2359 4250 est
2406 4189 2697 4270 primus:
2744 4197 2813 4252 et

1627 4277 1778 4340 ideo
1797 4276 2160 4358 triumphat
2182 4277 2245 4338 in
2266 4275 2422 4338 celis
2445 4285 2811 4341 coronatus,

1626 4365 1789 4432 all’a,
1867 4373 1967 4448 ps,
2010 4363 2413 4446 Magnificat.
2509 4365 2655 4430 Of‘o,
2704 4362 2816 4430 Da

1860 4518 1881 4546 ¹
1920 4515 2207 4564 ‘Ut'om.:
2246 4513 2468 4565 E.G,w,

1862 4586 1881 4614 ⁴
1916 4583 2067 4645 Que:
2102 4580 2181 4628 W.
