3375 5100
1399 344 1787 400 SABBATO
1835 344 2182 399 PASCHE.
2270 341 2277 349 ”

1065 452 1220 508 428

542 566 868 624 recturum
924 559 1324 643 prediceret:
1388 560 1588 624 etiam
1639 559 1735 623 lo·

542 668 694 712 cum
753 647 866 711 ubi
923 659 967 710 a
1027 647 1363 732 discipulis
1409 649 1735 713 videndus

544 746 718 800 esset
778 737 1151 819 designavit
1208 738 1451 801 dicens
1549 737 1737 800 Post-

544 845 747 906 quam
780 844 1191 888 resurrexero
1235 825 1586 908 precedam
1615 845 1739 888 vos

545 914 611 976 in
633 912 958 994 galileam.
993 912 1250 977 Galilea
1268 913 1515 996 quippe
1528 923 1738 977 trans-

547 1001 855 1082 migratio
885 1000 1060 1064 facta
1090 1002 1570 1084 interpretatur.
1623 1001 1736 1065 Re.

545 1089 810 1153 Virtute
841 1108 1101 1170 magna.
1423 1089 1640 1154 Lectio
1669 1090 1740 1172 ᾔ.

545 1179 725 1312 Et
771 1185 928 1259 apte
975 1177 1282 1240 dominus
1329 1188 1483 1260 post
1528 1198 1739 1241 resur-

696 1265 1051 1328 rectionem
1083 1267 1150 1328 in
1180 1264 1420 1348 galilea
1448 1267 1741 1330 videtur:

549 1353 706 1435 quia
731 1351 870 1434 jam
893 1355 1473 1436 transmigraverat
1493 1355 1580 1418 de
1601 1375 1742 1418 cor-

551 1442 856 1524 ruptione
909 1442 993 1505 ad
1049 1442 1603 1525 incorruptionem
1657 1443 1742 1506 de

551 1527 968 1612 ignobilitate
1043 1530 1129 1593 ad
1204 1529 1484 1612 gloriam
1519 1531 1584 1595 ¹:
1659 1531 1745 1594 de

479 1692 484 1696 .
552 1617 956 1681 mortalitate
1009 1617 1092 1681 ad
1155 1617 1744 1683 immortalitatem.

555 1706 636 1768 In
691 1713 917 1768 monte
974 1725 1132 1788 ergo
1179 1707 1480 1790 discipuli
1533 1708 1748 1771 domi-

553 1812 714 1858 num
773 1793 1116 1858 viderunt:
1191 1796 1348 1878 quia
1423 1794 1515 1859 illi
1591 1816 1745 1860 eum

553 1881 956 1964 quandoque
1024 1883 1244 1947 videre
1325 1884 1751 1948 merebuntur

555 1971 624 2034 in
673 1970 1022 2034 altitudine
1069 1971 1359 2036 celorum
1407 1973 1520 2056 qui
1574 1993 1747 2038 nunc

553 2078 730 2122 vana
775 2059 1100 2123 desideria
1149 2060 1406 2125 calcant
1457 2071 1747 2125 terreno-

556 2167 720 2210 rum.
809 2147 925 2211 Re.
1002 2147 1292 2231 Surgens
1322 2149 1532 2230 Jesus,

555 2235 921 2368 Merito
951 2245 1174 2300 autem
1207 2247 1358 2319 post
1379 2235 1619 2320 [Lectio
1650 2236 1749 2319 iij.

740 2326 1280 2388 resurrectionem
1303 2325 1605 2408 discipuli
1630 2326 1749 2388 do-

558 2412 811 2474 minum
857 2413 1336 2478 adoraverunt:
1380 2415 1494 2497 qui
1547 2415 1749 2478 etiam

557 2519 709 2565 eum
742 2508 896 2564 ante
926 2502 1301 2584 passionem
1335 2501 1400 2565 in
1426 2501 1753 2567 miraculis

559 2588 759 2651 deum
806 2609 948 2652 esse
995 2600 1460 2673 cognoverunt.
1552 2591 1751 2674 Quod

557 2696 715 2739 vero
756 2677 1030 2741 dicitur:
1077 2679 1347 2760 quidam
1378 2688 1602 2743 autem
1632 2680 1754 2743 du-

560 2764 935 2828 bitaverunt
963 2787 977 2829 :
1025 2766 1184 2830 illud
1217 2776 1317 2830 est
1348 2767 1525 2850 quod
1558 2787 1754 2831 evan-

559 2852 797 2935 gelista
843 2852 951 2916 ait.
1044 2852 1220 2935 Quia
1255 2875 1406 2919 cum
1438 2855 1757 2920 vidissent

560 2941 906 3004 dominum
938 2939 1003 3004 in
1035 2942 1326 3007 conclavi
1359 2943 1757 3010 residenteS.

563 3029 1040 3092 existimabant
1071 3050 1141 3093 se
1186 3031 1486 3114 spiritum
1516 3033 1757 3098 videre.

563 3115 679 3179 Re.
748 3115 1048 3181 Surrexit
1095 3127 1320 3200 pastor
1348 3119 1576 3185 bonus.
1654 3130 1754 3203 ps.

565 3204 667 3267 Te
698 3204 897 3268 deum
929 3204 1291 3273 laudamus.
1368 3225 1416 3294 γ
1453 3208 1760 3275 Surrexit

564 3292 874 3357 dominus
920 3314 1088 3357 vere.
1178 3296 1262 3359 In
1321 3296 1628 3361 laudibus
1686 3307 1762 3361 ut

563 3391 778 3464 supra.
869 3382 953 3445 In
982 3404 1230 3465 evange.
1264 3394 1370 3449 aii.
1429 3386 1757 3451 Undecim

568 3470 870 3552 discipuli
947 3470 1011 3534 in
1088 3472 1397 3554 galileam
1457 3474 1760 3539 videntes

565 3559 910 3623 dominum
941 3559 1396 3625 adoraverunt.
1458 3562 1622 3626 all'a.
1653 3572 1757 3644 pff.

565 3646 982 3711 Benedictus
1515 3650 1757 3716 Gratia.

577 3736 1079 3869 Omnipotens
1122 3738 1520 3821 sempiterne
1554 3740 1761 3804 deus:

701 3824 813 3906 q-ui
845 3824 1152 3907 paschale
1182 3836 1666 3891 sacramentum
1694 3828 1760 3893 in

568 3912 1113 3977 reconciliationis
1177 3913 1465 3979 humane
1541 3916 1763 3980 federe

565 4000 902 4063 contulisti
977 4002 1066 4064 da
1127 4004 1457 4068 mentibus
1523 4006 1765 4069 nostris

568 4095 645 4150 ut
685 4090 862 4168 quod
910 4089 1313 4171 professione
1357 4092 1765 4157 celebramus

569 4176 906 4239 imitemur
948 4178 1234 4243 affectu.²
1305 4181 1430 4245 Ad
1455 4181 1650 4245 horas
1694 4191 1771 4244 ut

569 4273 781 4344 supra.
872 4266 999 4329 Ad
1048 4278 1335 4349 vesperas
1383 4278 1488 4333 aii.
1577 4269 1767 4334 Alle-

571 4352 720 4415 luia.
813 4351 934 4436 2'2'3'7‘.
1027 4364 1128 4436 pf.
1192 4356 1388 4423 Dixit
1439 4359 1764 4425 dominus

707 4516 722 4547 ¹
764 4516 860 4567 ‘de
883 4514 980 4581 ign.
1012 4515 1075 4567 ad
1099 4516 1223 4583 glo!
1245 4532 1377 4570 oum
1408 4519 1571 4573 N.W.

2342 451 2495 504 424

1830 568 1936 622 etc.
2032 558 2375 624 Graduale.
2498 557 2647 622 Hec
2722 555 2885 622 dies.
2976 571 3025 644 γ

1834 648 2229 712 Benedictus
2274 647 2386 729 qui
2426 647 2610 710 venit
2650 647 2715 710 in
2757 648 3025 710 nomine

1832 735 2085 800 domini
2129 737 2291 801 deus
2341 734 2647 799 dominus
2689 745 2758 799 et
2804 734 3026 799 illuxit

1834 825 2042 888 nobis,
2130 823 2435 888 Alleluia.
2509 839 2551 910 γ
2596 823 2901 889 Surrexit
2930 823 3027 887 al-

1834 913 2127 977 tissimus
2184 913 2271 976 de
2328 910 2675 994 sepulchro
2732 912 2847 994 qui
2905 931 3029 993 pro

1836 1000 2029 1064 nobis
2065 999 2384 1083 pependit
2412 1001 2480 1063 in
2512 999 2707 1082 ligno.
2796 1017 2844 1086 γ
2892 1000 3025 1063 Re-

1836 1091 2120 1152 surrexit
2150 1088 2476 1153 dominus
2522 1088 2605 1151 In
2636 1108 2888 1169 evange.
2917 1097 3025 1151 αῆ.

1839 1177 2020 1241 Data
2051 1187 2152 1241 est
2182 1175 2341 1241 mihi
2372 1179 2588 1241 omnis
2617 1186 2913 1258 potestas
2958 1176 3029 1238 in

1838 1265 1980 1330 celo
2011 1274 2079 1330 et
2110 1266 2177 1329 in
2209 1274 2381 1330 terra
2410 1265 2559 1330 all’a
2586 1263 2865 1329 alleluia.
2923 1273 3029 1346 pf.

1840 1353 2245 1436 Magnificat.
2784 1352 3033 1417 Oratio.

1852 1443 2225 1577 Concede
2270 1461 2625 1524 quesumus
2666 1441 3036 1504 misericors

1974 1531 2176 1594 deus:
2244 1539 2320 1594 ut
2376 1529 2555 1612 quod
2614 1527 3037 1612 paschalibus

1840 1620 2236 1701 exequimur
2265 1618 2581 1682 institutis
2626 1617 3033 1682 fructiferum

1844 1707 2033 1770 nobis
2080 1707 2262 1771 omni
2306 1715 2606 1788 tempore
2654 1705 3036 1769 sentiamus,

1847 1797 1970 1861 Per
1997 1795 2359 1859 dominum.
2427 1795 2553 1859 Ad
2558 1796 2781 1877 fontes
2808 1793 3034 1857 oratic.

1843 1885 2113 2014 Deus
2164 1903 2282 1965 per
2324 1903 2523 1966 quem
2578 1882 2769 1947 nobis
2821 1891 2891 1945 et
2934 1903 3035 1944 re-

1998 1973 2295 2055 demptio
2326 1973 2548 2037 venit:
2594 1979 2663 2034 et
2706 1979 3040 2053 prestatur

1844 2060 2161 2142 adoptio:
2208 2060 2456 2143 respice
2502 2060 2568 2122 in
2602 2079 2803 2141 opera
2842 2059 3036 2122 mise·

1847 2149 2121 2212 ricordie
2151 2157 2302 2212 tue:
2350 2158 2423 2213 ut
2454 2149 2522 2211 in
2555 2147 2819 2213 Christo
2850 2167 3037 2210 rena-

1846 2237 1933 2301 tis
1977 2246 2045 2301 et
2086 2247 2313 2301 eterna
2356 2237 2681 2300 tribuatur
2708 2235 3041 2299 hereditas

1847 2335 1917 2389 et
1975 2345 2129 2388 vera
2187 2324 2469 2389 libertas.
2570 2324 2693 2388 Per
2752 2323 3039 2386 eundem

1851 2413 2203 2480 Christum.
2249 2414 2356 2478 De
2378 2412 2641 2477 domina
2669 2421 2775 2477 ari.
2818 2412 3041 2495 Quam

1848 2501 2121 2586 pulchra
2152 2521 2237 2567 es,
2282 2511 2389 2567 etc.
2435 2511 2510 2566 ut
2534 2511 2748 2583 supra.

1855 2594 1919 2669 1[
1986 2590 2285 2655 Sabbata.
2359 2591 2458 2655 ad
2523 2600 2723 2653 matu.
2796 2588 3042 2653 Invita.

1855 2680 2157 2745 Surrexit
2203 2680 2511 2744 dominus
2562 2698 2729 2743 vere.
2790 2687 2895 2743 etc.
2940 2686 3043 2759 pf.

1851 2769 2110 2834 Venite.
2162 2768 2246 2831 In
2278 2778 2576 2831 nocturno
2602 2776 2709 2829 αὴ.
2754 2765 3047 2830 Alleluia

1854 2856 1951 2937 iij.
2010 2866 2111 2939 pf.
2158 2857 2486 2921 Dominus
2528 2856 2695 2937 regit
2742 2874 2865 2918 me.
2941 2862 3043 2936 pf.

1859 2944 2131 3009 Domini
2162 2951 2264 3008 est
2293 2953 2481 3009 terra.
2527 2952 2626 3026 ps‘z
2670 2943 2909 3025 Judica
2937 2962 3045 3005 me

1856 3034 2141 3097 domine.
2210 3032 2690 3119 yResurrexit
2722 3030 3047 3095 dominus·

1854 3124 1999 3255 ln
2024 3120 2135 3184 illo
2155 3130 2484 3203 tempore·
2520 3119 2679 3203 [Sec
2674 3119 3047 3201 johannem

1949 3209 2105 3275 Una
2132 3209 2393 3274 sabbati
2424 3208 2632 3273 maria
2655 3206 3050 3291 magdalene

1855 3300 2038 3363 venit
2080 3318 2275 3362 mane
2320 3317 2470 3361 eum
2518 3294 2734 3360 adhuc
2778 3295 3051 3359 tenebre

1857 3396 2078 3450 essent
2124 3386 2209 3449 ad
2257 3393 2801 3450 monumentum:
2847 3392 2915 3447 et
2956 3383 3067 3447 vi-·

1858 3475 1957 3539 dit
2003 3474 2291 3557 lapidem
2344 3472 2679 3537 sublatum
2726 3493 2769 3536 a
2816 3491 3051 3535 monu-

1860 3573 2103 3627 ment0.
2195 3561 2286 3625 Et
2316 3562 2582 3644 reliqua.

1864 3652 2117 3717 Omelz'a
2140 3649 2311 3715 beati
2316 3649 2614 3733 gregon'i
2614 3658 2793 3731 pape.
2838 3647 2981 3711 Lec.
2986 3647 3049 3730 j.

1858 3740 2201 3875 Maria
2245 3758 2402 3821 ergo
2448 3737 2841 3821 magdalene
2886 3756 3051 3801 mox

2064 3838 2138 3892 ut
2167 3828 2511 3892 dominum
2550 3828 2614 3890 in
2662 3843 3055 3889 monumen-

1860 3926 1933 3980 to
1980 3917 2269 3998 positum
2299 3916 2464 3980 vidit
2502 3935 2517 3977 :
2562 3916 2725 3978 emit
2756 3920 3057 3977 aromata

1861 4014 1930 4068 et
1960 4025 2155 4069 mane
2201 4004 2415 4087 prima
2450 4003 2711 4067 sabbati
2756 4010 2911 4065 ante
2958 4000 3061 4065 lu-

1867 4113 2011 4158 cem
2056 4094 2140 4158 ad
2188 4091 2604 4175 sepulchrum
2651 4090 2903 4155 domini
2946 4108 3061 4152 ve-

1866 4183 1982 4245 nit.
2073 4181 2471 4265 Spiritaliter
2499 4200 2658 4263 ergo
2688 4179 2959 4243 tenebre
2989 4178 3059 4241 in

1868 4270 2064 4335 corde
2088 4270 2378 4334 mulieris
2401 4278 2618 4333 erant:
2650 4287 2803 4332 cum
2826 4266 2912 4329 ad
2936 4266 3062 4329 do-

1868 4359 2029 4423 mini
2082 4366 2587 4424 monumentum
2631 4356 2857 4421 venit:
2902 4354 3065 4437 quia

2111 4522 2132 4553 ¹
2169 4526 2183 4549 ⁶
2200 4520 2294 4571 Per
2316 4518 2575 4570 dominum
2596 4518 2609 4542 ’
2630 4516 2729 4568 add
2756 4536 2769 4567 ε
2803 4514 2876 4567 N.
