3375 5100
1480 285 1606 341 AD
1658 286 2058 343 TERIJAM.

1083 394 1244 452 889

546 502 885 637 Sancta
934 502 1145 567 maria
1216 508 1433 565 mater
1489 502 1750 567 domini

681 590 887 654 nostri
945 590 1106 672 Jesu
1184 590 1469 655 Christi:
1546 600 1751 673 atque

550 698 785 742 omnes
816 679 1027 743 sancti
1062 679 1224 761 justi
1278 688 1348 743 et
1399 678 1594 743 electi
1639 679 1750 742 dei

550 768 965 831 intercedant
1014 777 1083 831 et
1132 776 1324 831 orent
1376 788 1498 851 pro
1560 754 1752 831 nobis

548 856 1005 939 peccatoribus
1036 857 1123 920 ad
1169 856 1514 920 dominum
1547 856 1749 920 deum

554 954 896 1009 nostrum:
944 944 1049 1009 ut¹
1112 965 1485 1007 mereamur
1531 945 1619 1009 ab
1667 965 1749 1007 eo

552 1034 851 1115 adjuvari
882 1043 951 1097 et
978 1032 1251 1099 salvari:
1299 1032 1413 1115 qui
1446 1034 1515 1097 in
1563 1034 1749 1097 trini-

552 1131 692 1185 tate
724 1122 1017 1205 perfecta
1036 1122 1199 1187 vivit
1218 1130 1287 1185 et
1316 1129 1553 1203 regnat
1582 1122 1750 1185 deus

551 1232 672 1293 per
767 1212 995 1274 omnia
1078 1210 1301 1275 secula
1374 1210 1747 1274 seculorum

554 1319 771 1363 amen.
904 1298 1161 1363 Deinde
1246 1298 1512 1363 dicatur
1608 1300 1749 1362 ter²

556 1390 746 1451 Deus
808 1386 875 1451 in
928 1388 1337 1470 adjutorium
1390 1407 1615 1451 meum
1647 1388 1747 1449 in-

552 1476 771 1541 tende.
862 1476 975 1541 Re.
1068 1476 1360 1540 Domine
1410 1476 1495 1541 ad
1558 1474 1748 1557 adju-

551 1564 847 1629 vandum
925 1584 1033 1628 me
1099 1564 1385 1629 festina.⁸
1519 1563 1749 1630 Gloria

552 1654 724 1737 patri
786 1662 855 1717 et
908 1653 1046 1716 filio
1086 1662 1155 1717 et
1186 1652 1444 1735 spiritui
1492 1662 1747 1717 sancte.

554 1743 743 1807 Sicut
767 1750 909 1805 erat
962 1742 1027 1804 in
1074 1742 1414 1825 principio.
1503 1740 1748 1822 Kyrie-

548 1832 775 1895 leison.
823 1829 1351 1896 Christeeleison.
1422 1828 1749 1913 Kyrielei-

548 1940 688 1983 son.
781 1919 977 1983 Pater
1008 1929 1245 1983 noster.
1335 1920 1437 1983 Et
1482 1939 1566 1981 ne
1610 1939 1749 1983 n05.

556 2007 693 2073 Sed
727 2008 947 2073 libera.
1037 2008 1139 2071 Et
1169 2007 1393 2071 veniat
1412 2027 1611 2091 super
1628 2026 1754 2071 nos

554 2096 1000 2161 misericordia
1029 2106 1148 2160 tua
1178 2096 1463 2159 domine.
1557 2094 1752 2161 Salu-

552 2194 699 2249 tare
738 2196 927 2249 tuum
988 2184 1355 2249 secundum
1410 2183 1750 2267 eloquium

555 2283 764 2338 tuum.
856 2273 951 2337 Et
997 2275 1247 2356 respice
1280 2274 1347 2337 in
1394 2293 1615 2337 servos
1646 2282 1754 2335 tu-

556 2382 633 2425 os
694 2372 763 2426 et
824 2362 891 2425 in
951 2382 1154 2446 opera
1214 2371 1369 2426 tua:
1417 2370 1485 2424 et
1538 2362 1752 2443 dirige

556 2450 725 2514 filios
783 2471 1032 2515 eorum.
1139 2450 1235 2513 Et
1294 2452 1382 2513 sit
1441 2449 1758 2532 splendor

555 2540 810 2604 domini
842 2539 949 2603 dei
983 2540 1189 2603 nostri
1236 2559 1434 2622 super
1478 2559 1639 2604 nos:
1686 2547 1756 2624 et

559 2651 762 2713 opera
797 2648 1117 2692 manuum
1139 2640 1511 2692 nostrarum
1544 2628 1758 2710 dirige

557 2738 756 2801 super
809 2737 971 2782 nos:
1047 2725 1117 2780 et
1192 2737 1360 2800 opus
1436 2735 1757 2780 manuum

558 2816 931 2870 nostrarum
964 2805 1215 2888 dirige.⁴
1454 2803 1762 2873 oremus.

570 2896 1078 3030 Omnipotens
1124 2894 1526 2976 sempiterne
1556 2895 1759 2958 deus:

696 2984 906 3065 dirige
936 2993 1125 3046 actus
1150 2992 1411 3047 nostros
1443 2983 1510 3044 in
1556 2981 1760 3045 bene-

562 3071 809 3155 placito
835 3082 954 3135 tuo
983 3092 998 3135 :
1030 3081 1103 3134 ut
1136 3072 1203 3133 in
1231 3071 1501 3134 nomine
1532 3070 1759 3134 dilecti

562 3161 678 3224 filii
702 3161 796 3224 tui
830 3180 1203 3224 mereamur
1221 3159 1414 3223 bonis
1444 3158 1760 3242 operibus

560 3249 919 3314 abundare.
1012 3246 1145 3330 Qui
1200 3257 1421 3312 tecum
1470 3248 1632 3312 vivit
1692 3256 1760 3311 et

562 3347 797 3421 regnat
830 3339 897 3400 in
957 3337 1217 3401 unitate
1276 3336 1764 3420 spiritussancti

560 3428 727 3491 deus
788 3447 907 3510 per
965 3427 1193 3489 omnia
1241 3423 1465 3490 secula
1508 3424 1766 3488 seculo-

560 3537 725 3582 rum.
817 3515 1063 3579 Amen.
1156 3514 1490 3577 Dominus
1543 3514 1765 3577 vobis-

664 3702 679 3732 ¹
719 3701 868 3752 ‘nos’
892 3701 991 3750 add
1021 3718 1034 3751 ι
1068 3701 1203 3751 E.G.

660 3771 682 3799 ²
712 3769 815 3818 Pro
844 3773 857 3796 ‘
872 3768 1046 3817 deinde
1064 3769 1155 3817 dic.
1185 3765 1295 3818 ter.'
1330 3766 1565 3816 Sacerdos
1598 3767 1766 3819 dicat:

660 3903 681 3932 ⁸
723 3905 737 3930 ‘
753 3901 939 3950 Eodem
979 3901 1117 3950 modo
1149 3900 1343 3950 dieitur
1373 3900 1537 3949 tribus
1570 3899 1768 3949 vicibus

566 3969 705 4018 Dens
728 3967 780 4017 in
804 3967 1121 4031 adjutorium.
1186 3965 1406 4016 Domine
1428 3966 1495 4015 ad
1524 3965 1764 4030 adjuvan-

568 4036 705 4085 dum.
734 4042 777 4084 a
798 4041 921 4082 tunc
940 4041 1177 4098 sequatur
1194 4034 1264 4082 sic
1278 4033 1445 4082 'adds
1479 4032 1548 4083 E.
1562 4033 1619 4082 G.

668 4105 687 4133 ⁴
728 4101 860 4149 ‘Hec
892 4116 1090 4165 sequens
1116 4100 1274 4149 oratio
1312 4098 1504 4148 dicitur
1537 4100 1595 4148 in
1616 4099 1768 4163 festa&

563 4167 843 4232 duplicibus
863 4173 909 4215 et
944 4168 1358 4232 quotienscunque
1376 4166 1553 4214 chorus
1573 4166 1772 4230 regitur

565 4241 707 4285 extra
728 4233 1041 4283 ebdomadam
1054 4233 1235 4297 pasche
1266 4233 1376 4281 sine
1410 4232 1660 4281 Dominus
1682 4247 1771 4280 vo·

568 4301 759 4350 biscum
804 4300 890 4350 sed
925 4307 1126 4348 tantum
1170 4315 1286 4348 cum
1332 4296 1583 4348 Oremus'
1630 4298 1770 4348 add:

671 4435 691 4464 ⁸
731 4437 1029 4498 ‘etcumsp.
1054 4431 1169 4483 tuo’
1195 4447 1296 4481 om.
1324 4430 1529 4482 ·..Gw

670 4501 690 4534 ⁸
724 4499 866 4550 Pro‘
885 4499 1000 4549 Deo
1042 4499 1250 4564 gratias’
1294 4497 1631 4548 Excellentior
1650 4503 1770 4562 per·

2359 395 2522 453 890

1857 522 2030 567 cum.
2167 502 2260 565 Et
2336 522 2490 567 cum
2581 502 2816 585 spiritu
2893 502 3062 567 tuo!

1861 590 2346 655 Benedicamus
2457 592 2748 655 domino.
2908 593 3063 655 Deo

1859 678 2155 761 gratiaS.⁶

1863 773 1926 847 (Ι
1956 769 2019 831 A
2029 769 2082 831 d
2107 768 2368 831 tertiam
2400 766 2724 849 Hymnus.

1857 858 2039 989 N
2042 877 2168 921 unc
2227 867 2457 921 sancte
2519 858 2710 920 nobis
2785 856 3066 939 spiritus

2025 968 2194 1009 unus
2245 942 2494 1029 patris⁷
2525 966 2677 1009 cum
2723 945 2863 1009 filio
2909 945 3063 1027 dig-

1859 1054 2016 1098 nare
2047 1043 2396 1118 promptus
2439 1034 2648 1116 ingeri
2695 1044 2927 1097 nostro
2962 1056 3066 1097 re-

1857 1122 2044 1185 fusus
2077 1124 2346 1205 pectori.
2443 1124 2535 1187 Os
2581 1122 2810 1203 lingua
2865 1144 3064 1185 mens

1857 1231 2092 1275 sensus
2114 1212 2302 1294 vigor
2319 1210 2804 1275 consessionem
2829 1232 3064 1293 perso-

1857 1310 2018 1363 nent
2049 1299 2464 1363 flammescat
2493 1300 2646 1381 igne
2676 1300 2917 1363 caritas
2950 1320 3065 1363 ac-

1857 1391 2097 1452 cendat
2129 1389 2328 1451 ardor
2355 1389 2719 1471 proximos
2808 1388 3062 1451 Presta

1855 1486 2048 1560 pater
2077 1476 2416 1559 piissime.⁸
2735 1477 3061 1558 psalmus.

1856 1568 2184 1697 Legem
2216 1586 2392 1649 pone
2441 1564 2604 1629 mihi
2657 1564 2930 1628 domine
2963 1567 3062 1627 vi·-

1991 1674 2100 1717 am
2150 1652 2700 1735 justificationum
2746 1663 3062 1717 tuarum:

1856 1752 1924 1806 et
1970 1744 2320 1824 exquiram
2369 1762 2520 1806 eam
2573 1762 2852 1824 semper.
2943 1742 3064 1805 Da

1857 1830 2020 1893 mihi
2054 1830 2463 1895 intellectum
2493 1838 2564 1893 et
2586 1830 2934 1895 scrutabor
2967 1829 3066 1893 le-

1855 1940 2010 2001 gem
2057 1930 2283 1983 tuam:
2327 1928 2399 1984 et
2459 1919 2828 1983 custodiam
2876 1917 3064 1981 illam

1861 2010 1928 2071 in
1961 2016 2107 2072 toto
2153 2009 2350 2071 corde
2401 2028 2569 2072 meo,
2657 2008 2903 2071 Deduc
2953 2028 3065 2070 me

1861 2098 1930 2161 in
1961 2097 2202 2159 semita
2232 2096 2698 2160 mandatorum
2748 2106 3019 2158 tuorum
3049 2118 3066 2161 :

1861 2186 2020 2268 quia
2079 2186 2294 2268 ipsam
2343 2184 2538 2249 volui.
2638 2183 2902 2249 Inclina
2950 2204 3068 2247 cor

1864 2294 2088 2337 meum
2121 2276 2187 2336 in
2220 2274 2606 2337 testimonia
2632 2283 2790 2337 tua:
2823 2282 2892 2336 et
2925 2294 3064 2336 non

1862 2363 1931 2426 in
2008 2363 2378 2425 avariciam.
2496 2362 2754 2425 Averte
2829 2362 3066 2425 oculos

1866 2471 2049 2514 meos
2100 2471 2183 2514 ne
2214 2452 2486 2514 videant
2538 2451 2946 2514 vanitatem:
2995 2452 3064 2513 in

1865 2540 1976 2604 via
2005 2548 2122 2603 tua
2140 2539 2401 2604 vivifica
2431 2561 2556 2603 me.
2652 2538 2896 2603 Statue
2929 2561 3069 2602 ser-

1866 2650 1953 2693 vo
1971 2639 2090 2692 tuo
2110 2629 2448 2711 eloquium
2471 2639 2660 2692 tuum
2691 2650 2704 2691 :
2738 2629 2804 2690 in
2821 2630 3069 2692 timore

1867 2727 2002 2780 tu0.
2049 2729 2108 2780 A
2126 2727 2356 2801 mputa
2377 2716 2808 2801 opprobrium
2835 2736 3068 2780 meum

1869 2805 2053 2890 quod
2086 2807 2459 2888 suspicatus
2489 2825 2669 2869 sum:
2701 2806 2859 2887 quia
2885 2805 3068 2886 judi·

1867 2897 1969 2958 cia
2001 2904 2118 2957 tua
2135 2895 2444 2975 jocunda.
2503 2895 2684 2958 Ecce
2717 2895 3072 2976 concupivi

1871 2983 2190 3046 mandata
2241 2992 2398 3048 tua:
2467 2984 2534 3046 in
2590 2984 2886 3064 equitate
2949 2991 3072 3046 tua

1867 3071 2127 3136 vivifica
2159 3091 2283 3135 me.
2343 3071 2444 3135 Et
2473 3072 2696 3134 veniat
2726 3091 2928 3153 super
2961 3092 3071 3134 me

1873 3160 2322 3224 misericordia
2363 3169 2481 3224 tua
2534 3159 2845 3222 domine:
2891 3159 3072 3222 salu-

1871 3257 2014 3312 tare
2067 3257 2259 3312 tuum
2312 3250 2678 3312 secundum
2725 3247 3070 3331 eloquium

1863 3347 2073 3401 tuum.
2193 3337 2294 3400 Et
2353 3337 2772 3419 respondebo
2821 3357 3072 3419 expro-

1864 3425 2214 3490 brantibus
2291 3424 2452 3488 mihi
2528 3426 2846 3489 verbum:
2910 3427 3074 3508 quia

1866 3514 2126 3598 speravi
2159 3515 2226 3577 in
2277 3514 2691 3578 sermonibus
2733 3515 2882 3578 tuis,
2975 3513 3073 3577 Et

1865 3716 1986 3750 sona
2008 3699 2144 3749 duat
2165 3699 2470 3749 Benedicite.
2543 3699 2809 3750 Dominus„
2883 3701 2948 3750 In
2982 3716 3076 3750 no-

1866 3767 2004 3884 xige
2058 3767 2212 3881 {altit-is
2224 3775 2354 3882 EetG
2376 3765 2465 3815 filii
2521 3774 2572 3816 et
2625 3767 2830 3832 spiritus
2885 3769 3068 3818 sancti.

1971 3849 2036 3882 en
2182 3847 2193 3859 ·
2279 3869 2290 3882 .
2353 3873 2362 3882 .

1966 3903 1986 3930 ¹
2019 3915 2173 3948 unum
2197 3899 2326 3964 patri
2351 3918 2365 3949 ε
2401 3899 2690 3950 E.G.W.S.

1965 3969 1986 3998 ⁸
2027 3966 2281 4030 ‘patrique
2303 3981 2509 4030 compar
2539 3967 2718 4016 unice:
2751 3981 2869 4014 cum
2891 3965 3074 4031 spiritu

1867 4032 2111 4096 paraclito
2135 4047 2346 4095 regnans
2369 4047 2458 4096 per
2493 4047 2642 4081 omne
2673 4033 2915 4083 seculum.
2981 4035 3080 4083 Iste

1865 4099 1934 4162 hy
1935 4115 2082 4147 ninus
2101 4115 2217 4147 cum
2239 4098 2546 4162 sequentibus
2563 4099 2766 4147 dicatur
2785 4100 3078 4160 [dicantur.-

1873 4116 1934 4214 G.
1941 4165 1960 4230 ]
1986 4165 2058 4214 ad
2073 4164 2222 4213 horas
2241 4173 2340 4228 per
2367 4171 2522 4214 totum
2543 4181 2743 4214 annum
2767 4167 2877 4214 ,εἰεί
2895 4182 2930 4214 a
2948 4167 3080 4230 festo

1871 4232 2158 4281 nativitatis
2179 4231 2376 4280 domini
2387 4247 2538 4296 usquc
2549 4232 2621 4279 ad
2627 4239 2851 4280 octavam
2865 4233 3076 4296 empha-

1871 4298 1956 4347 nis
1975 4304 2023 4347 et
2043 4315 2076 4346 a
2097 4313 2218 4346 cena
2252 4297 2450 4346 domini
2485 4313 2639 4362 usque
2670 4298 2745 4346 ad
2769 4299 3074 4347 dominicam

1873 4364 2098 4482 “2de
2101 4365 2220 4481 ιὲἰη
2241 4365 2321 4414 die
2331 4364 2710 4429 purificationis
2731 4365 2864 4414 beate
2883 4367 3076 4415 mane·

1871 4447 1903 4482 a
