3375 5100
1567 332 1971 389 LETANJA.

1051 444 1200 499 937

2330 440 2486 497 938

523 549 968 613 misericordie
1027 559 1142 613 tue
1201 552 1360 633 quia
1393 570 1717 633 pauperes
1817 549 1981 612 dum
2038 547 2200 611 nihil
2249 558 2601 612 sanctum:
2650 546 3022 630 multiplica

519 638 676 701 facti
707 658 937 701 sumus
982 640 1198 703 nimis,
1288 638 1562 720 Adjuva
1595 660 1718 702 nos
1817 657 2018 720 super
2062 658 2183 701 nos
2228 636 2747 699 misericordiam
2794 645 3021 700 tuam:

521 727 686 790 deus
717 727 1025 803 salutaris
1057 736 1298 792 noster.
1393 728 1486 791 Et
1516 748 1717 810 prop-

517 822 622 878 ter
650 815 934 897 gloriam
966 816 1253 879 nominis
1305 816 1404 880 tui
1451 816 1725 881 domine

521 903 730 967 libera
790 924 949 969 nos:
1025 913 1094 968 et
1169 906 1501 987 propicius
1577 914 1725 968 esto

520 994 812 1074 peccatis
861 994 1102 1057 nostris
1133 1002 1406 1076 propter
1434 993 1723 1057 nomen¹

521 1089 732 1145 tuum.
829 1082 1104 1145 Memor
1155 1092 1302 1145 esto
1361 1102 1725 1165 congrega-

519 1170 722 1233 tionis
751 1178 884 1233 tue.
975 1170 1200 1253 Quam
1248 1172 1604 1254 possedisti
1637 1170 1725 1233 ab

515 1258 721 1323 initio.
813 1258 1216 1323 Sacerdotes
1289 1260 1386 1323 tui
1445 1260 1727 1323 induan-

517 1356 628 1410 tur
651 1346 955 1427 justitia.²
1047 1348 1138 1410 Et
1157 1348 1369 1411 sancti
1401 1350 1498 1411 tui
1531 1348 1723 1411 exul-

516 1443 682 1499 tent.
770 1435 1066 1499 Domine
1089 1435 1345 1499 salvum
1356 1436 1460 1499 fac
1481 1457 1725 1518 regem.

519 1524 611 1587 Et
641 1524 890 1587 exaudi
925 1544 1045 1587 nos
1067 1524 1134 1586 in
1158 1524 1268 1587 die
1292 1545 1426 1606 qua
1457 1526 1725 1589 invoca-

513 1612 810 1675 verimus
842 1621 926 1676 te.
1023 1612 1303 1677 Salvum
1353 1612 1456 1677 fac
1511 1633 1722 1696 popu-

517 1698 658 1763 lum
712 1708 904 1765 tuum
955 1700 1229 1765 domine
1295 1710 1365 1765 et
1440 1702 1725 1767 benedic

515 1788 870 1853 hereditati
931 1798 1063 1854 tue.
1159 1790 1251 1854 Et
1295 1810 1450 1873 rege
1493 1811 1608 1854 eos
1655 1800 1725 1855 et

515 1878 772 1941 extolle
835 1877 984 1941 illos
1051 1880 1368 1960 usquein
1401 1888 1723 1943 eternum.

515 1966 802 2049 Exurge
825 1966 1099 2030 domine
1144 1968 1391 2049 adjuva
1423 1988 1562 2031 nos,
1632 1968 1726 2032 Et

515 2053 725 2118 libera
756 2075 878 2119 nos
910 2063 1182 2138 propter
1230 2076 1474 2119 nomen
1513 2065 1723 2121 tuum.

511 2143 814 2207 Domine
843 2144 1010 2207 deus
1043 2145 1414 2207 virtutum.³
1504 2144 1595 2208 Et
1615 2165 1725 2209 os-

513 2231 759 2295 tende!¹
879 2232 1176 2296 Domine
1247 2233 1542 2297 exaudi.⁸
1633 2234 1727 2298 Et

515 2320 768 2384 clamor
799 2320 1030 2385 meus,⁶
1118 2320 1453 2385 Dominus
1497 2322 1725 2385 vobis-

511 2428 686 2473 cum.
735 2408 826 2472 Et
851 2429 1002 2473 cum
1016 2410 1250 2492 spiritu
1271 2407 1435 2473 tu0.⁷
1470 2409 1720 2475 Oratio,

513 2498 788 2632 Deus
827 2500 934 2562 cui
957 2498 1298 2581 proprium
1345 2506 1448 2562 est
1493 2500 1723 2563 miser-

671 2587 763 2649 eri
845 2607 1111 2670 semper
1161 2597 1230 2652 et
1278 2607 1546 2670 parcere
1579 2609 1723 2652 sus-

515 2675 664 2756 cipe
695 2675 1234 2757 deprecationem
1267 2686 1568 2740 nostram
1595 2697 1610 2740 :
1642 2687 1721 2742 ut

515 2783 684 2844 quos
746 2763 1139 2828 delictorum
1201 2765 1488 2828 cathena
1562 2785 1721 2829 con-

515 2851 784 2934 stringit
847 2852 1184 2916 miseratio
1267 2862 1382 2918 tue
1450 2853 1719 2937 pietatis

513 2939 836 3005 absolvat.
930 2942 1054 3005 Per
1115 2940 1452 3006 Christum
1504 2942 1719 3005 domi-

515 3049 694 3092 num.
1464 3031 1715 3096 Oratio.

511 3119 787 3252 Deus
847 3116 915 3180 in
973 3125 1044 3182 te
1089 3119 1498 3201 sperantium
1531 3119 1716 3183 forti-

668 3206 834 3270 tudo
863 3229 878 3271 :
924 3207 1157 3271 adesto
1182 3209 1513 3291 propicius
1535 3209 1719 3271 invo-

511 3295 888 3358 cationibus
941 3297 1212 3359 nostris:
1259 3305 1329 3360 et
1389 3297 1547 3380 quia
1574 3297 1718 3361 sine

511 3391 581 3446 te
613 3382 774 3447 nihil
820 3393 1044 3467 potest
1097 3386 1395 3449 mortalis
1445 3383 1719 3449 infirmi-

509 3479 654 3536 tas:
702 3483 927 3555 presta
959 3467 1284 3536 auitilium
1319 3475 1533 3556 gratie
1557 3483 1715 3538 tue:

509 3570 584 3624 ut
616 3561 680 3623 in
733 3562 1152 3643 exequendis
1201 3562 1537 3626 mandatis
1579 3563 1715 3626 tuis

509 3659 578 3712 et
610 3650 958 3714 voluntate
987 3650 1111 3715 tibi
1151 3659 1221 3715 et
1267 3653 1534 3715 actione
1566 3651 1713 3733 pla-

507 3758 794 3802 ceamus
1454 3740 1713 3805 Oratio.

507 3829 960 3960 protector
1011 3827 1078 3890 in
1153 3834 1224 3892 te
1298 3829 1712 3910 sperantium

669 3916 834 3980 deus
861 3915 1004 3979 sine
1035 3936 1172 3999 quo
1205 3915 1368 3980 nihil
1414 3927 1516 3982 est
1546 3917 1713 3982 vali-

603 4079 620 4110 ¹
661 4083 916 4128 ‘sanctum
934 4075 948 4101 ⁹
968 4075 1100 4128 add:
1135 4077 1268 4129 E.G.

602 4149 624 4177 ²
651 4145 938 4210 justiciam:
963 4143 1176 4194 E.W.S.

603 4215 623 4244 ⁸
663 4217 676 4239 ‘
694 4219 930 4261 converte
952 4211 1071 4259 nos’
1097 4209 1198 4259 add
1225 4229 1237 4261 ι
1271 4210 1332 4260 E.
1343 4211 1403 4260 G.
1416 4211 1469 4261 S.

605 4281 625 4310 ⁴
665 4277 875 4327 ‘faciem
913 4284 1050 4326 tuam
1089 4285 1139 4328 et
1174 4277 1300 4326 salvi
1332 4277 1548 4327 erimus'
1571 4277 1670 4328 add
1696 4295 1708 4328 ε

504 4343 974 4458 E.Gsgbrationem
997 4424 1161 4458 meam
1180 4409 1193 4434 '
1217 4409 1318 4459 add
1342 4427 1354 4458 :
1380 4409 1439 4459 E.
1449 4409 1513 4460 G.
1523 4409 1576 4461 S.

601 4479 623 4507 ⁸
661 4481 674 4504 ⁴
693 4476 756 4524 ad
781 4483 831 4524 te
853 4475 1022 4524 veniat
1043 4475 1056 4498 '
1077 4475 1178 4525 add
1206 4493 1219 4524 ε
1257 4477 1451 4526 E.G.S.

601 4545 618 4572 ²
659 4545 673 4569 ⁶
691 4541 842 4589 Dom.
873 4540 1032 4591 vobis,
1106 4542 1304 4592 Etcum
1325 4559 1397 4606 sp.
1431 4550 1518 4592 tuo
1539 4542 1552 4564 '
1573 4558 1704 4594 om.:

1824 736 1899 789 ut
1930 735 2001 789 te
2036 736 2293 789 rectore
2324 734 2393 788 te
2413 725 2584 788 duce
2612 726 2707 788 sic
2730 734 3024 788 transea-

1823 835 1971 878 mus
2004 834 2123 896 per
2153 814 2333 877 bona
2354 814 2755 897 temporalia
2779 823 2854 877 ut
2885 833 3021 877 non

1822 906 2216 967 amittamus
2249 913 2494 967 eterna.
2774 902 3023 967 Oratio,

1821 993 2097 1123 Deus
2144 992 2253 1055 cui
2305 1012 2507 1055 omne
2556 1010 2671 1053 cor
2713 999 2901 1073 patet
2953 1000 3021 1054 et

1978 1081 2082 1144 cui
2096 1081 2122 1119 ⁸
2144 1080 2359 1143 omnis
2371 1080 2681 1143 voluntas
2704 1079 3025 1162 loquitur:

1824 1178 1893 1231 et
1924 1168 2162 1251 quem⁹
2194 1169 2447 1232 nullum
2474 1168 2640 1231 latet
2669 1177 3022 1231 secretum:

1825 1257 2101 1339 purifica
2160 1278 2279 1339 per
2350 1257 2745 1321 infusionem
2808 1257 3021 1321 sancti

1822 1346 2091 1428 spiritus
2122 1346 2559 1429 cogitationes
2604 1344 2821 1409 cordis
2872 1365 3025 1408 nos-

1824 1436 1926 1498 tri.
1974 1444 2049 1498 ut
2102 1435 2392 1517 perfecte
2441 1443 2512 1497 te
2532 1434 2579 1471 ¹⁰
2631 1434 2908 1515 diligere
2954 1443 3025 1497 et

1823 1524 2026 1605 digne
2052 1523 2325 1587 laudare
2348 1542 2738 1586 mereamur.
2776 1522 3023 1587 Oratio,

1836 1613 2341 1747 Omnipotens
2394 1612 2799 1694 sempiterne
2860 1610 3025 1674 deus

1960 1702 2073 1783 qui
2150 1700 2313 1764 facis
2388 1699 2717 1763 mirabilia
2780 1719 3029 1782 magna

1822 1788 2041 1853 solus:
2090 1788 2407 1871 pretende
2460 1808 2659 1871 super
2700 1787 3025 1851 famulum

1822 1886 2012 1940 tuum
2037 1878 2603 1959 archiepiscopum
2638 1886 2937 1939 nostrum
2957 1886 3029 1940 et

1824 1986 2025 2047 super
2082 1975 2395 2030 cunctam
2436 1966 3025 2047 congregationem

1824 2056 1949 2118 sibi
1974 2055 2011 2093 ¹¹
2048 2056 2474 2119 commissam
2486 2054 2791 2137 spiritum
2804 2055 3019 2135 gratie

1824 2143 2127 2207 salutaris
2190 2152 2259 2207 et
2320 2152 2395 2207 ut
2458 2142 2523 2205 in
2585 2142 2869 2206 veritate
2902 2143 3025 2207 tibi

1824 2232 2284 2314 complaceant
2332 2240 2729 2314 perpetuum
2786 2232 2882 2294 eis
2924 2252 3029 2295 ro-

1825 2340 1963 2383 rem
1986 2330 2099 2385 tue
2129 2320 2611 2383 benedictionis
2642 2318 2934 2383 infunde.

1820 2412 2097 2541 Deus
2128 2410 2239 2491 qui
2270 2410 2567 2472 caritatis
2585 2407 2705 2470 do-
2741 2406 3029 2490 [Oratio.

1979 2518 2066 2562 na
2096 2518 2215 2580 per
2243 2498 2530 2581 gratiam
2562 2497 2775 2561 sancti
2830 2498 3026 2580 spiri-

1818 2595 1929 2650 tus
2002 2596 2268 2651 tuorum
2345 2587 2653 2651 cordibus
2726 2585 3030 2650 fidelium

1819 2675 2117 2739 infudisti
2140 2676 2185 2713 ¹²
2214 2675 2301 2738 de
2322 2675 2587 2738 famulis
2619 2684 2689 2739 et
2736 2674 3023 2738 famula-

1818 2763 1943 2828 bus
1972 2764 2105 2827 tuis
2136 2785 2255 2846 pro
2286 2763 2528 2846 quibus
2558 2772 2745 2827 tuam
2790 2763 3026 2846 depre-

1818 2873 2047 2916 camur
2076 2853 2499 2916 clementiam
2532 2852 2814 2915 salutem
2836 2873 3030 2916 men-

1817 2942 1904 3004 tis
1936 2950 2005 3005 et
2036 2940 2327 3024 corporis
2356 2961 2371 3004 :
2418 2949 2493 3003 ut
2513 2950 2579 3003 te
2612 2948 2758 3004 tota
2774 2942 3030 3005 virtute

1818 3029 2140 3112 diligant:
2174 3038 2241 3092 et
2274 3049 2405 3112 que
2434 3029 2557 3092 tibi
2590 3027 2841 3112 placita
2864 3041 3031 3094 sunt

1818 3127 1963 3182 tota
1992 3119 2348 3182 dilectione
2368 3116 2733 3200 perficiant.
2772 3117 3031 3184 Oratio.

1816 3207 2176 3338 Adesto
2207 3206 2479 3269 domine
2525 3205 3030 3289 supplicationi-

1985 3295 2108 3359 bus
2184 3296 2465 3360 nostris:
2554 3304 2624 3358 et
2696 3296 2875 3358 viam
2958 3306 3034 3359 et

1817 3394 2005 3448 actus
2102 3384 2502 3448 famulorum
2590 3392 2854 3447 tuorum
2958 3386 3031 3448 in

1816 3472 2050 3536 salutis
2080 3481 2195 3536 tue
2226 3472 2667 3555 prosperitate
2698 3471 3031 3554 dispone:

1818 3571 1891 3625 ut
1924 3563 2095 3624 inter
2126 3581 2359 3624 omnes
2404 3561 2603 3642 hujus
2634 3560 2738 3623 vie
2786 3571 2853 3624 et
2882 3564 3035 3626 vite

1813 3651 2171 3714 varietates
2184 3649 2231 3688 ¹³
2260 3659 3032 3732 tuosemperprotegan-

1813 3749 1922 3803 tur
1952 3739 2223 3802 auxilio.
2767 3738 3033 3804 Oratio.

1812 3831 2086 3960 Deus
2148 3847 2190 3891 a
2236 3847 2373 3909 quo
2402 3836 2635 3891 sancta
2688 3826 3033 3893 desideria

1970 3925 2153 3980 recta
2182 3915 2461 3979 consilia
2500 3926 2571 3981 et
2630 3914 2815 4000 justa
2864 3927 3037 3982 sunt

1814 4077 1947 4176 Eq
1970 4148 1984 4172 ⁸
2003 4142 2111 4194 cui’
2137 4159 2237 4192 om.
2270 4161 2283 4193 ι
2318 4141 2465 4192 W.S.

1910 4214 1932 4241 ⁹
1966 4227 2058 4275 pro
2088 4215 2102 4238 ‘
2122 4226 2269 4276 quem
2291 4210 2304 4232 '
2326 4209 2406 4258 cui
2430 4227 2442 4258 :
2483 4209 2543 4259 E.

1896 4277 1933 4309 ¹⁰
1968 4285 2018 4326 te
2036 4277 2287 4342 perfecte:
2323 4276 2456 4326 E.G.

1894 4345 1929 4374 ¹¹
1966 4359 2057 4408 pro
2088 4349 2101 4372 ⁸
2121 4344 2218 4392 sibi
2245 4343 2258 4367 '
2297 4342 2371 4391 illi
2398 4343 2571 4394 :E.G.

1894 4411 1931 4441 ¹²
1961 4409 2215 4459 infundis:
2253 4409 2311 4458 E.
2323 4409 2384 4458 G.

1890 4477 1927 4508 ¹⁸
1961 4492 2053 4542 pro
2083 4477 2213 4526 ‘vite
2238 4476 2355 4526 var!
2380 4476 2635 4528 veniatis:
2670 4475 2723 4526 S.
