3375 5100
1085 353 1400 427 QUINTA
1449 352 1667 410 Posr
1706 352 2054 411 Pascua,

855 460 1015 517 469

324 568 527 635 messa
542 578 699 652 post
723 569 999 634 tertiam.
1086 570 1253 635 Post
1275 579 1516 635 sextam

323 680 470 723 vero
498 659 649 743 flat
680 659 999 741 processio
1069 668 1134 722 et
1176 657 1379 722 missa
1436 659 1519 723 de

304 747 583 830 jq'uniO.
706 745 765 811 S
765 746 797 809 i
862 766 1009 810 vero
1046 746 1299 827 festum
1348 746 1523 829 quod

308 835 624 917 profesto
652 835 856 898 trium
886 834 1217 897 lectionum
1262 844 1516 899 tantum

322 924 605 987 habetur
686 922 782 985 sic
847 922 1173 986 evenerit:
1260 932 1515 987 tantum

320 1010 641 1074 memoria
668 1010 820 1073 inde
838 1010 991 1093 fiat.

326 1104 389 1177 ί
432 1098 646 1163 Feria
672 1099 742 1181 ij.
774 1098 1065 1162 invitato.
1089 1106 1194 1162 etc.
1212 1107 1289 1161 ut
1302 1109 1516 1182 supra.

320 1186 403 1249 In
434 1196 748 1250 nocturno
775 1194 881 1250 ari.
928 1185 1123 1250 All’a.
1149 1196 1249 1267 ps.
1286 1187 1517 1250 Domi-

321 1294 444 1339 nus
462 1274 877 1339 illuminatiO.
896 1283 997 1357 ps’.
1038 1274 1151 1339 Ad
1167 1283 1233 1338 te
1250 1275 1520 1339 domine

320 1362 624 1427 clamavi.
635 1372 734 1444 ps.
756 1362 1027 1426 Afferte.
1048 1380 1095 1450 γ
1116 1363 1517 1427 Resurrexit.

318 1450 681 1583 Filioli¹
714 1452 844 1514 mei
874 1451 1249 1533 nondiliga-
1282 1450 1444 1535 [Lec.
1457 1451 1519 1534 j.

238 1602 243 1605 .
496 1559 652 1602 mus
669 1538 872 1603 verbo
902 1559 1116 1622 neque
1146 1540 1213 1601 in
1254 1538 1519 1621 lingua:

318 1627 437 1691 sed
482 1648 692 1710 opere
763 1635 834 1690 et
876 1627 1168 1691 veritate.
1259 1628 1339 1691 In
1391 1626 1519 1691 hoc

317 1716 787 1798 cognoscimus
806 1736 820 1778 :
841 1715 999 1797 quia
1015 1735 1103 1779 ex
1120 1714 1395 1780 veritate
1412 1736 1519 1779 su·

323 1823 472 1867 mus
500 1826 517 1869 :
550 1811 626 1866 et
654 1804 721 1865 in
742 1813 1095 1886 conspectu
1119 1803 1261 1885 ejus
1284 1805 1518 1868 suade-

321 1910 469 1955 mus
524 1891 731 1954 corda
788 1900 1054 1955 nostra:
1100 1892 1415 1973 quoniam
1460 1892 1516 1956 si

322 1978 827 2063 reprehenderit
871 2000 990 2065 nos
1036 1999 1148 2043 cor
1178 1989 1515 2045 nostrum:

322 2068 539 2151 major
568 2076 673 2131 est
700 2067 865 2131 deus
910 2068 1104 2131 corde
1135 2077 1360 2132 nostro
1387 2090 1401 2133 :
1448 2076 1518 2132 et

320 2157 511 2220 novit
590 2156 831 2220 omnia.
901 2156 1018 2220 Re.
1067 2156 1253 2220 Deus
1310 2157 1515 2221 canti-

322 2262 495 2308 cum.
1202 2244 1417 2307 Lectio
1447 2245 1517 2327 if.

469 2331 801 2396 harissimi
831 2331 1023 2395 sicot
1052 2340 1345 2396 nostrum
1380 2353 1511 2396 non

472 2419 968 2502 reprehenderit
1026 2440 1147 2483 nos
1206 2418 1513 2485 fiduciam

324 2506 653 2574 habemus
682 2508 768 2572 ad
798 2507 1034 2572 deum:
1081 2515 1149 2573 et
1199 2508 1511 2592 quicquid

324 2598 713 2680 petierimus
804 2597 1196 2679 accipiemus
1270 2597 1359 2661 ab
1433 2618 1513 2661 eo

324 2687 646 2767 quoniam
681 2685 995 2748 mandata
1034 2685 1177 2766 ejus
1226 2686 1514 2749 custodi-

320 2774 543 2838 vimus
583 2781 652 2836 et
698 2793 777 2836 ea
848 2793 977 2856 que
1051 2781 1207 2836 sunt
1273 2774 1516 2856 placita

326 2881 553 2926 coram
600 2881 681 2924 eo
754 2860 1045 2926 facimus,
1133 2861 1252 2925 Re.
1329 2861 1515 2925 Alle-

327 2948 481 3014 luia.
1170 2949 1387 3012 Lectio
1418 2949 1514 3032 izj.

327 3039 509 3169 Et
532 3035 659 3100 hoc
690 3045 791 3100 est
822 3036 1209 3100 mandatum
1252 3037 1393 3119 ejus
1441 3047 1518 3102 ut

480 3125 828 3190 credamus
908 3125 975 3187 in
1046 3127 1311 3190 nomine
1401 3124 1515 3188 filii

328 3213 473 3294 ejus
504 3214 664 3294 Jesu
719 3210 996 3279 Christi:
1044 3223 1112 3276 et
1164 3213 1517 3295 diligamus

328 3301 719 3366 alterutrum
778 3301 949 3364 sicut
1005 3300 1193 3364 dedit
1243 3302 1519 3365 manda-

330 3399 479 3453 tum
512 3389 719 3452 nobis,
813 3389 904 3452 Et
944 3389 1058 3471 qui
1088 3399 1303 3454 servat
1334 3409 1520 3454 man-

328 3477 490 3541 data
521 3477 699 3558 ejus:
746 3475 810 3539 in
842 3477 954 3540 illo
1000 3488 1224 3541 manet
1268 3487 1336 3542 et
1380 3479 1520 3561 ipse

332 3564 399 3628 in
432 3585 529 3628 eo,
620 3565 732 3629 Re.
782 3564 1015 3629 Deduc
1049 3585 1172 3630 me.
1219 3567 1303 3630 In
1341 3587 1517 3631 evan.

329 3663 437 3717 an.
488 3653 640 3735 Ipse
686 3651 860 3717 enim
906 3662 1094 3736 pater
1138 3663 1319 3718 amat
1364 3676 1519 3720 vos:

333 3742 492 3824 quia
518 3761 638 3804 vos
670 3760 779 3805 me
808 3742 1082 3806 amastis
1113 3751 1180 3806 et
1210 3743 1519 3807 credidis-

332 3831 419 3894 tis
450 3829 613 3893 all'a.
646 3836 747 3910 ps.
782 3830 1191 3895 Benedictus,
1289 3831 1523 3896 Oratio

333 3917 757 3982 dominicalis.
847 3918 969 3982 Ad
981 3918 1175 3983 horas
1203 3928 1279 3982 ut
1320 3930 1522 4002 supra

339 4054 354 4084 ¹
394 4056 610 4138 Omnes
638 4052 879 4102 honorate
916 4053 1269 4103 fraternitatem
1303 4053 1529 4118 diligite:

469 4119 619 4168 deum
638 4119 809 4168 timete
830 4134 995 4183 regem
1019 4119 1353 4169 honorificate.
1416 4121 1529 4170 Ser·

336 4185 387 4234 vi
415 4185 603 4235 subditi
641 4193 800 4235 estote
842 4185 897 4234 in
926 4186 1061 4235 omni
1097 4185 1274 4236 timore
1313 4185 1527 4236 dominis

338 4267 437 4300 non
460 4257 654 4301 tantum
692 4251 837 4300 bonis
864 4260 914 4301 et
953 4251 1221 4302 modestis:
1255 4253 1343 4301 sed
1374 4251 1525 4302 etiam

336 4316 551 4367 discolis.
1284 4318 1437 4367 Lectio
1460 4319 1518 4382 ij.

338 4385 499 4467 Hec
520 4391 595 4432 est
617 4382 749 4432 enim
783 4383 941 4447 gratia
974 4383 1015 4432 si
1048 4391 1249 4448 propter
1270 4384 1521 4434 conscien-

441 4449 561 4498 tiam
585 4449 790 4498 sustinet
814 4449 924 4513 quis
946 4449 1200 4500 tristiciam
1223 4451 1415 4514 patiens
1450 4449 1521 4498 in·

334 4511 461 4575 juste
482 4533 496 4563 ι
532 4515 643 4578 Que
666 4515 797 4564 enim
839 4523 909 4565 est
946 4515 1105 4580 gratia
1127 4516 1167 4564 si
1190 4525 1450 4580 peccantes
1472 4523 1521 4566 et

337 4580 627 4645 colaphizati
652 4580 903 4631 suffertis?
970 4582 1069 4631 Sed
1094 4581 1135 4631 si
1159 4581 1520 4632 benefacientes

2120 462 2273 516 470

1612 590 1760 633 cum
1833 570 2120 634 oratione
2176 568 2567 635 dominicali.
2685 572 2810 636 Ad

1612 668 2010 740 vesperasan.
2026 658 2328 723 Alleluia„
2335 668 2434 741 ps'.
2453 658 2677 723 Dilexi
2695 670 2802 724 etc.

1617 751 1681 824 ‘l'
1713 747 1909 810 Feria
1954 746 2050 829 iij.
2095 756 2386 810 cantetur
2421 747 2503 810 de
2539 747 2803 811 domina

1614 833 1750 898 nisi
1820 834 2207 917 impediatur
2238 846 2365 918 per
2401 835 2652 916 festum
2728 846 2806 898 ut

1602 922 1963 1004 predicitur
1979 946 2004 987 .·
2055 932 2118 987 et
2173 931 2326 987 tunc
2366 932 2658 988 cantetur
2724 923 2806 985 de

1612 1010 1875 1074 domina
1931 1002 2040 1074 die
2076 1012 2226 1075 lune
2263 1010 2660 1093 precedenti:
2742 1010 2807 1074 si

1597 1097 1766 1182 fieri
1776 1109 1989 1180 posset
2008 1100 2033 1137 ²
2061 1108 2476 1181 competenter.
2521 1099 2646 1163 Ad
2666 1118 2800 1163 ves-

1610 1197 1828 1269 peras·
1855 1196 1960 1251 an.
2007 1186 2312 1252 Alleluia.
2374 1196 2474 1269 ps.
2523 1188 2800 1251 Letatus

1617 1294 1783 1339 sum.
1872 1276 1956 1338 In
2029 1295 2250 1358 evang.
2328 1284 2432 1339 aii.
2482 1276 2680 1339 Exivi
2758 1296 2798 1339 a

1617 1372 1806 1446 patre
1852 1372 1921 1427 et
1963 1364 2112 1427 veni
2157 1364 2224 1427 in
2272 1365 2629 1428 mundum:
2678 1363 2798 1428 ite-

1618 1471 1763 1514 rum
1794 1451 2088 1533 relinquo
2131 1452 2448 1515 mundum
2497 1461 2565 1516 et
2624 1452 2798 1515 vado

1616 1539 1704 1689 gd
1736 1549 1989 1622 patrem
2019 1539 2168 1603 all'a
2197 1539 2358 1605 all’a.
2393 1549 2494 1621 ps.
2541 1540 2801 1623 Magni-

1667 1636 1791 1693 cat.

1620 1720 1685 1794 ΙΙ
1715 1715 1801 1779 In
1859 1714 2092 1797 vig-ilia
2139 1715 2520 1779 ascensionis
2562 1714 2629 1778 si
2660 1715 2800 1796 scs·

1616 1813 1758 1866 tum
1815 1802 2047 1885 duplex
2098 1804 2203 1867 vel
2251 1803 2426 1886 quod
2475 1803 2646 1867 alias
2674 1814 2801 1885 pro

1600 1890 1778 1972 sesto
1815 1891 2126 1973 ,simplici
2193 1912 2413 1955 novem
2469 1892 2802 1955 lectionum

1612 1978 1951 2043 haberetur
1966 1979 2245 2043 evenerit
2267 2004 2290 2042 .·
2302 1978 2441 2063 fiat
2454 1979 2723 2061 desesto
2742 1990 2811 2044 et

1614 2067 1925 2131 memoria
1971 2068 2049 2130 de
2089 2067 2324 2149 vigilia
2346 2090 2370 2131 .·
2412 2076 2474 2130 et
2498 2077 2654 2150 post
2678 2077 2800 2131 ter-

1616 2156 1782 2219 tiam
1822 2154 1961 2239 fiat
2016 2155 2218 2219 missa
2257 2156 2338 2219 de
2402 2165 2619 2218 sancto
2643 2177 2668 2219 .·
2740 2166 2804 2219 et

1598 2254 1753 2326 post
1819 2264 2056 2307 nonam
2111 2244 2252 2326 fiat
2304 2242 2616 2326 processio
2631 2271 2654 2307 .·
2739 2253 2804 2307 et

1612 2334 1818 2396 missa
1847 2332 1926 2395 de
1939 2331 2186 2413 vig-ilia.
2282 2331 2339 2396 S
2341 2330 2370 2393 i
2371 2330 2620 2413 festum
2631 2330 2808 2413 quod

1596 2430 1724 2501 pro
1768 2420 1941 2501 festo
1999 2420 2094 2502 iij.
2155 2418 2488 2483 lectionum
2537 2418 2607 2483 in
2669 2418 2799 2482 ista

1611 2506 1850 2592 vigilia
1866 2507 2144 2572 evenerit
2159 2530 2184 2572 .·
2215 2506 2520 2572 memoria
2542 2517 2799 2572 tantum

1593 2596 1735 2681 fiat
1753 2597 1778 2635 ⁸
1793 2596 1874 2660 de
1896 2606 2130 2662 sancto.

1615 2690 1680 2764 ΙΙ
1715 2684 1803 2749 Si
1825 2685 1934 2748 die
1972 2683 2354 2749 ascensionis
2384 2683 2636 2766 festum
2679 2683 2800 2747 du-

1595 2774 1755 2856 plex
1763 2773 1902 2836 sive
1923 2773 2193 2854 simplex
2218 2793 2437 2836 novem
2465 2772 2801 2836 lectionum

1612 2862 1922 2926 evenerit:
1949 2861 2301 2943 differatur
2316 2861 2384 2924 in
2407 2861 2760 2924 crastinum
2774 2885 2798 2925 .-

1614 2959 1675 3014 et
1681 2959 1834 3032 post
1875 2961 2162 3032 vesperas
2189 2952 2260 3014 in
2289 2948 2396 3012 die
2421 2949 2803 3012 ascensionis

1598 3037 1740 3122 fiat
1759 3038 2066 3102 memoria
2100 3039 2179 3102 de
2213 3045 2461 3100 sancto:
2503 3046 2565 3100 et
2593 3037 2663 3100 in
2689 3037 2802 3100 illo

1613 3126 1897 3190 crastino
1926 3135 2180 3189 tantum
2206 3125 2347 3208 fiat
2375 3124 2682 3188 memoria
2724 3126 2806 3188 de

1615 3214 1982 3280 ascensione.
2074 3213 2131 3278 S
2133 3214 2161 3276 i
2188 3234 2333 3276 vero
2360 3213 2612 3295 festum
2658 3222 2800 3276 tan-

1618 3312 1756 3366 tum
1789 3301 1883 3384 iij.
1914 3301 2244 3365 lectionum
2273 3301 2347 3364 in
2368 3301 2476 3364 die
2487 3303 2762 3364 evenerit
2779 3325 2804 3364 .·

1620 3411 1729 3454 nec
1753 3391 1948 3453 etiam
1977 3391 2055 3454 de
2080 3410 2150 3454 eo
2159 3388 2301 3473 fiat
2317 3389 2644 3452 memoria.
2717 3389 2774 3452 S
2776 3389 2806 3452 i

1618 3478 1810 3561 infra
1837 3488 2091 3543 octavas
2119 3477 2506 3541 ascensionis
2544 3475 2800 3557 festum

1620 3567 1721 3650 izj.
1769 3567 2101 3630 lectionum
2154 3574 2409 3628 tantum
2479 3564 2758 3626 evenerit
2775 3588 2800 3628 .·

1620 3655 1926 3718 memoria
1987 3663 2240 3717 tantum
2277 3653 2406 3735 fiet
2461 3652 2540 3715 de
2585 3663 2803 3715 sancto

1618 3743 1818 3806 etiam
1835 3743 1943 3805 die
1966 3753 2180 3806 octavo
2190 3741 2317 3824 fiet
2345 3739 2667 3802 memoria.
2720 3741 2775 3803 S
2779 3741 2808 3802 i

1605 3831 1858 3913 festum
1887 3831 2056 3913 quod
2069 3830 2339 3892 'dicatur
2365 3829 2447 3892 ix.
2468 3827 2803 3891 lectionum

1621 3919 1810 4001 infra
1853 3929 2106 3982 octavas
2133 3917 2412 3981 evenerit
2459 3925 2656 3980 totum
2671 3917 2813 4000 fiat

1628 4053 1872 4120 patienter
1913 4052 2162 4103 sustinetis
2205 4051 2300 4103 hec
2343 4059 2418 4103 est
2464 4051 2622 4118 gratia
2673 4052 2806 4118 apud

1628 4121 1791 4170 deum.
1865 4120 1944 4168 Tu
1967 4128 2146 4168 autem.
2545 4119 2704 4168 Lectio
2727 4120 2802 4184 iij.

1623 4189 1728 4270 [ιι
1749 4185 1846 4235 hoc
1867 4185 2000 4235 enim
2023 4185 2188 4234 vocati
2209 4185 2324 4236 estis
2346 4185 2464 4251 quia
2501 4193 2550 4234 et
2582 4185 2810 4235 Christus

1695 4265 1866 4316 passus
1904 4259 1979 4301 est
2023 4267 2113 4316 pro
2157 4251 2300 4301 nobis
2345 4251 2486 4301 vobis
2529 4251 2810 4316 relinquens

1623 4317 1938 4381 exemplum:
1994 4327 2047 4366 ut
2091 4317 2364 4383 sequamini
2417 4318 2624 4380 vestigia
2684 4317 2804 4381 ejus,

1621 4382 1723 4446 Qui
1764 4392 2018 4448 peccatum
2049 4399 2149 4433 non
2190 4383 2303 4433 fecit
2341 4399 2432 4433 nec
2475 4383 2704 4432 inventus
2739 4390 2812 4432 est

1622 4448 1770 4498 dolus
1785 4465 1935 4498 more
1953 4449 2072 4514 ejus.
2114 4450 2209 4499 Tu.
2261 4451 2327 4498 In
2349 4465 2486 4500 evan.
2508 4457 2617 4500 eta:
2650 4449 2822 4514 W.N.‚

1721 4517 1742 4558 ἓ
1769 4516 1952 4579 possit:
1985 4516 2057 4565 Ν.

1719 4584 1739 4613 ³
1757 4582 1862 4646 fiat
1880 4589 2078 4632 tantum
2099 4597 2116 4632 .·
2151 4582 2220 4632 N.
