3375 5100
1448 252 1599 308 DIE
1644 252 2073 309 DOMINICA

1046 361 1199 419 788

522 480 597 535 ut
628 470 735 533 leo
764 469 1058 533 animam
1092 488 1351 533 meam:
1398 468 1559 533 dum
1592 488 1727 531 non

522 569 625 623 est
648 559 760 641 qui
790 559 1073 622 redimat
1098 578 1314 641 neque
1332 558 1447 640 qui
1470 556 1727 621 salvum

523 647 739 711 saciat.
846 646 1143 711 Domine
1202 647 1368 711 deus
1427 665 1615 709 meus
1674 646 1730 708 si

524 736 648 799 feci
710 737 933 801 istud:
1008 736 1065 799 si
1125 745 1229 798 est
1289 734 1603 817 iniquitas
1662 734 1729 796 in

528 826 835 889 manibus
867 824 1049 888 meis,
1142 824 1220 887 Si
1258 824 1515 887 reddidi
1546 824 1732 887 retri-

526 914 883 978 buentibus
933 912 1095 976 mihi
1148 912 1367 977 mala:
1420 911 1728 975 decidam

529 1002 765 1067 merito
807 1004 896 1066 ab
946 1002 1229 1065 inimicis
1276 1000 1444 1063 meis
1496 1001 1728 1063 inanis.

527 1092 984 1172 Persequatur
1054 1090 1361 1153 inimicus
1436 1090 1730 1152 animam

528 1199 747 1243 meam
834 1180 947 1243 et¹
1010 1176 1587 1261 comprehendat:
1661 1186 1732 1239 et

528 1267 872 1333 conculcet
904 1268 971 1329 in
1014 1278 1187 1330 terra
1216 1268 1423 1330 vitam
1473 1286 1732 1329 meam:

529 1365 598 1420 et
645 1355 926 1438 gloriam
988 1374 1207 1419 meam
1270 1357 1337 1417 in
1390 1353 1734 1437 pulverem

530 1445 835 1508 deducat.
926 1444 1209 1525 Exurge
1236 1445 1507 1508 domine
1539 1444 1606 1505 in
1638 1444 1738 1505 ira

532 1543 651 1598 tua
678 1554 693 1597 ε
723 1544 793 1597 et
822 1533 1124 1596 exaltare
1156 1534 1221 1596 in
1248 1532 1489 1595 finibus
1518 1531 1738 1595 inimi-

528 1642 760 1685 corum
792 1642 1109 1685 meorum.
1199 1622 1299 1685 Et
1330 1640 1585 1703 exurge
1616 1622 1738 1683 do-

532 1711 713 1774 mine
735 1712 901 1775 deus
920 1730 1109 1774 meus
1132 1710 1198 1772 in
1218 1718 1531 1793 precepto
1555 1708 1736 1790 quod

534 1800 911 1863 mandasti:
958 1809 1025 1862 et
1062 1817 1411 1881 synagoga
1456 1796 1736 1881 populo·

533 1908 680 1951 rum
711 1888 1127 1952 circundabit
1161 1897 1244 1951 te.
1334 1888 1435 1951 Et
1466 1896 1740 1970 propter

532 1976 707 2041 hanc
770 1977 837 2040 in
897 1975 1109 2040 altum
1172 1977 1553 2059 regredere:
1618 1975 1738 2039 do-

536 2066 755 2129 minus
800 2065 1058 2147 judicat
1104 2065 1403 2148 populos.
1486 2063 1741 2137 Judica

538 2174 646 2217 me
692 2155 963 2217 domine
1008 2154 1373 2217 secundum
1402 2152 1738 2235 justiciam

539 2263 802 2307 meam:
872 2252 941 2306 et
1000 2244 1365 2306 secundum
1428 2242 1742 2305 innocen-

538 2334 703 2395 tiam
751 2351 971 2395 meam
1023 2352 1222 2415 super
1268 2351 1393 2395 me.
1491 2330 1742 2395 Consu-

539 2431 757 2483 metur
814 2420 1113 2502 nequitia
1186 2429 1610 2503 peccatorum
1670 2425 1742 2482 et

542 2509 795 2592 dirige‘*
842 2509 1131 2592 justum:
1184 2518 1487 2574 scrutans
1540 2507 1744 2572 corda

541 2609 609 2661 et
639 2619 829 2662 renes
869 2599 1051 2662 deus.
1150 2598 1431 2672 Justum
1478 2597 1744 2678 adjuto-

541 2689 710 2751 rium
743 2707 967 2749 meum
1010 2709 1051 2750 a
1095 2688 1408 2750 domino:
1455 2688 1570 2769 qui
1616 2685 1744 2749 sal-

540 2796 661 2838 vos
722 2775 880 2838 facit
938 2785 1151 2840 rectos
1226 2777 1442 2840 corde.
1554 2775 1745 2837 Deus

538 2864 753 2946 judex
798 2864 1017 2945 justus
1078 2864 1265 2928 fortis
1325 2873 1394 2928 et
1446 2865 1746 2947 patiens:

546 2953 843 3034 nunquid
918 2953 1217 3017 irascitur
1275 2973 1395 3035 per
1451 2951 1748 3034 singulos

548 3041 705 3104 dies,
796 3041 964 3104 Nisi
995 3042 1291 3105 conversi
1325 3041 1575 3105 fueritis
1608 3039 1752 3123 gla-

545 3131 731 3193 dium
808 3149 1003 3193 suum
1063 3131 1443 3194 vibrabit⁸:
1520 3149 1748 3194 arcum

547 3239 741 3282 suum
786 3220 1073 3283 tetendit
1125 3228 1191 3283 et
1241 3220 1499 3303 paravit
1544 3218 1750 3281 illum.

548 3308 650 3371 Et
712 3309 777 3370 in
839 3328 921 3371 eo
981 3309 1239 3392 paravit
1300 3329 1459 3372 vasa
1519 3308 1752 3371 mortis

547 3397 829 3480 sagittas
880 3417 1033 3461 suas
1083 3398 1467 3461 ardentibus
1516 3396 1752 3460 effecit.

549 3485 619 3548 E
622 3505 734 3548 cce
756 3488 1033 3568 parturit
1054 3486 1487 3567 injusticiam:
1520 3505 1754 3549 conce-

552 3575 652 3657 pit
695 3574 993 3638 dolorem
1042 3585 1111 3638 et
1157 3577 1412 3659 peperit
1444 3575 1753 3656 iniquita·

550 3672 708 3727 tem.
799 3664 1052 3727 Lacum
1102 3666 1360 3747 aperuit
1410 3674 1478 3728 et
1522 3663 1754 3726 effodit

552 3771 740 3815 eum:
788 3761 857 3815 et
888 3753 1119 3816 incidit
1157 3755 1223 3816 in
1255 3752 1515 3817 foveam
1547 3772 1752 3835 quarn

552 3840 723 3904 fecit.
821 3841 1253 3906 Convertetur
1281 3840 1472 3905 dolor
1502 3842 1645 3923 ejus
1684 3842 1749 3904 in

548 3938 754 4012 caput
785 3929 926 4010 ejus
956 3952 970 3994 :
1019 3933 1177 3994 etin
1202 3933 1514 3994 verticem
1548 3931 1752 4013 ipsius

552 4018 863 4101 iniquitas
915 4019 1059 4099 ejus
1108 4021 1483 4084 descendet.
1580 4019 1750 4085 Con·

552 4106 792 4170 fitebor
821 4108 1095 4172 domino
1114 4109 1137 4146 ⁴
1169 4109 1536 4173 secundum
1556 4107 1752 4191 justi-

854 4271 867 4302 ¹
910 4271 1017 4320 ‘et’
1042 4287 1143 4322 om.
1173 4289 1185 4322 :
1220 4273 1270 4322 S.

852 4338 873 4366 ²
902 4337 1086 4402 diriges
1112 4355 1124 4388 :
1160 4339 1387 4389 E.G.W.

853 4404 873 4434 ⁸
908 4404 1155 4454 vibravit:
1190 4405 1479 4456 E.G.W.S.

858 4472 875 4500 ⁴
910 4470 1139 4520 domini:
1176 4471 1465 4523 E.G.W.S.

2349 363 2495 419 734

1825 469 1999 533 ciam
2054 469 2242 550 ejus:
2309 478 2378 533 et
2439 470 2724 553 psallam
2781 474 3046 535 nomini

1825 558 1936 621 dei
1967 557 2285 621 altissimi.
2673 560 3048 624 psalmus?

1826 647 2207 779 Domine
2237 648 2548 711 dominus
2581 658 2808 712 noster
2831 670 3046 731 quam

1983 734 2374 798 admirabile
2411 746 2513 800 est
2545 756 2792 801 nomen
2842 748 3044 801 tuum

1828 825 1896 887 in
1929 824 2236 886 universa
2267 834 2454 887 terra.
2537 824 2872 903 Quoniam
2905 827 3048 890 ele-

1827 921 1984 975 vata
2029 922 2132 975 est
2165 912 2658 995 magnificentia
2702 924 2864 978 tua:
2929 936 3044 979 su·

1829 1020 1949 1083 per
2015 1000 2209 1065 celos
2301 1001 2422 1064 Ex
2486 1022 2604 1066 ore
2675 1003 3044 1067 infantium

1830 1098 1898 1151 et
1945 1088 2330 1152 lactentium
2379 1090 2710 1171 perfecisti
2763 1092 3044 1155 laudem

1830 1187 2103 1260 propter
2159 1178 2462 1242 inimicos
2521 1189 2718 1244 tuos:
2781 1191 2859 1243 ut
2918 1182 3046 1244 de-

1831 1275 2047 1329 struas
2077 1266 2102 1304 ⁶
2149 1267 2488 1330 inimicum
2573 1277 2642 1332 et
2731 1269 3040 1334 ultorem.

1836 1354 2169 1433 Quoniam
2203 1355 2443 1419 videbo
2487 1355 2665 1419 celos
2696 1366 2846 1421 tuos
2877 1379 3045 1441 ope-

1834 1464 1904 1505 ra
1945 1445 2304 1525 digitorum
2337 1454 2602 1508 tuorum
2633 1468 2646 1509 :
2711 1445 2938 1509 lunam
2971 1457 3045 1510 et

1833 1531 2064 1596 stellas
2123 1552 2254 1614 que
2313 1542 2385 1595 tu
2452 1532 2764 1597 fundasti.
2859 1535 3041 1614 Quid

1831 1630 1936 1683 est
1969 1622 2169 1683 homo
2213 1622 2396 1703 quod
2444 1642 2699 1686 memor
2743 1644 2816 1687 es
2854 1624 3040 1705 ejus:

1833 1719 1948 1773 aut
1981 1709 2154 1771 filius
2199 1709 2486 1772 hominis
2533 1712 2850 1793 quoniam
2884 1714 3042 1776 visi-

1831 1808 1936 1861 tas
1989 1818 2162 1861 eum.
2251 1798 2572 1863 Minuisti
2622 1820 2776 1864 eum
2838 1801 3042 1883 paulo

1835 1888 2054 1949 minus
2129 1886 2217 1949 ab
2290 1887 2594 1969 angelis:
2682 1888 2899 1971 gloria
2975 1900 3044 1952 et

1835 1974 2088 2038 honore
2135 1976 2465 2041 coronasti
2515 1998 2713 2042 eum:
2761 1987 2830 2041 et
2884 1998 3045 2042 con-

1836 2065 2108 2127 stituisti
2169 2084 2323 2127 eum
2378 2086 2576 2147 super
2635 2086 2840 2149 opera
2901 2088 3044 2131 ma-

1837 2173 2043 2216 nuum
2078 2164 2358 2217 tuarum.
2429 2152 2672 2218 Omnia
2703 2155 3044 2237 subjecisti

1837 2242 1962 2305 sub
1995 2241 2275 2323 pedibus
2321 2242 2465 2322 ejus
2491 2264 2507 2306 :
2553 2263 2712 2306 oves
2741 2254 2811 2307 et
2843 2246 3046 2307 boves

1839 2330 2178 2393 universas
2215 2351 2230 2393 :
2308 2330 2576 2414 insuper
2651 2341 2721 2395 et
2803 2352 3048 2415 pecora

1837 2419 2077 2500 campi.
2183 2417 2495 2483 Volucres
2541 2420 2666 2485 celi
2708 2429 2778 2484 et
2830 2422 3048 2504 pisces

1841 2508 2079 2572 maris:
2127 2507 2242 2590 qui
2275 2509 2742 2590 perambulant
2772 2510 3048 2574 semitas

1841 2598 2057 2660 mariS.
2119 2597 2415 2660 Domine
2445 2598 2750 2662 dominus
2783 2609 3048 2664 noster:

1840 2705 2044 2769 quam
2063 2686 2455 2749 admirabile
2473 2696 2576 2750 est
2595 2707 2839 2750 nomen
2853 2697 3044 2750 tuum

1844 2777 1910 2838 in
1942 2776 2248 2837 universa
2279 2784 2470 2838 terra.
2682 2775 3048 2841 psalmus!

1857 2862 2312 2999 Confitebor
2343 2863 2462 2926 tibi
2493 2865 2768 2927 domine
2800 2867 2868 2928 in
2901 2875 3046 2929 toto

1981 2953 2181 3016 corde
2233 2971 2422 3015 meo:
2478 2954 2763 3016 narrabo
2819 2956 3046 3016 omnia

1847 3041 2174 3104 mirabilia
2207 3049 2336 3104 tua.
2429 3041 2730 3105 Letabor
2761 3052 2828 3107 et
2859 3043 3049 3106 exul-

1847 3130 2007 3193 tabo
2039 3130 2104 3192 in
2137 3141 2205 3194 te
2233 3151 2248 3194 :
2315 3129 2597 3212 psallam
2645 3133 2899 3194 nomini
2930 3141 3048 3194 tuo

1849 3220 2182 3283 altissime.
2273 3219 2358 3282 In
2421 3222 2870 3284 convertendo
2931 3221 3050 3283 ini-

1851 3310 2095 3371 micum
2146 3329 2368 3371 meum
2423 3319 2827 3373 retrorsum:
2875 3308 3050 3371 infir-

1853 3397 2213 3460 mabuntur
2283 3406 2349 3460 et
2411 3397 2722 3479 peribunt
2781 3419 2822 3461 a
2884 3396 3050 3462 facie

1849 3497 1982 3550 tua.
2081 3485 2414 3565 Quoniam
2464 3487 2677 3550 fecisti
2726 3485 3048 3567 judicium

1852 3595 2075 3637 meum
2108 3585 2176 3637 et
2206 3595 2474 3638 causam
2509 3595 2728 3638 meam
2755 3596 2769 3639 ε
2816 3577 3009 3639 sedes
3029 3575 3052 3611 ⁸

1849 3684 2050 3746 super
2091 3664 2403 3726 thronum
2457 3665 2571 3746 qui
2614 3662 2874 3746 judicas
2915 3665 3054 3746 jus-

1848 3753 2094 3817 ticiam.
2214 3752 2587 3835 Increpasti
2670 3763 2906 3835 gentes
2987 3763 3052 3816 et

1851 3842 2046 3924 periit
2123 3841 2415 3924 impius:
2501 3861 2748 3905 nomen
2824 3863 3052 3904 eorum

1853 3929 2087 3994 delesti
2133 3930 2200 3993 in
2248 3940 2594 3994 eternum:
2641 3939 2709 3994 et
2751 3931 2818 3992 in
2873 3951 3056 3994 secu-

1851 4019 1990 4082 lum
2038 4017 2258 4082 seculi.
2349 4019 2614 4084 Inimici
2674 4017 3058 4083 defecerunt

1853 4107 2100 4172 framee
2161 4107 2228 4171 in
2289 4105 2544 4172 finem:
2628 4118 2695 4172 et
2752 4107 3059 4172 civitates

2081 4409 2304 4521 :gagii
2323 4404 2494 4521 33th
2527 4405 2600 4453 ἐπ’
2621 4421 2638 4453 ”
2662 4403 2713 4452 S'
