3375 5100
59 772 62 789 “
59 670 61 709 ’“’“
59 479 75 620 -“’Ἵ
59 326 76 460 -“-i
59 216 77 308 -’““
59 126 62 202 -’-“

1583 355 1682 411 IN
1730 357 1997 412 FESTO

1123 465 1269 522 183

577 583 654 638 et
708 591 907 654 opere
967 573 1252 636 nutritus
1325 573 1610 637 traditus
1669 581 1775 636 est

576 663 807 743 cyrino
837 661 1244 744 presbytero,
1337 661 1544 743 Cujus
1561 663 1769 726 vitam

579 751 880 814 imitatus
909 759 977 813 et
1010 770 1264 813 mores:
1311 751 1396 814 ad
1431 769 1769 813 summum

495 885 522 912 .
578 840 837 922 apicem
883 839 1232 902 christiane
1281 839 1616 921 religionis
1667 847 1768 901 at-

577 929 748 1009 tigit.
869 925 1136 1010 Quique
1195 946 1346 990 cum
1421 937 1596 990 esset
1655 927 1769 988 tri-

583 1017 906 1078 cesimum
953 1035 1200 1078 annum
1234 1016 1432 1079 etatis
1491 1035 1771 1097 gerens:

579 1125 624 1168 a
640 1113 878 1168 sancto
903 1103 1269 1166 melchiade
1289 1105 1600 1187 episcopo
1629 1103 1775 1167 dia-

577 1212 786 1256 conus
847 1191 1062 1256 factus
1123 1202 1240 1256 est.
1354 1191 1498 1256 Nec
1559 1191 1773 1255 multo

579 1291 734 1364 post
781 1281 866 1344 ad
911 1281 1193 1362 gradum
1238 1280 1584 1344 sacerdotii
1622 1301 1773 1362 pro·

581 1378 804 1432 motus
849 1379 970 1432 est.
1057 1369 1311 1435 Sancto
1361 1369 1560 1451 igitur
1609 1366 1774 1432 mel-

578 1458 816 1522 chiade
889 1457 1204 1540 episcopo
1283 1458 1612 1538 migrante
1684 1457 1772 1521 ad

579 1547 974 1610 dominum:
1080 1546 1167 1609 ab
1254 1547 1437 1608 omni
1525 1546 1775 1629 populo

579 1635 887 1698 silvester
931 1633 1234 1716 eligitur:
1293 1642 1364 1696 et
1414 1632 1775 1698 honorifice

579 1724 930 1806 episcopus
942 1730 1380 1788 consecratur.
1450 1722 1566 1785 Re.
1583 1723 1775 1804 Euge

580 1833 790 1880 serve.
1459 1810 1673 1874 Lectio
1703 1811 1773 1891 ij.

577 1902 722 2035 ln
767 1898 883 1964 illo
927 1907 1268 1983 tempore:
1315 1899 1502 1964 Exiit
1547 1899 1775 1963 decre·

680 2000 826 2052 tum
859 2009 900 2052 a
931 1989 1351 2052 constantino
1381 1997 1665 2070 augusto
1698 1997 1773 2051 ut

580 2077 916 2142 christiani
943 2078 1028 2141 ad
1054 2077 1555 2141 sacrificandum
1577 2076 1773 2139 idolis

579 2177 988 2250 cogerentur.
1084 2165 1284 2230 Unde
1306 2165 1554 2230 factum
1576 2175 1679 2228 est
1700 2173 1775 2228 ut

579 2256 898 2320 secedens
955 2255 1044 2318 ab
1103 2256 1266 2318 urbe
1331 2263 1598 2318 sanctus
1663 2253 1775 2317 sil-

578 2354 798 2409 vester
827 2345 895 2407 in
927 2353 1156 2406 monte
1201 2342 1460 2425 sirapti¹
1495 2341 1776 2405 latibulo

579 2453 732 2496 curn
794 2433 930 2496 suis
975 2453 1050 2495 se
1097 2431 1352 2496 clericis
1402 2429 1776 2494 collocaret.

584 2521 1063 2587 Constantinus
1145 2529 1371 2584 autem
1457 2527 1777 2601 augustus

580 2631 734 2675 cum
767 2609 1014 2673 multos
1061 2609 1450 2673 christianos
1502 2608 1778 2672 occidis-

585 2709 726 2763 set:
773 2697 1154 2780 elephantie
1185 2698 1418 2761 morbo
1463 2718 1504 2759 a
1549 2697 1678 2759 deo
1712 2696 1777 2759 in

582 2796 730 2851 toto
756 2806 1028 2869 corpore
1051 2806 1397 2868 percussus
1429 2794 1546 2848 est.
1598 2785 1776 2848 Huic

441 2898 462 2919 ·
583 2876 853 2958 capitoli
883 2874 1232 2959 pontifices
1277 2874 1402 2938 hoc
1448 2873 1777 2937 dederunt

582 2963 977 3028 consilium:
1037 2972 1113 3026 ut
1173 2964 1494 3045 piscinam
1539 2961 1777 3044 repleri

582 3053 828 3117 faceret
859 3052 1188 3116 infantum
1231 3053 1593 3115 occisorum
1627 3070 1778 3113 san-

582 3142 826 3224 guine:
898 3142 964 3204 in
1048 3161 1181 3222 qua
1242 3140 1382 3222 ipse
1455 3147 1778 3221 augustus

581 3231 998 3294 descendens
1043 3229 1474 3292 mundaretur
1503 3249 1545 3291 a
1576 3228 1777 3309 lepra.

579 3319 695 3382 Re.
733 3319 908 3383 Ecce
939 3318 1262 3382 sacerdos,
1433 3316 1651 3379 Lectio
1681 3316 1781 3397 iij.

578 3408 898 3543 Statim
948 3407 1222 3470 missum
1269 3415 1372 3468 est
1416 3405 1501 3468 ad
1550 3404 1780 3487 predia

705 3498 926 3580 regia:
970 3506 1040 3560 et
1072 3496 1197 3558 tria
1220 3494 1426 3557 millia
1450 3493 1779 3556 infantum

578 3587 850 3650 adducti
871 3595 1028 3649 sunt
1046 3603 1322 3648 romam.
1399 3583 1530 3647 Die
1553 3590 1778 3646 autem

577 3676 943 3740 constituta
973 3693 1123 3739 cum
1150 3674 1510 3756 imperator
1537 3672 1662 3734 iret
1692 3669 1779 3732 ad

577 3765 966 3847 capitolium
997 3784 1012 3827 ε
1058 3771 1128 3826 et
1152 3762 1293 3845 jam
1343 3761 1555 3843 parati
1587 3759 1779 3822 ades·

577 3864 730 3917 sent
760 3854 874 3935 qui
907 3852 1252 3917 occidendi
1307 3850 1496 3914 er'ant
1548 3848 1778 3931 pueri:

577 3942 864 4005 occurrit
951 3940 1313 4004 multitudo
1402 3940 1778 4003 innumera-

578 4031 811 4094 bilium
935 4028 1286 4092 mulierum
1420 4027 1778 4090 fundentes

579 4138 843 4182 amaras
888 4116 1215 4181 lacrimas,
1290 4116 1481 4180 Tunc
1527 4116 1780 4197 pietate

577 4215 802 4271 motus
834 4207 1196 4289 imperator
1223 4205 1415 4268 dixit.
1531 4203 1779 4267 Melius

571 4306 680 4360 est
703 4316 826 4379 pro
849 4294 1063 4359 salute
1095 4294 1546 4357 innocentium
1573 4292 1777 4355 mori:

679 4492 694 4522 ¹
731 4491 945 4556 serapti:
983 4490 1117 4542 EG.

675 4562 696 4592 ²
727 4558 984 4609 exhiberi:
1023 4558 1079 4607 E.
1091 4557 1244 4609 G.w.

2392 465 2533 523 136

1874 592 2075 654 quam
2102 592 2220 656 per
2248 572 2589 638 interitum
2610 573 3063 638 innocentium

1872 663 2077 724 vitam
2112 681 2496 744 recuperare
2524 663 2880 728 crudelem.
2972 664 3065 728 Et

1870 749 1993 814 hec
2054 749 2319 814 dicens:
2387 749 2585 833 jussit
2646 749 2817 815 filios
2876 752 3065 815 reddi

1871 837 2193 901 matribus
2238 839 2375 902 suis
2422 840 2690 922 insuper
2734 841 2913 903 dona
2950 859 3069 904 an-

1871 946 2083 990 nonas
2140 934 2210 989 et
2254 927 2557 992 vehicula
2601 926 2859 992 infinita
2918 949 3065 1011 per-

1872 1013 2163 1078 hiberi²:
2234 1026 2307 1079 ut
2358 1017 2725 1098 gaudentes
2784 1027 3071 1081 reverte-

1872 1113 2099 1166 rentur
2156 1103 2243 1167 ad
2302 1104 2605 1168 civitates
2664 1125 2837 1169 suas.
2948 1105 3065 1170 Re.

1871 1190 2171 1274 Agmina
2250 1213 2453 1256 sacra.
2587 1210 2636 1280 γ
2709 1194 3062 1276 Tanquam

1872 1280 2200 1362 sponsus!
2276 1280 2505 1344 Sermo
2534 1281 2705 1345 beati
2727 1283 3071 1365 augustini

1872 1369 2149 1452 episcopi.
2696 1371 2909 1436 Lectio
2938 1371 3063 1453 iiij.

2012 1458 2112 1520 uis
2186 1465 2523 1522 tantarum
2542 1459 2566 1496 ⁴
2628 1477 2845 1522 rerum
2919 1479 3064 1523 ver·

2012 1545 2380 1628 horumque
2449 1546 2643 1630 copia
2708 1548 3065 1612 instructus

1874 1634 2143 1698 existit:
2190 1635 2302 1716 qui
2350 1635 2545 1718 hujus
2603 1635 2733 1699 diei
2778 1637 3065 1719 gratiam

1874 1722 2094 1804 dignis
2125 1723 2338 1805 possit
2368 1723 2676 1787 laudibus
2706 1726 3066 1806 predicare.

1876 1809 2077 1874 Unde
2122 1811 2179 1874 si
2223 1811 2603 1892 hujusmodi
2650 1812 2869 1876 nullus
2922 1823 3065 1877 est:

1871 1917 2005 1962 non
2037 1899 2481 1963 erubescimus
2524 1901 2727 1964 etiam
2772 1902 2828 1964 si
2877 1903 3067 1965 nobis

1872 1987 2143 2050 nitidior
2188 1988 2451 2052 dicendi
2500 1987 2809 2053 facundia
2852 1991 3067 2054 desit:

1872 2074 1979 2139 vel
2070 2075 2385 2140 mediocri
2460 2085 2687 2142 tamen
2764 2098 3067 2142 sermone

1870 2172 2136 2246 partum
2169 2185 2351 2228 sacre
2380 2165 2692 2248 virginis:
2738 2175 2804 2230 et
2843 2181 3063 2230 ortum

1874 2253 2188 2316 dominici
2276 2254 2568 2336 corporis
2670 2255 3067 2320 disserentes

1875 2341 2265 2404 conabimur
2332 2342 2683 2424 explicare.
2805 2345 3067 2407 Natalis

1878 2439 1981 2492 est
2010 2448 2169 2510 ergo
2200 2429 2543 2494 salvatoris
2586 2431 2789 2495 hodie
2816 2433 2903 2496 de
2933 2453 3069 2515 quo

1878 2517 2152 2602 angelus
2184 2520 2559 2601 pastoribus
2603 2521 2805 2587 dicit:
2851 2521 3071 2587 Natus

1880 2617 1981 2671 est
2034 2608 2226 2670 nobis
2279 2609 2479 2672 hodie
2530 2610 2837 2675 salvator.
2954 2611 3073 2675 Rc.

1880 2695 2099 2778 Quem
2123 2696 2397 2761 vidistis,
2457 2715 2506 2784 y
2537 2698 2773 2763 Dicite.
2849 2699 2987 2763 Lec.
3014 2721 3073 2763 v.

2099 2805 2235 2867 quo
2280 2786 2604 2868 propheta
2646 2787 2851 2850 etiarn
2893 2788 3073 2853 dicit.

2036 2872 2205 2936 Puer
2223 2884 2421 2937 natus
2440 2884 2543 2938 est
2564 2874 2787 2939 nobis:
2810 2885 2881 2939 et
2898 2876 3075 2940 filius

1878 2962 2076 3025 datus
2108 2972 2209 3025 est
2254 2964 2462 3026 nobis
2554 2963 2869 3028 Nascitur
2912 2986 3073 3048 ergo

1878 3069 2077 3131 quem
2109 3071 2331 3132 regem
2378 3052 2677 3135 gentium
2723 3052 2891 3116 alius
2922 3074 3069 3136 pro-

1878 3137 2083 3220 pheta
2140 3148 2465 3204 testatur:
2512 3141 2605 3204 Et
2650 3142 2939 3205 nascitur
2982 3164 3075 3206 ex

1878 3226 2163 3307 virgine:
2189 3229 2356 3291 sicut
2379 3229 2697 3311 scriptum
2720 3238 2861 3294 est:
2896 3231 3079 3295 Ecce

1878 3316 2068 3397 virgo
2092 3318 2421 3399 concipiet
2452 3318 2518 3380 in
2542 3328 2731 3381 utero
2762 3327 2831 3382 et
2862 3320 3079 3401 pariet

1880 3402 2089 3467 filium
2136 3413 2204 3467 et
2249 3406 2591 3470 vocabitur
2642 3427 2883 3471 nomen
2930 3408 3080 3489 ejus

1882 3492 2230 3557 emanuel:
2308 3495 2486 3575 quod
2566 3495 3075 3579 interpretatum

1879 3590 1981 3643 est
2012 3601 2101 3644 ex
2146 3580 2391 3646 hebrea
2426 3582 2654 3665 lingua
2683 3584 2751 3647 in
2795 3584 3079 3649 latinum

1879 3669 2231 3733 translata:
2258 3671 2600 3735 nobiscum
2632 3671 2817 3737 deus.
2858 3673 2974 3737 Re.
3010 3674 3075 3741 O

1880 3777 2218 3841 magnum.
2338 3777 2385 3845 γ
2447 3760 2741 3825 Domine
2830 3762 3083 3829 audivi.

2033 3847 2226 3911 robat
2256 3868 2415 3930 ergo
2445 3848 2759 3913 virtutem
2788 3848 2954 3934 [Lec.
2984 3851 3079 3917 vi.

2030 3936 2285 3999 domini
2318 3937 2483 4001 ordo
2507 3939 2839 4003 nascendi.
2898 3940 3083 4005 Con-

1877 4025 2057 4106 cepit
2074 4025 2260 4107 virgo
2269 4025 2472 4089 virilis
2491 4026 2721 4109 ignara
2740 4029 3079 4094 consortii:

1878 4113 2194 4196 impletur
2254 4123 2475 4179 uterus
2536 4115 2719 4179 nullo
2780 4116 3080 4181 humano

1876 4202 2171 4284 pollutus
2195 4202 2533 4285 amplexu.
2610 4204 2855 4269 Videte
2880 4204 3085 4269 mira-

1876 4289 2099 4354 culum
2134 4293 2362 4356 matris
2392 4292 2708 4356 dominici
2741 4295 3081 4377 corporis:

1975 4489 1995 4517 ³
2028 4488 2191 4538 medie
2240 4488 2476 4539 lectiones
2510 4490 2572 4539 de
2606 4489 2902 4541 nativitate:
2937 4492 3039 4543 add
3064 4510 3081 4544 z

1876 4553 2099 4604 E.G.W.
2542 4559 2558 4587 ⁴
2591 4564 2766 4606 tanta:
2802 4558 2865 4606 G.
