3375 5100
1432 297 1763 354 DOMINI
1760 297 1858 354 CA
1911 297 2181 353 PRIMA

1094 407 1235 462 199

564 513 647 577 de
686 513 931 578 sanctis
976 513 1044 577 si
1086 515 1169 578 de
1216 515 1313 578 eis
1337 513 1604 596 proprie
1644 513 1763 577 lec-

567 603 769 666 tiones
823 602 1197 667 habeantur.
1308 605 1369 666 E
1378 612 1411 666 t
1477 603 1762 685 quando-

562 711 809 773 cunque
863 691 1141 754 occurrit
1171 691 1424 773 festum
1481 689 1764 773 alicujus

560 779 779 843 sancti
822 781 1027 842 trium
1078 780 1415 843 lectionum
1458 779 1526 842 si
1564 779 1649 842 de
1691 799 1763 842 eo

562 868 703 932 dz‘ci
728 888 852 931 non
868 867 1080 949 possit
1086 869 1229 951 fiat
1253 868 1332 931 de
1357 890 1425 931 eo
1452 868 1763 931 memoria

564 957 664 1020 ad
686 966 979 1038 vesperas
1004 967 1069 1020 et
1102 957 1203 1019 ad
1238 957 1599 1020 matutinas
1609 966 1761 1038 pre-

571 1055 863 1127 terquam
918 1045 988 1108 in
1050 1066 1204 1108 cena
1248 1044 1506 1108 domini
1522 1067 1548 1108 .·
1607 1055 1673 1107 et
1717 1066 1762 1109 a

564 1133 675 1196 die
704 1133 815 1196 illo
844 1153 1040 1215 usque
1079 1133 1179 1196 ad
1210 1133 1381 1196 diem
1406 1133 1665 1196 sabbati
1693 1133 1761 1196 in

567 1223 928 1303 septimana
961 1221 1195 1302 pasche
1228 1245 1253 1284 .·
1296 1231 1361 1284 et
1391 1221 1655 1304 preter¹
1690 1222 1760 1285 in

568 1310 676 1373 die
718 1309 1139 1392 penthecostes
1186 1331 1333 1373 cum
1376 1331 1490 1372 sex
1542 1309 1764 1374 diebus

568 1399 972 1480 sequentibus
991 1422 1015 1462 .·
1058 1408 1123 1460 et
1153 1400 1332 1480 festo
1374 1398 1763 1462 ascensionis·

568 1497 633 1550 et
657 1487 935 1568 corporis
970 1486 1235 1552 Chris-‘22

2359 405 2524 460 200

1861 513 2099 594 duplex
2135 513 2318 596 quod
2335 513 2710 595 precesserit
2753 513 2826 576 in
2845 513 3050 596 seria.

1859 612 2048 665 sexta
2075 611 2230 666 tunc
2261 601 2434 665 enim
2480 603 2550 664 in
2575 602 2838 666 sabbato
2861 612 3059 666 erunt

1863 701 2114 772 vespere
2165 691 2248 754 de
2298 700 2518 754 sancto
2541 712 2568 754 .·
2622 701 2689 755 et
2745 691 3054 755 memoria

1859 778 1944 842 de
2009 778 2300 842 historia.
2426 780 2604 843 Peto.
2683 779 3052 862 Siquidem.

1861 877 1925 930 et
1941 866 1970 905 ⁹
2023 865 2336 949 Adonay.
2384 889 2508 931 non
2558 866 2871 932 di‘cuntur
2901 879 3052 949 pre·

1859 955 2041 1038 cipue
2065 979 2094 1020 .·
2163 957 2322 1038 quia
2393 957 2740 1038 dependent
2803 977 2850 1020 a
2877 955 2926 996 ¹⁰
2975 957 3050 1021 Si

1861 1044 2040 1107 bona
2071 1065 2088 1109 :
2167 1045 2343 1108 unde
2401 1054 2670 1127 propter
2743 1065 2852 1108 eas
2919 1067 3054 1108 non

1859 1133 2190 1196 omittitur
2245 1131 2402 1215 quin
2459 1133 2560 1196 ad
2613 1143 2907 1214 vesperas
2979 1133 3050 1196 in

1859 1242 2087 1284 earum
2119 1221 2459 1302 inceptione
2492 1222 2789 1285 dicentur
2811 1221 2852 1258 ¹¹
2877 1222 3052 1284 anti-

1848 1310 2064 1391 phone
2095 1311 2176 1372 de
2201 1310 2505 1374 laudibus
2517 1310 2920 1392 festivitatis
2963 1311 3048 1375 ix.

1859 1398 2194 1461 lectionum
2243 1399 2314 1460 in
2355 1398 2618 1462 sabbato
2645 1399 3010 1480 precedenti
3028 1424 3055 1462 .·

1859 1496 2075 1550 tamen
2117 1487 2188 1550 in
2229 1487 2570 1568 inceptione
2613 1487 2884 1550 illarum
2925 1509 3053 1550 non

574 1580 640 1653 (s
684 1575 789 1639 De
815 1576 994 1656 sesto
1038 1597 1261 1639 novem
1288 1575 1625 1639 lectionum
1668 1575 1770 1639 ad
1841 1575 2019 1658 fient
2039 1575 2240 1638 medie
2265 1575 2566 1639 lectiones.
2652 1575 2814 1639 Alie
2835 1585 3052 1639 autem

566 1664 765 1727 aliud
784 1673 1085 1746 sequente.

572 1755 754 1884 Et
776 1753 1130 1815 notandum
1172 1752 1348 1834 quod
1380 1752 1446 1815 si
1482 1752 1557 1815 in
1584 1773 1759 1816 cras-

722 1842 857 1904 tino
876 1845 900 1879 ²
931 1841 1018 1905 ix.
1045 1840 1379 1904 lectionum
1428 1840 1627 1904 aliud
1664 1862 1759 1903 se-

570 1939 817 2012 quatur
839 1930 1095 2010 sestum
1118 1931 1145 1968 ⁸
1176 1930 1259 1993 ix.
1304 1929 1641 1993 lectionum
1686 1931 1759 1993 in

566 2019 859 2082 secundis
898 2019 1173 2101 vesperis
1202 2018 1455 2100 prioris
1484 2019 1656 2099 sesti
1686 2019 1758 2080 in

568 2108 801 2190 quibus
878 2107 1223 2189 antiphone
1296 2107 1377 2170 de
1455 2106 1761 2170 laudibus

552 2196 817 2278 proprie
868 2199 975 2260 vel
1011 2216 1369 2259 communes
1413 2195 1722 2258 dicantur
1735 2203 1758 2233 ⁴

562 2296 759 2366 snper
784 2285 1077 2366 psalmos
1129 2285 1473 2366 incipietur
1518 2284 1618 2346 ad
1652 2305 1758 2346 ca-

1861 1685 2076 1726 omnes
2101 1665 2302 1746 quasi
2312 1663 2609 1746 precipue
2631 1673 2801 1728 sunt.

1863 1757 1928 1830 (1
1972 1753 2138 1815 Item
2181 1752 2247 1815 si
2285 1753 2523 1834 duplex
2546 1752 2798 1833 festum
2827 1773 3048 1835 sequa-

1861 1850 1978 1904 tur
2029 1843 2126 1904 ad
2152 1841 2199 1879 ¹²
2244 1840 2480 1921 duplex
2501 1863 2530 1904 .·
2585 1840 2931 1922 incipietur
2971 1842 3054 1904 de

1857 1950 1929 1992 eo
2008 1929 2107 1992 ad
2171 1929 2522 2012 capitulum
2599 1929 2673 1991 in
2757 1931 3051 1992 secundis

1859 2018 2136 2100 vesperis
2155 2040 2184 2082 .·
2247 2027 2326 2080 ut
2379 2018 2576 2099 prius
2640 2017 2886 2081 dictum
2955 2028 3053 2082 est

1857 2106 1938 2168 de
1988 2108 2164 2186 festo
2219 2105 2502 2188 simplici
2571 2106 2660 2169 ix.
2714 2105 3048 2170 lectionum

1853 2195 2121 2276 exceptis
2170 2195 2374 2276 sestis
2449 2194 2806 2276 duplicibus
2863 2195 3050 2275 infra

1857 2293 2114 2346 octavas
2231 2283 2607 2347 nativitatis
2705 2291 2771 2345 et
2845 2284 3051 2364 festis

548 2373 843 2453 pitulum
872 2373 951 2435 de
990 2373 1259 2436 secundo
1276 2396 1304 2436 .·
1343 2382 1410 2435 et
1428 2373 1765 2454 finientur
1857 2371 2190 2454 epiphanie
2271 2371 2657 2436 ascensionis
2739 2371 2996 2434 domini
3021 2397 3048 2436 .·

563 2471 813 2542 vespere
859 2461 939 2524 de
980 2462 1190 2524 codem
1220 2483 1248 2524 .·
1305 2471 1370 2524 et
1409 2461 1758 2542 sequatur⁵

562 2549 873 2613 memoria
902 2550 1215 2632 deprimo
1240 2573 1264 2612 .·
1307 2548 1445 2612 nisi
1456 2549 1755 2632 primum

1853 2471 1918 2523 et
1987 2459 2262 2542 corporis
2319 2459 2574 2526 Christi
2598 2484 2624 2524 .·
2709 2481 2831 2543 que
2911 2460 3051 2523 tria

1841 2549 2029 2630 festa
2104 2549 2423 2613 habebunt
2482 2549 2672 2632 plene
2741 2560 3049 2632 utrasque

545 2639 771 2719 fuerit
808 2639 1045 2721 duplex
1069 2640 1320 2720 festum
1342 2661 1369 2701 .·
1408 2638 1565 2721 quia
1610 2647 1762 2701 tunc
1857 2650 2152 2720 vesperas
2175 2660 2334 2701 suas
2351 2662 2377 2701 .·
2420 2638 2566 2702 licet
2589 2638 2786 2701 aliud
2789 2639 3046 2720 festum

560 2727 819 2790 habebit
875 2728 1065 2809 plene
1134 2727 1405 2789 ultimas
1466 2737 1756 2807 vesperas

558 2836 717 2878 suas
748 2838 773 2878 .·
843 2825 908 2877 et
948 2816 1075 2899 fiet
1131 2824 1385 2878 tantum
1444 2815 1755 2878 memoria

560 2903 641 2965 de
670 2905 847 2985 sesto
888 2904 1186 2986 sequenti.
1275 2902 1520 2966 Eodem
1569 2904 1753 2967 modo

560 3001 640 3054 ut
688 2993 887 3074 prius
941 2993 1083 3074 fiat
1150 2992 1231 3055 de
1297 2992 1620 3055 dominica
1688 2994 1759 3055 si

556 3091 869 3162 sequatur
917 3082 1173 3162 festum
1252 3081 1337 3145 ix.
1414 3081 1750 3145 lectionum

556 3180 797 3251 excepto
840 3170 1017 3252 quod
1066 3169 1133 3231 si
1182 3180 1408 3232 octava
1457 3180 1749 3250 assump-

557 3258 753 3322 tionis
802 3259 911 3321 vel
956 3258 1331 3322 nativitatis
1372 3257 1443 3321 in
1488 3259 1750 3322 sabbato

552 3347 830 3411 evenerit
888 3357 1041 3410 tunc
1096 3347 1267 3409 enim
1322 3346 1549 3409 ultime
1610 3368 1746 3410 ves-

540 3446 699 3517 pere
774 3446 972 3500 erunt
1040 3436 1119 3499 de
1207 3444 1432 3499 octava
1508 3445 1586 3497 ut
1654 3436 1752 3499 ibi

552 3534 818 3589 notatur
846 3548 871 3589 .·
960 3535 1028 3588 et
1098 3534 1336 3606 excepto
1407 3523 1581 3607 quod
1602 3523 1627 3562 ⁶
1684 3524 1752 3587 si

553 3614 905 3696 incipiatur
968 3614 1193 3696 aliqua
1260 3612 1538 3676 historia
1592 3625 1740 3695 pre·

546 3703 733 3784 cipua
752 3702 776 3743 ⁷
830 3724 953 3766 non
1006 3704 1315 3765 dicantur
1340 3703 1365 3739 ⁸
1402 3701 1749 3783 antiphone

547 3791 626 3853 de
652 3792 956 3855 laudibus
979 3791 1237 3855 sancti:
1292 3792 1476 3873 cujus
1486 3792 1740 3873 festum

532 3881 905 3960 precesserit
976 3892 1171 3961 super
1228 3880 1534 3961 psalmos.
1631 3878 1752 3941 sed

543 3968 885 4049 antiphone
952 3969 1353 4032 Benedictus
1426 3979 1530 4031 etc.
1608 3968 1746 4031 nisi

538 4055 638 4118 sit
684 4058 813 4119 tale
839 4057 1094 4137 festum
1134 4058 1308 4139 quod
1346 4078 1468 4120 non
1512 4056 1746 4120 habuit

1855 2727 2090 2809 duplex
2097 2728 2400 2809 precedat
2427 2728 2532 2790 vel
2547 2737 2876 2809 sequatur.

1856 2821 1921 2894 (Ι
1969 2816 2314 2878 Dominica
2342 2816 2572 2898 prima
2599 2824 2754 2898 post
2789 2825 3048 2878 octavas

1853 2904 2230 2985 Epiphanie.

2007 2992 2290 3056 Sabbato
2381 2992 2477 3055 ad
2557 3003 2851 3074 vesperas
2931 3002 3040 3056 ανῑ.

1857 3081 2270 3145 Benedictus,
2349 3091 2450 3163 ps.
2573 3082 2821 3162 Ipsum.
2935 3092 3044 3143 etc.

1859 3168 2246 3251 Capitulum.
2382 3171 2780 3234 Benedictus
2857 3168 3043 3233 deus.

1851 3257 1967 3321 Re.
2093 3259 2278 3321 Deus
2370 3258 2482 3340 qui
2563 3259 2756 3321 sedes
2827 3278 3040 3340 super.

1851 3348 2173 3428 Hymnus.
2265 3347 2328 3412 O
2374 3346 2494 3409 lux
2536 3346 2734 3409 beata
2764 3347 3039 3410 trinitaS.

1849 3452 1896 3521 γ
1985 3436 2382 3518 Vespertina
2413 3436 2641 3499 oratio.
2731 3435 2816 3498 In
2845 3455 3038 3497 evan-

1835 3523 2008 3605 gelio
2050 3534 2156 3587 an.
2224 3526 2486 3588 Fratres
2517 3524 2830 3587 existimo
2861 3525 3037 3587 enim

1847 3614 2029 3695 quod
2091 3633 2225 3676 non
2287 3622 2442 3676 sunt
2502 3612 2830 3694 condigne
2890 3633 3038 3694 pas·

1846 3702 2065 3766 siones
2110 3701 2305 3783 hujus
2357 3701 2674 3783 temporis
2728 3701 2815 3763 ad
2863 3700 3037 3763 futu-

1841 3811 1985 3853 ram
2032 3790 2311 3872 gloriam
2353 3810 2484 3872 que
2530 3789 2926 3853 revelabitur
2969 3790 3036 3851 in

1839 3880 2032 3943 vobis
2061 3879 2341 3943 alleluia.
2389 3888 2490 3960 ps'.
2553 3876 2963 3959 Magnificat.

1990 3976 2102 4031 ota
2133 3988 2494 4049 quesumus
2523 3967 2794 4030 domine
2823 3965 3037 4049 [Orat.

1990 4056 2422 4139 supplicantis
2500 4055 2728 4138 populi
2809 4054 3034 4117 celesti

528 4143 796 4229 primas
852 4155 1146 4226 vesperas
1181 4155 1447 4227 propter
1478 4145 1740 4227 festum
1841 4145 2091 4228 pietate
2181 4165 2577 4228 prosequere
2611 4166 2630 4208 ε
2735 4152 2812 4206 ut
2903 4163 3034 4226 que

675 4304 694 4403 ζ
714 4310 1085 4422 ξ’ζείενῳωῖητσ
1101 4306 1157 4355 G.
1539 4308 1561 4405 ἰ
1600 4308 1766 4372 ‘sesti’
1792 4308 1925 4401 add.-
1963 4308 2020 4359 G.
2339 4310 2360 4405 z
2388 4308 2608 4403 “fi'ffufn
2625 4306 2638 4329 ²
2663 4322 2807 4421 ona&
2824 4306 2880 4356 G.
2935 4288 2944 4297 ’

672 4380 1207 4502 ἰξέιὲῒὶῥμψ..
1247 4441 1302 4488 G.
1536 4382 1845 4489 -zssziitiis
1885 4375 1948 4489 5.-
2333 4375 2757 4505 „pansi-21..
2791 4410 2926 4487 ἐς.

641 4506 678 4537 ¹⁰
700 4512 800 4570 pro
828 4506 911 4555 ‘a'
935 4514 981 4555 et
998 4507 1298 4571 antiphona.-
1340 4507 1395 4555 G.
1516 4506 1551 4538 ¹¹
1585 4507 1847 4558 de'cantur:
1887 4508 1944 4559 G.
2325 4510 2361 4538 ¹²
2391 4508 2560 4556 aliud:
2595 4506 2660 4557 E.
2675 4506 2731 4555 G.
2749 4506 2828 4554 W.
