3375 5100
1163 338 1419 395 FERIA
1472 336 1752 394 SEXTA
1805 336 1931 392 AD
1987 338 2434 397 VESPERAS.

1091 448 1230 505 918

533 576 701 623 mea.
837 555 1186 621 Adhereat
1289 553 1521 637 lingua
1596 570 1751 617 mea

532 646 835 711 faucibus
866 647 1070 710 meis:
1114 643 1171 709 si
1212 663 1345 707 non
1380 644 1748 707 meminero

536 738 653 799 tui.
750 735 830 799 Si
906 754 1041 798 non
1117 752 1527 816 proposuero
1590 730 1690 795 tui
1725 730 1743 769 ¹

530 823 979 887 hierusalem:
1024 822 1093 885 in
1154 822 1476 904 principio
1540 819 1750 884 letitie

534 934 701 977 mee.
788 912 1063 977 Memor
1100 920 1247 974 esto
1276 910 1547 973 domine
1578 907 1748 972 filio·

536 1022 684 1065 rum
740 1001 980 1065 edom:
1060 1000 1126 1062 in
1186 998 1295 1061 die
1326 998 1746 1061 hierusalem.

544 1089 673 1169 Qui
704 1089 935 1154 dicunt
966 1088 1312 1151 exinanite
1356 1086 1702 1150 exinanite
1729 1107 1746 1150 :

540 1199 752 1260 usque
803 1178 887 1241 ad
942 1177 1455 1240 fundamentum
1516 1173 1583 1237 in
1646 1194 1742 1239 ea.

538 1266 717 1331 Filia
775 1266 1131 1347 babylonis
1180 1265 1459 1327 misera:
1506 1262 1743 1326 beatus

534 1357 651 1437 qui
682 1355 1003 1419 retribuet
1048 1352 1169 1418 tibi
1238 1352 1744 1415 retributionem

534 1454 721 1508 tuam
798 1462 1001 1526 quam
1090 1440 1451 1505 retribuisti
1530 1439 1742 1505 nobis·

536 1533 789 1597 Beatus
848 1531 963 1613 qui
1008 1530 1307 1593 tenebit:
1382 1537 1453 1592 et
1512 1528 1748 1593 allidet

534 1620 843 1704 parvulos
875 1629 1023 1683 tuos
1045 1619 1071 1655 ²
1100 1618 1185 1681 ad
1218 1617 1523 1701 petram.⁸
1606 1618 1744 1682 Αῆ.

539 1710 893 1791 Hymnum
942 1715 1209 1771 cantate
1250 1706 1443 1770 nobis
1474 1706 1560 1769 de
1591 1725 1747 1769 can-

533 1798 682 1862 ticis
738 1817 927 1880 syon.
1044 1794 1307 1878 Capl'm.
1414 1794 1745 1857 Dominus

532 1896 759 1950 autem
792 1885 1076 1965 dirigat.⁴
1425 1882 1742 1961 Hymnus.

533 1977 734 2108 M
746 1994 921 2056 agne
949 1974 1115 2037 deus
1166 1971 1467 2053 potentie
1498 1972 1614 2054 qui
1654 1992 1744 2034 ex

718 2064 909 2145 aquis
954 2072 1173 2125 ortum
1234 2078 1447 2141 genus
1492 2060 1744 2142 partim

536 2153 819 2215 remittis
868 2150 1114 2234 gurgiti
1164 2148 1409 2231 partim
1459 2148 1639 2212 levas
1672 2148 1741 2211 in

533 2261 705 2306 aera.
796 2238 1165 2303 Demersa⁶
1198 2236 1491 2319 lymphis
1517 2237 1742 2317 impri-

534 2349 723 2393 mens
768 2329 1085 2392 subvecta
1135 2325 1295 2389 celis
1338 2328 1634 2407 irrogans
1666 2332 1743 2389 ut

532 2420 739 2500 stirpe
790 2437 924 2480 una
973 2414 1239 2499 prodita
1278 2414 1537 2477 diversa
1570 2414 1744 2496 rapi-

534 2516 653 2572 ant
686 2506 849 2572 loca.
938 2505 1213 2587 Largire
1231 2502 1488 2566 cunctis
1516 2522 1741 2566 servu-

532 2597 612 2659 lis
666 2617 834 2678 quos
896 2594 1177 2658 mundat
1237 2596 1417 2655 unda
1474 2591 1741 2674 sangui-

508 2686 633 2748 ‘nis
682 2685 929 2748 nescire
972 2683 1197 2765 lapsus
1233 2681 1585 2744 criminum
1620 2701 1742 2746 nec

532 2773 701 2838 ferre
744 2773 976 2836 mortis
1024 2769 1299 2834 tedium.
1410 2769 1505 2834 Ut
1543 2768 1742 2851 culpa

532 2862 790 2926 nullum
836 2861 1167 2942 deprimat
1228 2856 1483 2921 nullum
1560 2858 1738 2921 levet

523 2951 848 3034 jactantia
922 2949 1085 3012 elisa
1168 2966 1357 3010 mens
1428 2965 1512 3009 ne
1582 2965 1744 3009 con-

530 3040 713 3102 cidat
788 3037 967 3102 elata
1040 3055 1229 3100 mens
1304 3055 1391 3098 ne
1462 3043 1744 3099 corruat.

532 3129 775 3192 Presta
822 3136 1027 3208 pater.
1125 3122 1303 3205 Cap.⁶
1399 3123 1748 3204 Dirigatur

530 3213 845 3280 domine.⁷
899 3215 961 3278 A
973 3223 1033 3278 ἢ.
1082 3211 1412 3294 Deposuit
1441 3221 1750 3294 potentes

532 3315 799 3368 sanctos
820 3311 1289 3386 persequentes
1308 3310 1404 3364 :et
1416 3299 1748 3364 exaltavit

536 3393 823 3458 humiles
851 3391 1187 3458 Christum
1206 3388 1623 3454 confitentes.
1636 3397 1743 3472 psi

532 3482 939 3564 Magnificat.
1034 3477 1312 3561 Kyriel.⁸
1340 3485 1445 3540 etc.

534 3577 597 3649 (Ι
629 3570 831 3634 Feria
876 3569 962 3651 vj.
992 3568 1090 3632 ad
1112 3577 1418 3648 vesperas.
1452 3573 1558 3628 αῆ.
1659 3565 1740 3628 In

530 3657 939 3742 conspectu?
1365 3654 1742 3736 psalmus.¹⁰

540 3747 998 3882 Confitebor
1028 3743 1151 3810 tibi
1180 3743 1451 3808 domine
1484 3742 1551 3805 in
1584 3751 1732 3805 toto

649 3839 849 3902 corde
880 3855 1076 3898 meo:
1122 3833 1443 3916 quoniam
1484 3830 1731 3895 audisti

628 4051 645 4080 ¹
688 4047 821 4097 ‘tui'
845 4063 946 4097 om.
968 4065 983 4096 ι
1018 4045 1150 4096 E.G.

626 4118 649 4147 ²
680 4131 796 4166 suos
822 4133 833 4162 :
870 4115 923 4166 S.

626 4185 647 4214 ⁸
684 4188 698 4210 ⁴
723 4181 899 4231 Gloria
922 4178 1049 4244 patri
1066 4178 1079 4200 '
1100 4177 1201 4227 add
1224 4195 1236 4226 ε
1272 4175 1404 4226 ΕΟ.

625 4250 645 4280 ⁴
684 4250 765 4297 ‘A
795 4247 1015 4296 Domine
1051 4260 1115 4294 ne
1150 4245 1203 4292 in
1240 4243 1313 4291 ira
1347 4259 1498 4308 usque
1535 4242 1607 4291 ad
1635 4242 1732 4292 xl.'

520 4316 656 4365 add:
680 4315 748 4364 E.
762 4314 819 4362 G.

627 4385 648 4412 ⁸
680 4381 953 4429 Dimersa=
988 4375 1276 4427 E.G.W.S.

626 4450 815 4562 :meri
830 4434 1059 4561 {aaz
1076 4441 1501 4574 ‘hssaffssasmfiicis
1540 4513 1733 4558 creator

526 4569 579 4646 Ῠ
616 4577 901 4642 Dirigatur'
926 4577 1056 4626 add:
1092 4577 1159 4625 E.

2371 451 2510 505 914

1849 554 2054 619 verba
2113 556 2246 621 oris
2305 558 2455 621 mei.
2557 558 2642 622 In
2689 570 3052 645 conspectu

1849 644 2240 726 angelorum
2260 646 2544 728 psallam
2563 648 2686 711 tibi
2710 670 2725 713 ε
2757 651 3056 715 adorabo

1849 733 1936 795 ad
1990 734 2318 817 templum
2367 747 2674 801 sanctum
2740 747 2935 802 tuum
2985 749 3053 803 et

1845 821 2216 885 confitebor
2275 824 2528 887 nomini
2583 834 2720 889 tuo,
2831 827 3056 911 Super

1850 910 2301 976 misericordia
2331 921 2448 976 tua
2479 922 2548 976 et
2579 915 2860 979 veritate
2895 926 3052 981 tua:

1847 1000 2165 1080 quoniam
2177 1000 2620 1083 magnificasti
2639 1023 2840 1085 super
2850 1026 3052 1069 omne

1845 1106 2090 1151 nomen
2121 1098 2426 1153 sanctum
2457 1100 2666 1155 tuum.
2754 1091 2840 1155 In
2889 1114 3055 1175 qua-

1844 1194 2108 1259 cunque
2139 1176 2250 1240 die
2283 1178 2674 1243 invocavero
2705 1188 2776 1244 te
2799 1182 3054 1244 exaudi

1843 1282 1992 1327 me:
2041 1264 2510 1349 multiplicabis
2533 1268 2601 1331 in
2646 1269 2872 1332 anima
2903 1291 3056 1334 mea

1840 1352 2173 1417 virtutem.
2268 1352 2722 1420 Confiteantur
2763 1358 2890 1421 tibi
2935 1360 3058 1423 do-

1845 1442 2025 1504 mine
2085 1462 2316 1507 omnes
2359 1464 2547 1526 reges
2606 1454 2816 1510 terre:
2895 1448 3054 1530 quia

1845 1530 2197 1594 audierunt
2224 1531 2264 1569 ¹¹
2303 1532 2507 1596 verba
2553 1533 2684 1597 oris
2743 1534 2860 1598 tui.
2949 1538 3052 1600 Et

1845 1628 2115 1682 cantent
2146 1620 2214 1683 in
2247 1619 2372 1683 viis
2402 1622 2698 1687 domini:
2730 1624 3048 1705 quoniam

1843 1726 2092 1789 magna
2122 1717 2224 1772 est
2255 1708 2466 1791 gloria
2497 1712 2770 1776 domini.
2867 1712 3047 1791 Quo-

1847 1797 2026 1859 niam
2059 1796 2365 1861 excelsus
2389 1798 2700 1863 dominus
2729 1809 2800 1864 et
2830 1800 3046 1865 humi-

1845 1883 1935 1947 lia
1967 1886 2232 1967 respicit
2259 1907 2274 1949 :
2320 1896 2390 1949 et
2420 1887 2558 1951 alta
2589 1910 2630 1953 a
2661 1888 2862 1971 longe
2891 1910 3048 1972 cog-

1844 1974 2074 2037 noscit.
2168 1974 2246 2038 Si
2279 1975 2704 2041 ambulavero
2735 1979 2802 2042 in
2825 1979 3049 2044 medio

1843 2060 2286 2126 tribulationis
2329 2064 2694 2128 vivificabis
2756 2087 2906 2130 me:
2981 2078 3050 2131 et

1843 2170 2042 2231 super
2095 2150 2260 2214 iram
2294 2152 2708 2218 inimicorum
2743 2176 3048 2219 meorum

1843 2239 2209 2303 extendisti
2245 2258 2516 2305 manum
2547 2252 2734 2307 tuam
2785 2254 2856 2307 et
2914 2244 3046 2308 sal-

1842 2347 2002 2390 vum
2051 2348 2160 2391 me
2204 2328 2416 2393 fecisti
2445 2331 2492 2368 ¹²
2561 2332 2850 2395 dextera
2909 2342 3045 2399 tua.

1843 2416 2180 2479 Dominus
2211 2418 2530 2482 retribuet
2582 2439 2702 2501 pro
2735 2442 2884 2485 me:
2929 2422 3049 2485 do-

1844 2504 2022 2568 mine
2057 2505 2504 2570 misericordia
2552 2518 2669 2573 tua
2730 2509 2796 2573 in
2861 2530 3048 2576 secu-

1842 2593 2021 2658 lum:
2068 2614 2272 2676 opera
2315 2615 2634 2660 manuum
2665 2607 2931 2663 tuarum
2963 2621 3048 2664 ne

1841 2682 2215 2764 despicias.a
2300 2684 2436 2748 Αῆ.
2549 2685 2628 2749 In
2683 2697 3044 2770 conspectu

1841 2770 2226 2853 angelorum
2259 2771 2538 2854 psallam
2570 2774 2690 2838 tibi
2711 2776 2878 2840 deus
2911 2798 3047 2842 me-

1843 2879 1938 2923 us.
1983 2859 2045 2922 A
2057 2867 2118 2923 ἢ.
2168 2860 2459 2924 Domine
2485 2864 2852 2944 probasti¹³
2890 2867 3045 2949 pls-'J‘

1843 2948 2223 3080 Domine
2255 2950 2550 3030 probasti
2573 2972 2679 3015 me
2698 2963 2768 3016 et
2798 2974 3046 3037 cogno-

2001 3037 2151 3100 visti
2199 3057 2346 3100 me:
2390 3048 2465 3102 tu
2515 3043 2882 3122 cognovisti
2913 3064 3048 3107 ses-

1847 3125 2102 3188 sionem
2135 3144 2354 3190 meam
2387 3137 2456 3190 et
2503 3133 3050 3196 resurrectionem

1851 3233 2090 3278 meam.
2180 3214 2588 3281 Intellexisti
2607 3219 3048 3301 cogitationes

1849 3321 2033 3365 meas
2083 3303 2168 3364 de
2200 3301 2439 3386 longe:
2485 3307 2790 3370 semitam
2825 3328 3048 3372 meam

1845 3400 1916 3454 et
1947 3389 2310 3454 funiculum
2361 3390 3047 3480 meum‘investigasti.

1844 3479 1946 3542 Et
1977 3499 2210 3542 ornnes
2241 3481 2382 3542 vias
2432 3503 2613 3545 meas
2659 3485 3044 3566 previdisti:

1843 3567 2000 3648 quia
2021 3587 2154 3630 non
2179 3578 2281 3633 est
2303 3589 2521 3634 sermo
2545 3571 2610 3634 in
2633 3572 2866 3654 lingua
2877 3595 3043 3640 mea.

1841 3655 2026 3720 Ecce
2059 3657 2330 3720 domine
2375 3667 2448 3720 tu
2499 3663 2869 3742 cognovisti
2901 3684 3043 3728 om-

1835 3743 1946 3808 nia
1976 3745 2336 3809 novissima
2365 3756 2432 3810 et
2456 3750 2732 3832 antiqua
2759 3772 2775 3814 :
2807 3759 2884 3815 tu
2913 3752 3046 3816 sor-

1835 3833 2032 3898 masti
2085 3854 2198 3897 me
2227 3843 2294 3897 et
2347 3836 2625 3917 posuisti
2673 3858 2876 3922 super
2935 3861 3042 3904 me

1935 4047 1955 4076 ⁸
1994 4045 2194 4094 ‘Preces
2235 4053 2320 4096 etc.
2379 4054 2442 4096 ut
2480 4065 2544 4098 su

2535 4055 2653 4114 pra.
2705 4051 3047 4106 Etmnton'e

1819 4110 2033 4176 feriales
2055 4119 2116 4160 ut
2135 4113 2192 4162 in
2211 4115 2574 4180 secundasen'a
2588 4117 2662 4166 ad
2675 4125 2858 4169 matut.
2869 4123 3043 4186 putet?

1835 4177 1968 4227 add:
2003 4177 2070 4227 E.
2083 4179 2141 4228 G.

1932 4246 1953 4275 ⁸
1995 4247 2128 4293 ‘Aa
2169 4244 2232 4294 In
2255 4247 2553 4311 conspectu’
2578 4263 2679 4298 om·
2705 4267 2720 4299 ε
2757 4251 2895 4303 E·G·

1916 4311 1956 4407 :z
1979 4318 2058 4404 e*
2095 4321 2186 4388 ¹³⁷
2202 4325 2224 4400 -;
2253 4313 2392 4428 ἐξ
2425 4317 2685 4432 53²³?
2705 4331 2726 4365 ··
2759 4318 2815 4368 ⁸·

1917 4442 1956 4472 ιι
1987 4393 2485 4495 εείἒῗῖιῗεὲΝήεξ
2546 4417 2558 4430 ·
2608 4417 2622 4431 ·

1915 4508 1954 4540 ¹⁸
1992 4511 2130 4559 (Αῆ.
2175 4511 2394 4561 Domine
2432 4513 2682 4576 probasti'
2715 4531 2819 4567 om.
2852 4537 2866 4568 ε
2901 4519 3034 4572 E.G.

1917 4575 1955 4606 ¹⁴
1978 4583 2058 4640 pl.
2095 4575 2220 4639 138:
2253 4577 2320 4628 E.
2333 4578 2391 4628 G.
2463 4581 2712 4646 cxxxviii.
2735 4596 2753 4632 .·
2787 4585 2845 4635 S.
