3375 5100
1197 323 1363 395 QUA
1372 322 1539 377 ΒΕΑ
1551 322 1892 378 GESJME,

830 434 965 490 321

296 541 639 607 dicentes:
689 561 918 605 eamus
955 541 1022 604 in
1056 539 1399 622 dothaym,
1446 556 1493 625 γ

303 631 457 714 Ipse
493 629 816 696 liberavit.
908 629 996 693 In
1038 629 1343 693 laudibus
1384 637 1491 692 aii.

302 721 636 783 Miserere.
706 728 809 801 ρέ.
881 718 1128 800 Ipsum.
1190 721 1307 783 &a
1372 717 1495 784 ξα-

289 808 577 889 pitulum
657 807 835 871 Ecce
908 827 1097 871 nunc,
1187 807 1499 889 Hymnus

297 897 461 978 Jesu
534 897 1071 978 quadragenarie,
1164 913 1211 982 γ
1288 895 1497 960 Scuto

299 985 727 1048 circundabit.
869 984 973 1064 In·
1047 1004 1300 1066 evange.
1390 991 1499 1046 aii,

299 1072 524 1136 Amen
587 1073 740 1136 dico
796 1073 1023 1136 vobis:
1084 1074 1241 1154 quia
1299 1090 1498 1135 nemo

300 1161 626 1244 propheta
671 1170 983 1244 acceptus
1028 1171 1129 1226 est
1168 1163 1235 1224 in
1283 1160 1500 1243 patria

300 1270 438 1313 sua,
521 1259 627 1331 ρέ.
718 1249 1114 1314 Benedictus
1192 1248 1500 1331 kyrielei-

301 1359 441 1402 son.
1252 1337 1503 1403 Oratio,

314 1426 709 1561 Cordibus
808 1426 1050 1490 nostris
1140 1446 1503 1509 quesumus

437 1515 705 1578 domine
779 1517 1063 1598 gratiam
1138 1524 1325 1579 tuam
1388 1515 1501 1579 be-

302 1604 543 1686 nignus
589 1602 863 1667 infunde
904 1613 979 1668 ut
1025 1605 1194 1668 sicut
1253 1603 1340 1667 ab
1400 1623 1501 1666 es-

304 1694 395 1756 cis
426 1692 873 1774 corporalibus
910 1692 1360 1756 abstinemus:
1406 1692 1503 1754 ita

303 1801 569 1863 quoque
607 1801 837 1845 sensus
889 1789 1148 1844 nostros
1193 1801 1234 1843 a
1280 1780 1501 1844 noxiis

304 1869 713 1933 retrahamus
744 1870 1145 1933 excessibus,
1229 1869 1354 1932 Per
1382 1869 1503 1932 do-

305 1958 577 2022 minum,
666 1958 997 2021 Memoria
1046 1968 1166 2035 pro
1207 1957 1501 2039 peccatis,

304 2055 414 2110 αῆ.
502 2047 995 2111 Convertimini.
1086 2063 1136 2130 γ
1212 2046 1504 2109 Domine

306 2155 455 2198 non,
551 2134 783 2200 Oratio
872 2135 1161 2199 Exaudi.
1238 2133 1507 2197 Psalmi

290 2223 678 2303 familiares
706 2235 783 2287 ut
808 2234 1025 2305 supra,
1074 2223 1199 2286 Ad
1206 2223 1502 2305 primam

304 2321 409 2376 αὴ.
485 2313 659 2377 Vivo
748 2332 891 2394 ego,
1000 2321 1103 2394 pf,
1181 2312 1364 2375 Deus
1434 2313 1500 2374 in

305 2400 588 2464 nomine,
652 2409 759 2464 αῆ.
818 2400 1098 2464 Adesto,
1172 2409 1273 2480 ρὲ.
1337 2398 1503 2481 Qui-

303 2509 569 2574 cunque
622 2489 783 2553 vult,
871 2499 977 2553 etc,
1067 2489 1190 2553 Ad
1239 2488 1502 2550 tertiam

302 2586 407 2641 aii,
502 2578 1001 2661 cognoscimus,
1076 2587 1175 2660 ρέ.
1248 2577 1498 2661 Legem

304 2686 495 2749 pone.
616 2666 761 2749 ξαρ.
857 2665 1293 2748 Derelinquat
1381 2666 1499 2730 Re,

305 2756 566 2819 Bonum
600 2756 779 2819 mihi,
870 2773 917 2842 γ
980 2756 1177 2819 Dicet
1207 2755 1497 2819 domino,

305 2843 739 2925 Kyrieleison,
815 2854 925 2906 etc,
1018 2844 1249 2909 Oratio
1338 2844 1499 2908 Cor-

304 2932 517 2996 dibus,
634 2933 759 2995 Ad
830 2942 1077 2995 sextam
1169 2941 1275 2995 αῆ.
1377 2933 1502 2995 Per

303 3041 503 3083 arma,
580 3028 695 3101 psi-
745 3020 1023 3084 Defecit.
1106 3020 1252 3102 ξαρ.
1319 3020 1498 3103 Que-

303 3110 441 3172 rite.
533 3110 649 3173 Re,
728 3108 971 3173 Servus
1001 3118 1173 3173 tuus,
1262 3126 1309 3195 γ
1344 3110 1501 3192 Ipse

304 3196 621 3261 liberavit.
742 3196 995 3279 Kyriel,
1118 3197 1349 3262 Oratio
1424 3207 1500 3261 ut

300 3297 515 3368 supra,
627 3286 751 3349 Ad
790 3306 1026 3349 nonam
1069 3294 1176 3350 ar'ae’,
1268 3286 1496 3350 Adve-

303 3384 557 3438 nerunt,
632 3384 731 3456 ρέ.
790 3374 1135 3439 Mirabilia.
1204 3374 1351 3457 ξαρ.
1416 3376 1494 3439 In

302 3464 627 3527 omnibus,
717 3464 831 3527 Re,
895 3462 1175 3545 Septies,
1234 3481 1281 3550 γ
1336 3463 1495 3529 Sca-

301 3552 472 3633 pulis
568 3551 817 3633 Kyriel,
906 3562 1010 3615 etc,
1117 3552 1349 3617 Oratio
1424 3561 1500 3615 ut

298 3652 511 3722 supra,
601 3641 664 3703 A
672 3640 725 3702 α’
766 3651 1059 3722 vesperas
1103 3648 1207 3703 αὴ.
1302 3640 1496 3704 Incli-

304 3730 500 3792 navit,
577 3738 677 3811 ρὲ.
755 3729 999 3793 Dilexi.
1098 3728 1243 3810 ξαρ.
1318 3729 1497 3792 Hor-

301 3826 534 3881 tamur.
627 3818 745 3881 Re,
806 3817 1013 3882 Educ,
1075 3818 1273 3897 Hym.
1343 3818 1493 3897 Jam

300 3916 401 3969 ter
460 3906 813 3988 quaternis,
903 3923 953 3990 γ
999 3905 1285 3987 Angelis
1344 3906 1493 3969 suis,

300 3996 385 4056 In
460 4014 717 4076 evange.
799 4004 904 4058 αῆ.
995 3995 1187 4076 Jesus
1270 4003 1494 4057 autem

301 4084 627 4146 transiens
703 4103 820 4165 per
882 4084 1171 4146 medium
1236 4083 1495 4145 illorum

300 4172 457 4234 ibat.
533 4180 633 4253 ρὲ.
682 4172 1089 4253 Magnificat,
1168 4171 1497 4253 Kyrielei-

300 4280 441 4322 son,
490 4270 595 4323 etc.
1250 4260 1497 4325 Oratio,

302 4348 746 4481 subveniat
806 4349 997 4412 nobis
1058 4348 1326 4413 domine
1374 4349 1497 4410 mi-

431 4437 783 4501 sericordia
828 4446 983 4502 tua:
1032 4448 1105 4501 ut
1146 4437 1233 4501 ab
1288 4438 1503 4499 immi-

2102 433 2260 488 322

1593 539 1906 602 nentibus
1949 547 2371 622 peccatorum
2417 549 2790 604 nostrorum

1593 627 1900 711 periculis
1939 637 2009 691 te
2039 623 2410 692 mereamur
2443 639 2798 711 protegen-

1595 717 1697 780 te¹
1731 715 1988 780 salvari,
2079 718 2204 780 Per
2231 718 2594 782 dominum,

1600 810 1664 883 11*
1710 805 1906 868 Feria
1938 805 2036 888 iij,
2317 804 2532 869 Lectio
2544 805 2794 888 prima.

1596 895 1998 1025 perrexit
2085 914 2244 976 ergo
2327 895 2565 977 joseph
2646 903 2800 977 post

1754 982 1986 1046 fratres
2029 1003 2228 1046 suos:
2274 991 2342 1046 et
2387 982 2636 1046 invenit
2682 1003 2798 1046 eos

1599 1071 1667 1134 in
1698 1070 2042 1152 dothaym,
2128 1069 2262 1152 Qui
2294 1091 2446 1135 cum
2477 1072 2797 1136 vidissent

1600 1179 1754 1223 eum
1785 1159 2011 1241 procul
2059 1169 2418 1241 antequam
2459 1160 2800 1224 accederet

1600 1248 1688 1311 ad
1766 1268 1879 1310 eos
1961 1249 2424 1330 cogitaverunt
2496 1250 2799 1313 occidere

1600 1336 1789 1400 illum
1865 1344 1935 1400 et
2008 1345 2242 1400 mutuo
2315 1336 2804 1420 loquebantur:

1604 1425 1781 1489 Ecce
1840 1427 2208 1488 somniator
2262 1428 2496 1490 venit:

1600 1514 1982 1577 occidamus
2057 1534 2261 1578 eum:
2318 1523 2387 1578 et
2461 1517 2806 1579 mittamus

1602 1603 1669 1665 in
1726 1603 2076 1665 cisternam
2124 1613 2416 1667 veterem
2477 1604 2808 1667 dicemus-

1601 1711 1733 1774 que
1766 1691 1902 1754 sera
1933 1691 2220 1773 pessima
2257 1692 2598 1756 devoravit
2631 1713 2802 1757 eum,

1604 1780 1698 1843 Et
1728 1789 1888 1843 tunc
1919 1779 2267 1863 apparebit
2297 1781 2457 1861 quid
2506 1779 2600 1843 illi
2647 1801 2802 1864 pro-

1602 1869 1737 1931 sint
1767 1870 2024 1931 somnia
2053 1889 2194 1932 sua,
2485 1868 2703 1934 Lectio
2731 1866 2822 1953 ijs

1602 1957 2004 2090 Audiens
2056 1965 2282 2020 autem
2343 1955 2472 2020 hoc
2543 1957 2803 2022 ruben:

1769 2045 2104 2108 nitebatur
2162 2045 2438 2108 liberare
2505 2066 2657 2108 eum
2719 2047 2804 2109 de

1604 2132 1912 2197 manibus
1994 2153 2220 2197 eorum
2259 2155 2273 2197 :
2364 2143 2433 2196 et
2517 2134 2800 2200 dicebat,

1606 2222 1763 2285 Non
1793 2221 2264 2286 interficiamus
2303 2223 2594 2284 animam
2628 2223 2806 2304 ejus:

1604 2329 1726 2374 nec
1749 2309 2168 2374 effundamus
2207 2312 2638 2392 sanguinem:
2683 2312 2801 2375 sed

1603 2398 1904 2481 projicite
1949 2419 2100 2462 eum
2149 2401 2216 2461 in
2247 2399 2597 2464 cisternam
2631 2399 2802 2462 hanc

1604 2507 1734 2570 que
1765 2497 1865 2552 est
1898 2488 1963 2552 in
1995 2487 2388 2552 solitudine:
2435 2508 2803 2572 manusque

1602 2586 1856 2640 vestras
1915 2586 2172 2640 servate
2226 2577 2552 2641 innoxias,
2647 2578 2800 2641 Hoc

1603 2674 1830 2729 autem
1906 2666 2172 2730 dicebat
2246 2666 2476 2729 volens
2551 2668 2800 2749 eripere

1602 2774 1756 2817 eum
1788 2754 1873 2817 de
1919 2754 2224 2817 manibus
2269 2774 2497 2818 eorum
2544 2764 2612 2817 et
2657 2755 2804 2818 red-

1603 2843 1759 2906 dere
1791 2843 1961 2924 patri
1993 2863 2132 2906 suo,
2455 2842 2674 2907 Lectio
2702 2843 2800 2926 iij.

1612 2931 2046 3066 Confestim
2107 2931 2310 3013 igitur
2367 2939 2442 2995 ut
2503 2934 2802 3014 pervenit

1737 3021 1823 3084 ad
1873 3020 2142 3084 fratres:
2189 3020 2605 3085 nudaverunt
2645 3042 2798 3085 eum

1598 3108 1825 3171 tunica
1863 3108 2052 3172 talari
2099 3118 2169 3172 et
2213 3108 2558 3191 polimita:
2607 3111 2800 3173 mise-

1600 3206 1884 3280 runtque
1907 3199 1974 3260 in
2005 3198 2355 3261 cisternam
2375 3218 2504 3279 que
2525 3218 2656 3261 non
2683 3198 2800 3262 ha-

1599 3286 1804 3349 bebat
1852 3305 2112 3368 aquam,
2227 3286 2319 3349 Et
2363 3288 2671 3350 sedentes
2725 3298 2798 3351 ut

1598 3375 2024 3437 comederent
2054 3393 2293 3456 panem
2325 3375 2632 3438 viderunt
2660 3376 2800 3439 via-

1598 3472 1776 3525 tores
1871 3462 2306 3544 hysmaelitas
2397 3465 2618 3526 venire
2709 3465 2796 3526 de

1596 3550 1838 3634 galaad
1887 3560 1956 3614 et
2014 3549 2304 3614 camelos
2357 3570 2585 3614 eorum
2646 3572 2802 3633 por-

1596 3648 1818 3703 tantes
1879 3648 2178 3702 aromata
2237 3648 2304 3702 et
2384 3640 2667 3702 resinam
2729 3649 2797 3703 et

1597 3736 1854 3791 stacten
1888 3726 1953 3789 in
1987 3737 2325 3809 egyptum,
2370 3728 2455 3790 In
2471 3728 2798 3810 evangelio

1596 3825 1704 3880 αῆ.
1740 3815 1812 3880 si
1841 3816 1977 3879 duo
2008 3836 2098 3879 ex
2129 3816 2316 3879 vobis
2347 3818 2795 3880 consenserint

1598 3926 1798 3988 super
1827 3913 2068 3968 terram
2116 3904 2201 3967 de
2247 3904 2428 3967 omni
2462 3924 2530 3966 re
2559 3926 2797 3987 quam-

1600 4012 1860 4075 cunque
1890 3992 2200 4076 petierint
2231 3991 2345 4056 fiet
2377 3992 2504 4055 illis
2535 4014 2576 4057 a
2605 4005 2794 4075 patre

1599 4102 1752 4145 meo
1799 4082 1961 4145 dicit
2018 4081 2348 4145 dominus,
2423 4090 2522 4164 ρέ.
2587 4082 2794 4147 Bene-

1600 4172 1834 4234 dictus,
2548 4171 2792 4238 Oratio,

1599 4259 1958 4391 Exaudi
2023 4279 2144 4322 nos
2226 4259 2650 4341 omnipotens
2728 4272 2797 4325 et

1753 4348 2116 4411 misericors
2177 4348 2384 4412 deus:
2461 4358 2529 4412 et
2589 4352 2796 4413 conti-

1596 4436 1819 4499 nentie
1866 4435 2170 4500 salutaris
2217 4438 2544 4521 propitius
2605 4440 2797 4502 nobis

1254 4566 1267 4596 ¹
1312 4564 1467 4630 ‘eripi
1492 4583 1507 4625 ;
1541 4572 1591 4614 te
1608 4565 1883 4615 liberante’
1905 4565 2004 4615 add
2032 4584 2044 4616 ε
2079 4565 2142 4615 G,

2489 4649 2536 4699 Y

2582 1428 2804 1491 venite
2893 1497 2898 1504 ,
