3375 5100
1212 343 1337 403 AD
1383 348 1512 403 MA
1525 348 1912 403 TUTINAS.

852 455 1007 512 843

318 581 521 625 cornu
549 580 773 625 meum
802 582 817 627 ε
854 572 923 626 et
954 570 1257 627 senectus
1290 582 1439 626 mea
1464 560 1531 625 in

320 651 766 715 misericordia
812 652 1013 715 uberi.
1103 651 1199 715 Et
1219 650 1529 733 despexit

316 740 549 803 oculus
607 760 794 803 meus
842 740 1145 804 inimicos
1197 760 1411 803 meos:
1458 748 1529 803 et

321 829 813 911 insurgentibus
855 830 920 891 in
983 848 1093 891 me
1156 828 1527 911 malignan-

323 917 505 980 tibus
552 919 779 981 audiet
798 919 975 981 auris
1006 937 1175 981 mea.
1275 918 1525 991 Justus

325 1016 399 1069 ut
431 1006 659 1088 palma
710 1005 1007 1069 florebit:
1055 1008 1227 1070 sicut
1284 1006 1522 1069 cedrus

326 1094 529 1157 libani
566 1094 1128 1176 multiplicabitur.
1219 1094 1521 1158 Plantati

322 1184 391 1245 in
425 1183 632 1247 domo
653 1183 937 1248 domini:
986 1184 1052 1246 in
1073 1184 1257 1247 atriis
1281 1183 1521 1247 domus

320 1271 431 1335 dei
520 1273 727 1335 nostri
819 1271 1165 1336 florebunt.
1272 1271 1521 1335 Adhuc

326 1359 945 1443 multiplicabuntur
1062 1362 1132 1425 in
1251 1370 1523 1424 senecta

327 1448 547 1512 uberi:
596 1458 663 1512 et
716 1448 889 1512 bene
948 1449 1281 1532 patientes
1326 1457 1520 1513 erunt

318 1546 394 1599 ut
426 1538 851 1601 annuncient.
948 1537 1280 1616 Quoniam
1300 1546 1521 1601 rectus

320 1626 632 1688 dominus
694 1626 857 1689 deus
917 1637 1180 1691 noster:
1255 1634 1323 1691 et
1384 1645 1519 1689 non

320 1724 423 1777 est
460 1715 771 1796 iniquitas
791 1716 857 1778 in
881 1714 1003 1778 eo,¹
1400 1712 1521 1782 Δί*

316 1805 741 1933 Dominus
773 1804 799 1841 ³
845 1804 1147 1887 regnavit
1209 1802 1520 1867 decorem

477 1892 745 1955 indutus
777 1901 876 1955 est
906 1914 921 1957 :
968 1893 1239 1957 indutus
1268 1901 1371 1956 est
1401 1892 1523 1956 do·-

326 1980 549 2043 minus
598 1980 1057 2045 fortitudinem
1090 1990 1159 2046 et
1189 1980 1522 2065 precinxit

316 2088 407 2132 se.
544 2070 827 2133 Etenim
911 2069 1199 2134 firmavit
1289 2070 1518 2133 orbem

314 2166 533 2221 terre:
607 2160 723 2241 qui
782 2178 919 2222 non
974 2158 1519 2223 commovebitur.

312 2247 571 2311 Parata
599 2246 794 2311 sedes
844 2256 964 2311 tua
1007 2257 1301 2311 extunc:
1347 2268 1388 2311 a
1418 2266 1521 2311 se·

316 2335 470 2398 culo
502 2344 573 2398 tu
596 2356 684 2400 es,
774 2336 1224 2401 Elevaverunt
1243 2335 1520 2400 flumina

316 2424 621 2489 domine:
712 2423 1137 2489 elevaverunt
1241 2423 1519 2489 flumina

316 2532 552 2578 vocem
613 2533 822 2579 suam.
911 2513 1367 2579 Elevaverunt
1397 2513 1519 2578 flu·-

320 2605 505 2666 mina
535 2602 773 2667 fluctus
792 2625 948 2668 suos
978 2625 1019 2668 a
1047 2604 1323 2667 vocibus
1354 2622 1518 2687 aqu-

313 2711 503 2754 arum
538 2692 913 2757 multarum.
1002 2691 1355 2756 .Mirabiles
1385 2692 1521 2757 ela-

314 2781 534 2842 tiones
596 2782 835 2845 maris:
882 2781 1202 2845 mirabilis
1248 2781 1315 2845 in
1362 2780 1517 2846 altis

312 2870 642 2933 dominus
745 2869 1155 2934 Testimonia
1174 2879 1291 2934 tua
1310 2869 1517 2934 credi-

314 2958 479 3021 bilia
509 2957 683 3021 facta
734 2965 891 3021 sunt
951 2959 1189 3022 nimis:
1237 2960 1514 3023 domum

310 3057 501 3109 tuam
534 3046 727 3111 decet
755 3046 1136 3111 sanctitudo
1158 3047 1428 3111 domine
1449 3048 1515 3110 in

314 3134 804 3216 longitudinem
828 3135 1131 3199 dierum.⁴
1382 3137 1514 3218 pf!

312 3225 588 3354 Deus
620 3225 949 3287 ultionum
970 3222 1281 3288 dominus
1309 3244 1323 3288 :
1350 3224 1516 3288 deus

474 3313 799 3377 ultionum
832 3312 1037 3376 libere
1056 3314 1209 3396 egit.
1300 3313 1515 3376 Exal-

311 3411 457 3464 tare
487 3401 599 3483 qui
655 3400 919 3481 judicas
974 3409 1261 3466 terram:
1310 3402 1514 3466 redde

309 3490 811 3554 retributionem
836 3491 1155 3574 superbis.
1257 3490 1515 3574 Usque-

308 3598 449 3660 quo
478 3587 860 3660 peccatores
912 3579 1225 3642 domine:
1270 3599 1513 3662 usque-

310 3687 449 3749 quo
552 3675 936 3750 peccatores
1032 3666 1512 3750 gloriabuntur.

308 3754 723 3824 Effabuntur
750 3764 818 3820 et
878 3755 1236 3839 loquentur
1278 3757 1519 3839 iniqui-

310 3853 564 3908 tatem:
640 3843 1000 3928 loquentur
1058 3863 1295 3908 omnes
1399 3845 1513 3927 qui

308 3942 672 4015 operantur
744 3933 1156 4015 injustitiam.
1284 3933 1514 4016 Popu-

308 4021 451 4084 lum
476 4031 665 4084 tuum
682 4022 953 4085 domine
971 4021 1513 4087 humiliaverunt:

306 4120 377 4174 et
401 4109 847 4174 hereditatem
868 4119 1054 4174 tuam
1078 4120 1517 4178 vexaverunt.

406 4255 421 4286 ¹
465 4258 479 4282 ‘
502 4255 679 4306 Gloria
702 4257 849 4321 patri.
918 4257 1023 4306 Aa.
1068 4257 1265 4306 Bonum
1288 4263 1363 4307 est
1386 4272 1505 4306 con-

301 4322 433 4374 fiteri
478 4323 700 4373 domino.
812 4325 917 4374 Aa.
960 4323 1189 4374 Metuant
1244 4323 1505 4373 dominum

304 4404 483 4439 omnes
530 4389 653 4439 fines
696 4396 839 4440 terre.
903 4397 983 4454 pf.
1026 4391 1165 4454 Deus
1200 4390 1323 4440 deus
1346 4405 1500 4440 meus,

455 4459 535 4571 1:-
564 4455 845 4571 ’ζἭ
861 4457 1155 4572 0:²2ssss

412 4589 433 4619 ⁸
450 4529 617 4638 enen
634 4559 833 4638 bicit'ur'
840 4589 911 4637 ad
920 4537 1221 4639 ”darn-'m
1238 4589 1327 4639 iste
1328 4595 1407 4654 pt.
1416 4601 1499 4652 92.

2144 456 2295 513 844

1648 560 1934 627 Viduam
1966 570 2036 627 et
2093 564 2422 627 advenam
2484 564 2829 630 intersece-

1631 661 1830 715 runt:
1915 661 1986 715 et
2059 652 2348 735 pupillos
2423 654 2823 718 occiderunt.

1628 739 1730 803 Et
1761 740 2078 803 dixerunt
2126 761 2260 804 non
2307 742 2564 806 videbit
2609 743 2824 806 domi-

1629 848 1784 892 nus:
1831 848 1955 893 nec
2015 830 2344 912 intelliget
2394 832 2560 895 deus
2603 831 2820 913 jacob.

1624 916 1994 999 Intelligite
2055 918 2440 1001 insipientes
2470 920 2538 982 in
2571 919 2822 1003 populo

1624 1015 1694 1068 et
1724 1007 1910 1069 stulti
1955 1006 2316 1088 aliquando
2367 1009 2596 1090 sapite.
2693 1008 2822 1087 Qui

1622 1094 1954 1175 plantavit
1983 1115 2209 1163 aurem
2241 1116 2375 1159 non
2407 1096 2673 1161 audiet:
2705 1106 2821 1161 aut

1622 1178 1737 1264 qui
1770 1182 1969 1246 finxit
1987 1185 2253 1263 oculum
2274 1204 2407 1248 non
2424 1185 2822 1250 considerat.

1627 1269 1755 1349 Qui
1805 1272 2072 1355 corripit
2121 1282 2357 1355 gentes
2405 1292 2540 1337 non
2589 1283 2824 1357 arguet

1621 1360 1736 1441 qui
1797 1361 1992 1425 docet
2051 1360 2394 1426 hominem
2453 1362 2821 1428 scientiam.

1621 1448 1960 1513 Dominus
2019 1451 2146 1515 scit
2166 1450 2192 1489 ⁶
2235 1452 2676 1533 cogitationes
2704 1450 2826 1515 ho-

1623 1538 1921 1603 minum:
2010 1539 2328 1621 quoniam
2401 1559 2575 1604 vane
2649 1549 2823 1605 sunt.

1620 1624 1874 1690 Beatus
1906 1626 2113 1691 homo
2163 1648 2364 1710 quem
2394 1636 2468 1692 tu
2501 1627 2818 1693 erudieris

1622 1714 1932 1780 domine:
1978 1726 2047 1779 et
2077 1717 2164 1779 de
2195 1716 2341 1799 lege
2371 1725 2490 1781 tua
2519 1716 2824 1781 docueris

1620 1823 1795 1867 eum.
1897 1804 1990 1870 Ut
2010 1805 2275 1887 mitiges
2305 1824 2459 1868 eum
2479 1803 2504 1843 ⁷
2524 1824 2566 1869 a
2582 1806 2820 1869 diebus

1623 1892 1858 1958 malis:
1903 1893 2118 1957 donec
2167 1893 2460 1957 fodiatur
2488 1896 2821 1976 peccatori

1622 1980 1833 2046 fovea.
1929 1980 2102 2061 Quia
2132 2001 2265 2045 non
2299 1982 2572 2064 repellet
2603 1982 2820 2046 domi-

1622 2089 1750 2133 nus
1778 2069 2045 2153 plebem
2108 2090 2332 2135 suam:
2380 2080 2448 2134 et
2491 2071 2824 2135 heredita«

1620 2166 1761 2222 tem
1793 2179 1984 2222 suam
2006 2178 2139 2222 non
2153 2158 2584 2243 derelinquet.
2638 2159 2820 2238 Quo-

1620 2247 1922 2330 adusque
1967 2247 2229 2329 justitia
2287 2258 2708 2312 convertatur
2749 2249 2818 2312 in

1614 2333 1982 2417 judicium:
2074 2345 2144 2399 et
2201 2336 2316 2419 qui
2373 2336 2572 2419 juxta
2633 2337 2816 2401 illam

1618 2444 1852 2489 omnes
1927 2426 2042 2507 qui
2115 2434 2300 2489 recto
2372 2435 2527 2489 sunt
2601 2426 2819 2489 corde.

1626 2512 1787 2592 Quis
1849 2523 2204 2595 consurget
2263 2512 2428 2578 mihi
2503 2515 2816 2579 adversus

1620 2603 2105 2686 malignantes:
2196 2612 2314 2668 aut
2387 2603 2537 2686 quis
2611 2605 2818 2668 stabit

1620 2711 1886 2755 mecum
1933 2693 2253 2756 adversus
2297 2701 2650 2775 operantes
2697 2693 2818 2756 ini-

1618 2781 1960 2862 quitatem.
2080 2781 2236 2845 Nisi
2297 2782 2455 2865 quia
2506 2782 2820 2845 dominus

1618 2869 1876 2950 adjuvit
1923 2889 2070 2934 me:
2143 2871 2568 2952 paulominus
2629 2868 2820 2934 habi-

1614 2966 1827 3022 tasset
1849 2959 1916 3022 in
1935 2957 2194 3023 inferno
2222 2959 2448 3022 anima
2478 2979 2646 3023 mea.
2741 2959 2820 3024 Si

1615 3047 1921 3111 dicebam
1985 3056 2206 3111 motus
2267 3054 2370 3111 est
2429 3068 2549 3130 pes
2599 3067 2818 3111 meus:

1616 3135 2067 3200 misericordia
2099 3145 2213 3199 tua
2244 3136 2519 3199 domine
2543 3136 2819 3217 adjuva-

1614 3223 1716 3289 bit
1745 3225 1771 3261 ⁸
1803 3244 1926 3287 me.
2021 3223 2412 3288 Secundum
2450 3223 2819 3288 multitudi-

1614 3333 1770 3376 nem
1804 3313 2110 3376 dolorum
2145 3331 2448 3376 meorum
2497 3313 2566 3376 in
2619 3312 2818 3375 corde

1614 3421 1808 3467 meo:
1855 3400 2342 3465 consolationes
2387 3409 2502 3464 tue
2547 3399 2819 3464 letifica·

1610 3497 1851 3555 verunt
1904 3491 2196 3553 animam
2243 3509 2483 3553 meam.
2617 3489 2818 3553 Nun·

1614 3578 1776 3662 quid
1810 3577 2088 3642 adheret
2117 3576 2239 3641 tibi
2269 3578 2462 3641 sedes
2507 3577 2819 3659 iniquita-

1616 3667 1742 3731 tis:
1790 3667 1904 3750 qui
1936 3665 2132 3749 fingis
2181 3664 2528 3730 dolorem⁹
2557 3667 2624 3728 in
2671 3686 2820 3748 pre-

1616 3764 1834 3840 cept0.
1947 3753 2331 3838 captabunt
2391 3755 2460 3818 in
2522 3755 2817 3819 animam

1611 3844 1808 3928 justi:
1855 3853 1924 3908 et
1953 3843 2346 3927 sanguinem
2393 3843 2817 3907 innocentem

1614 3933 2177 3998 condemnabunt.
2279 3931 2382 3995 Et
2441 3931 2656 3995 factus
2716 3941 2820 3996 est

1616 4022 1781 4085 mihi
1833 4022 2146 4085 dominus
2193 4020 2261 4084 in
2323 4019 2693 4103 refugium:
2751 4030 2820 4084 et

1613 4111 1782 4175 deus
1833 4129 2022 4175 meus
2079 4111 2148 4173 in
2211 4109 2616 4192 adjutorium
2677 4110 2820 4192 spei

1607 4257 1860 4354 Dominus
1915 4256 2164 4346 regnavit,
2196 4256 2428 4306 decorem
2453 4255 2468 4280 ’
2502 4255 2642 4306 add:
2675 4255 2744 4306 E.
2757 4256 2820 4306 G.

1707 4323 2136 4504 ζρξὲἴῗῗ
2190 4323 2524 4504 ’ἓέῑξῑΕὲὲ
2549 4453 2596 4506 G

1707 4525 1728 4554 ⁸
1759 4465 2063 4586 {lijiwatiau
2099 4521 2234 4572 Ec.
2356 4471 2442 4506 ⁶¹²
2527 4492 2542 4505 ⁰
2600 4491 2614 4504 '

1707 4591 1728 4618 ⁰
1761 4604 1854 4653 pro
1883 4593 1896 4616 ‘
1913 4588 2140 4640 dolorem
2159 4589 2172 4612 ’
2209 4589 2432 4639 laborem
2459 4607 2472 4638 :
2509 4587 2568 4638 Ε.
2581 4589 2646 4638 G.
