3375 5100
1382 329 1760 387 DOMINIC
1755 330 1809 384 A
1865 327 2156 400 QUART
2147 329 2204 384 Α

1098 437 1255 495 389

556 545 858 610 flumine:
879 554 948 608 et
966 543 1187 627 puelle
1203 543 1345 627 ejus
1363 543 1758 629 gradieban-

555 645 665 698 tur
711 656 828 717 per
872 635 1275 717 crepidinem
1320 636 1509 700 alvei.
1603 633 1757 716 Que

558 744 709 787 cum
742 725 1015 786 vidisset
1062 722 1377 786 fiscellam
1414 725 1477 787 in
1512 723 1755 806 papiri-

558 812 762 876 one¹:
811 812 990 874 misit
1020 831 1219 874 unam
1266 811 1351 874 de
1380 811 1756 875 famulabus

558 901 695 963 suis
715 908 781 963 et
805 899 1076 963 allatam
1103 900 1433 980 aperiens:
1454 920 1757 962 cernens-

560 1010 691 1072 que
724 989 791 1051 in
823 1007 901 1050 ea
942 987 1287 1070 parvulum
1334 990 1712 1070 vagientem
1733 988 1758 1025 ²

565 1078 837 1141 miserta
868 1076 1011 1157 ejus
1043 1077 1153 1139 ait.
1246 1077 1354 1140 De
1395 1077 1758 1140 infantibus

562 1166 956 1229 hebreorum
987 1163 1095 1227 hic
1126 1173 1243 1227 est.
1443 1165 1657 1227 Lectio
1688 1165 1760 1246 ij.

578 1255 767 1386 Cui
831 1272 1017 1315 soror
1074 1252 1279 1335 pueri.
1368 1253 1490 1317 Vis
1543 1251 1757 1335 inquit

704 1350 775 1405 ut
807 1342 1052 1404 vadam
1085 1350 1153 1403 et
1197 1361 1429 1404 vocem
1477 1339 1597 1405 tibi
1644 1341 1759 1404 he-

565 1430 793 1493 bream
890 1429 1231 1492 mulierem
1308 1451 1441 1512 que
1512 1431 1762 1493 nutrire

566 1518 779 1600 possit
840 1516 1291 1582 infantulum?
1369 1519 1758 1602 Respondit.

564 1607 795 1671 Vade:
845 1606 1144 1669 Perrexit
1199 1606 1459 1688 puella:
1528 1616 1595 1671 et
1643 1627 1758 1669 vo-

566 1695 742 1758 cavit
790 1704 1069 1757 matrem
1132 1693 1291 1776 ejuS.
1380 1695 1495 1758 Ad
1558 1715 1758 1778 quam

567 1783 790 1847 locuta
821 1792 920 1846 est
953 1781 1087 1845 filia
1120 1782 1472 1865 pharaonis
1500 1805 1515 1848 τ
1562 1783 1762 1847 Acci-

570 1892 655 1955 pe
710 1873 801 1934 ait
862 1891 1140 1954 puerum
1203 1871 1402 1934 istum
1465 1883 1531 1935 et
1585 1873 1760 1935 nutri

570 1960 765 2023 mihi:
797 1969 866 2024 et
884 1980 1011 2042 ego
1042 1959 1218 2023 dabo
1244 1960 1365 2024 tibi
1386 1961 1760 2024 mercedem

568 2057 772 2112 tuam.
1420 2049 1632 2112 Lectio
1664 2049 1760 2131 iij.

566 2135 954 2272 Suscepit
1030 2135 1265 2200 mulier
1348 2147 1416 2200 et
1492 2139 1764 2201 nutrivit

699 2245 1017 2308 puerum:
1065 2225 1501 2308 adultumque
1560 2225 1762 2289 tradi-

568 2315 664 2378 dit
728 2313 859 2376 filie
919 2312 1286 2395 pharaonis,
1380 2314 1599 2398 Quem
1650 2315 1764 2378 illa

570 2403 916 2484 adoptavit
967 2402 1034 2464 in
1069 2401 1286 2465 locum
1321 2401 1453 2466 filii.
1545 2404 1765 2467 Voca-

568 2492 798 2573 vitque
860 2509 1103 2553 nomen
1154 2490 1295 2572 ejus
1354 2512 1615 2574 moyses
1663 2493 1762 2555 di-

571 2600 769 2643 cens:
818 2580 975 2661 quia
1034 2580 1119 2642 de
1179 2600 1353 2661 aqua
1414 2581 1532 2643 tuli
1590 2602 1761 2644 eum.

569 2670 660 2732 In
698 2688 949 2748 evange.
970 2676 1073 2731 ari.
1103 2667 1323 2732 Rabbi
1355 2670 1501 2750 quis
1533 2690 1765 2751 pecca-

575 2758 673 2820 vit
704 2756 811 2819 hic
841 2765 957 2818 aut
1004 2765 1310 2837 parentes
1360 2758 1503 2839 ejus
1552 2766 1623 2821 ut
1654 2779 1762 2821 ce-

578 2865 693 2908 cus
728 2853 1143 2908 nasceretur:
1192 2847 1530 2927 respondit
1572 2847 1768 2928 Jesus

575 2942 643 2995 et
704 2932 916 2996 dixit:
994 2952 1210 3015 neque
1268 2933 1373 2997 hic
1433 2938 1766 3016 peccavit:

578 3041 793 3102 neque
868 3031 1177 3103 parentes
1250 3021 1431 3103 ejus:
1500 3024 1616 3087 sed
1693 3034 1768 3087 ut

577 3109 1081 3172 manifestentur
1111 3130 1313 3193 opera
1362 3111 1468 3174 dei
1519 3111 1585 3174 in
1636 3112 1768 3175 illo.

560 3206 663 3280 pff.
714 3198 1127 3261 Benedictus
1519 3200 1768 3265 Oratio.

575 3289 846 3418 Deus
924 3288 1036 3368 qui
1113 3296 1181 3349 et
1260 3286 1456 3368 justis
1516 3290 1770 3370 premia

733 3376 1153 3439 meritorum:
1202 3386 1267 3439 et
1318 3379 1772 3458 peccatoribus

579 3486 699 3547 per
755 3464 1080 3546 jejunium
1143 3465 1408 3528 veniam
1488 3468 1769 3547 prebes:

580 3554 889 3616 miserere
963 3552 1371 3635 supplicibus
1439 3557 1619 3617 tuis:
1699 3564 1771 3619 ut

578 3650 800 3705 reatus
837 3642 1041 3704 nostri
1075 3642 1398 3705 confessio
1425 3644 1773 3725 indulgen-

576 3731 739 3793 tiam
766 3730 987 3793 valeat
1012 3730 1345 3812 percipere
1366 3731 1772 3796 delictorum.

580 3818 703 3881 Per
751 3818 1114 3881 dominum.
1205 3820 1329 3881 Ad
1366 3832 1656 3902 vesperas
1703 3822 1772 3884 in

574 3906 901 3987 evangelio
945 3915 1049 3969 aii.
1101 3906 1168 3969 A
1217 3908 1439 3972 seculo
1489 3930 1619 3973 non
1670 3921 1772 3973 est

575 3996 879 4058 auditum
931 4015 946 4058 τ
1038 3997 1197 4077 quia
1289 3998 1435 4080 quis
1512 4000 1771 4081 aperuit

575 4083 803 4147 oculos
862 4084 999 4147 ceci
1062 4086 1218 4148 nati.
1293 4094 1398 4167 pf.
1460 4086 1770 4169 Magnifi-

576 4181 700 4236 cat.
1522 4176 1766 4240 Oratio,

568 4262 953 4395 pateant
1044 4282 1231 4325 aures
1325 4264 1769 4328 misericordie

722 4358 837 4431 ⁴tue
914 4350 1183 4413 domine
1244 4354 1549 4433 precibus
1612 4373 1768 4433 sup—

672 4488 684 4517 ¹
722 4486 1031 4585 papyrione?
1053 4486 1209 4603 gihit
1238 4572 1248 4583 ·
1286 4556 1329 4604 Ε

1451 4492 1471 4519 ²
1504 4490 1787 4554 vagiantem
1805 4505 1816 4537 :
1862 4490 1922 4541 E.

2370 435 2527 493 840

1869 545 2257 628 plicantium
2293 565 2310 609 :
2387 552 2452 608 et
2529 552 2602 607 ut
2675 537 3056 626 petentibus

1869 634 2242 697 desiderata
2315 633 2691 696 concedas:
2761 630 2866 695 sac
2940 651 3056 694 eos

1869 743 1999 805 que
2040 723 2162 786 tibi
2205 732 2359 786 sunt
2409 719 2654 804 placita
2703 721 3053 804 postulare.

1871 811 1996 874 Per
2013 811 2039 848 ⁸
2067 812 2428 874 dominum.

1872 903 1936 977 01
1982 900 2187 963 Ferit
2207 920 2266 963 v.
2765 897 2982 960 Lectio
2991 897 3056 979 j.

1867 989 2002 1119 In
2033 986 2265 1051 diebus
2307 987 2476 1052 illis:
2525 985 2886 1067 Postquam
2917 1006 3059 1048 cre-

1954 1086 2140 1140 verat
2172 1096 2434 1157 moyses
2479 1093 2778 1156 egressus
2809 1074 2895 1137 ad
2927 1073 3060 1136 fra-

1869 1174 2002 1228 tres
2022 1185 2174 1227 suos
2193 1165 2357 1227 vidit
2377 1163 2798 1227 afflictionem
2825 1181 3056 1225 eorum

1868 1263 1939 1316 et
1960 1254 2172 1316 virum
2206 1252 2550 1335 egyptium
2575 1251 3057 1333 percutientem

1871 1342 2206 1424 quendam
2281 1341 2367 1404 de
2425 1340 2684 1403 hebreis
2745 1338 3059 1403 fratribus

1871 1431 2022 1493 suis,
2127 1430 2405 1512 Cunque
2478 1428 3060 1510 circumspexisset

1871 1518 1998 1582 huc
2029 1528 2230 1600 atque
2262 1518 2414 1581 illuc
2445 1526 2514 1580 et
2537 1516 2791 1580 nullum
2825 1517 3062 1579 adesse

1871 1607 2191 1670 vidisset:
2267 1625 2647 1689 percussum
2709 1605 3058 1686 egyptium

1873 1694 2220 1759 abscondit
2251 1695 2498 1758 sabulo,
2741 1691 2956 1755 Lectio
2988 1693 3057 1773 ij.

1873 1786 2052 1916 Εἰ
2111 1803 2412 1866 egressus
2473 1783 2580 1845 die
2641 1779 2848 1844 altero
2901 1800 3060 1844 con-

2023 1872 2246 1954 spexit
2319 1872 2486 1934 duos
2568 1870 2847 1933 hebreos
2924 1869 3060 1932 rix-

1873 1969 2080 2024 antes,
2173 1958 2496 2042 Dixitque
2527 1961 2586 2022 ei
2617 1959 2732 2040 qui
2773 1957 3060 2022 faciebat

1875 2049 2198 2130 injuriam.
2257 2047 2481 2130 Quare
2511 2048 2798 2129 percutis
2831 2047 3060 2128 proxi-

1876 2157 2059 2201 mum
2139 2146 2327 2200 tuum
2365 2137 2388 2199 ?
2501 2135 2635 2220 Qui
2716 2135 3060 2217 respondit

1876 2225 2043 2308 Quis
2093 2226 2436 2288 constituit
2471 2235 2540 2287 te
2591 2223 2954 2307 principem
2989 2233 3061 2285 et

1869 2314 2160 2395 judicem
2211 2334 2408 2395 super
2455 2314 2621 2377 nos?
2713 2313 2894 2375 Num
2950 2331 3060 2373 oc-

1874 2404 2092 2466 cidere
2122 2413 2194 2465 tu
2227 2423 2334 2465 me
2366 2403 2463 2466 vis
2500 2423 2514 2466 :
2561 2402 2729 2464 sicut
2760 2401 3060 2464 occidisti

1875 2492 2012 2555 heri
2046 2491 2408 2574 egyptium.
2714 2488 2931 2552 Lectio
2962 2487 3062 2571 iij.

1897 2580 2234 2713 Timuit
2285 2600 2548 2661 moyses
2610 2588 2677 2642 et
2731 2580 2825 2641 ait
2875 2577 3060 2661 Quo-

2043 2670 2244 2732 modo
2327 2668 2548 2750 palam
2628 2665 2879 2732 sactum
2959 2674 3063 2728 est

1873 2758 2151 2821 verbum
2241 2757 2476 2821 istud?
2602 2755 3063 2836 Audivitque⁴

1877 2846 2128 2929 pharao
2217 2864 2586 2909 sermonem
2676 2844 2903 2907 hunc:
2995 2853 3063 2905 et

1878 2936 2196 3017 querebat
2219 2935 2516 2998 occidere
2549 2932 2868 3014 moysen!
2927 2929 3063 3013 Qui

1879 3023 2137 3105 fugiens
2170 3024 2255 3086 de
2285 3032 2640 3104 conspectu
2673 3020 2816 3103 ejus
2847 3040 3062 3082 mora—

1879 3123 1987 3176 tus
2034 3120 2134 3174 est
2165 3112 2230 3173 in
2262 3120 2434 3174 terra
2482 3110 2746 3173 madian
2792 3120 2860 3172 et
2892 3108 3067 3171 sedit

1877 3201 2074 3283 juxta
2135 3208 2426 3281 puteum.
2518 3200 2600 3261 In
2651 3218 2901 3279 evange.
2956 3205 3061 3259 aii.

1887 3290 2082 3353 Pater
2141 3289 2359 3371 diligit
2417 3287 2625 3351 filium
2697 3296 2766 3349 et
2839 3286 3066 3348 omnia

1884 3379 2296 3440 demonstrat
2327 3377 2386 3439 ei
2418 3397 2548 3459 que
2579 3376 2718 3458 ipse
2749 3375 2924 3438 facit.
2964 3382 3066 3454 pJ.

1885 3466 2300 3530 Benedictus,
2819 3462 3068 3528 Oratio.

1883 3558 2210 3688 Presta
2269 3554 2460 3616 nobis
2521 3572 2881 3635 quesumus
2949 3551 3069 3613 do-

2037 3644 2214 3705 mine
2255 3651 2329 3706 ut
2361 3641 2759 3705 salutaribus
2799 3639 3068 3722 jejuniis

1884 3732 2162 3795 eruditi:
2223 3752 2264 3793 a
2315 3731 2532 3793 noxiis
2581 3750 2846 3812 quoque
2893 3728 3069 3791 vitiis

1883 3820 2329 3883 abstinentes:
2377 3820 2920 3902 propiciationem
2965 3826 3071 3879 tu-

1884 3930 1993 3973 am
2068 3907 2322 3973 facilius
2397 3910 2842 3990 impetremus.
2949 3904 3074 3968 Per

1883 3998 2248 4061 dominum.
2371 3996 2498 4060 Ad
2577 3996 2881 4077 vesperas.
2985 3992 3071 4055 In

1883 4106 2138 4169 evange.
2205 4094 2310 4149 αῆ.
2405 4084 2592 4151 Sicut
2667 4093 2857 4165 pater
2929 4100 3070 4145 sus-

1885 4176 2047 4239 citat
2117 4184 2412 4237 mortuos
2488 4183 2557 4237 et
2629 4171 2918 4235 vivificat
2979 4171 3072 4233 sic

1884 4273 1954 4327 et
1984 4263 2156 4327 filius
2200 4283 2370 4345 quos
2415 4262 2559 4326 vult
2587 4260 2892 4325 vivificat.
2969 4267 3074 4340 pff.

1887 4352 2296 4435 Magnificat.
2825 4348 3074 4415 Oratio.

2239 4490 2258 4519 ⁸
2297 4488 2574 4537 ‘eundem’
2610 4488 2710 4537 add
2739 4505 2750 4537 :
2787 4488 2848 4537 E.

2009 4558 2030 4587 ⁵
2063 4568 2284 4619 moysem
2311 4573 2324 4603 :
2359 4554 2424 4603 G.
