3375 5100
1409 300 1512 357 OC
1514 300 1568 355 T
1567 298 1808 357 OBRIS
1804 340 1819 355 .

889 408 1027 465 601

357 524 425 585 et
453 513 676 581 divisit
699 512 861 579 illis¹
886 533 1164 598 regnum
1186 533 1379 579 suum
1401 532 1554 579 cum

357 603 576 669 adhuc
650 604 915 669 viveret.
1004 604 1118 669 Re.
1211 604 1552 668 Exaudiat

356 692 668 757 dominus
741 692 1074 757 orationes
1155 701 1408 757 vestras
1481 699 1553 755 et

357 781 814 845 reconcilietur
902 780 1132 845 vobis:
1219 800 1343 845 nec
1431 799 1554 843 vos

356 871 620 939 deserat
666 868 734 933 in
783 878 1082 952 tempore
1127 868 1321 933 malo.
1414 868 1553 933 Do-

355 958 574 1021 minus
602 959 767 1022 deus
812 966 1041 1022 vester.
1087 966 1142 1042 Ῡ
1183 957 1556 1041 Adaperiat

356 1046 666 1112 dominus
697 1065 810 1110 cor
837 1054 1128 1110 vestrum
1159 1046 1227 1110 in
1257 1046 1403 1129 lege
1431 1066 1554 1110 sua

355 1144 428 1199 et
501 1134 570 1199 in
643 1133 974 1218 preceptis
1033 1135 1168 1199 suis
1223 1142 1295 1199 et
1353 1133 1554 1199 faciat

356 1242 609 1307 pacem.
656 1223 1004 1289 Dominus.
1209 1222 1426 1287 Lectio
1455 1222 1551 1305 iij.

597 1312 902 1395 regnavit
947 1310 1314 1376 alexander
1360 1312 1554 1377 annis

507 1398 910 1465 duodecim:
973 1409 1043 1463 et
1103 1409 1404 1463 mortuus
1432 1408 1553 1467 est.

357 1488 452 1553 Et
498 1488 924 1553 obtinuerunt
970 1488 1156 1571 pueri
1213 1486 1357 1570 ejus
1403 1509 1549 1571 reg-

356 1596 519 1645 num
571 1577 1026 1659 unusquisque
1074 1577 1141 1640 in
1193 1576 1342 1639 loco
1378 1596 1549 1642 suo:

357 1665 894 1747 etimposuerunt
914 1664 1038 1727 sibi
1059 1684 1291 1729 omnes
1313 1665 1546 1730 diade-

360 1761 542 1816 mata
590 1763 745 1836 post
792 1761 1074 1818 mortem
1127 1752 1269 1835 ejus
1315 1763 1385 1818 et
1431 1753 1550 1817 filii

357 1860 586 1904 eorum
620 1848 772 1924 post
802 1860 916 1903 eos
945 1842 1136 1904 annis
1167 1841 1391 1905 multis
1419 1862 1434 1905 :
1482 1851 1548 1907 et

357 1928 802 2011 multiplicata
829 1938 984 1994 sunt
1039 1929 1214 1994 mala
1261 1931 1327 1994 in
1360 1940 1550 1995 terra.

357 2017 475 2081 Re.
521 2017 672 2081 Tua
703 2026 805 2081 est
853 2018 1158 2100 potentia
1185 2028 1374 2083 tuum
1407 2038 1551 2101 reg-

357 2125 517 2169 num
547 2105 818 2169 domine
862 2115 934 2170 tu
981 2126 1052 2169 es
1091 2126 1289 2189 super
1317 2126 1550 2171 omnes

357 2202 612 2276 gentes,
727 2194 838 2257 Da
935 2213 1120 2258 acem
1169 2194 1438 2259 domine
1482 2195 1552 2259 in

352 2282 588 2346 diebus
599 2282 855 2347 nostris,
964 2283 1239 2347 Creator
1254 2283 1550 2347 omnium

355 2373 522 2434 deus
553 2369 856 2435 terribilis
875 2380 943 2435 et
973 2371 1158 2435 fortis
1186 2393 1202 2436 :
1240 2371 1460 2454 justus
1483 2381 1552 2436 et

357 2459 740 2524 misericors,
834 2459 944 2525 Da
987 2480 1241 2543 pacem.
1305 2458 1549 2525 Gloria.

360 2548 470 2612 Da
500 2569 750 2632 pacem.

355 2641 546 2772 Et
574 2637 744 2702 exiit
789 2658 876 2702 ex
909 2638 1004 2702 eis
1024 2637 1220 2701 radix
1251 2639 1506 2722 peccati
1535 2659 1551 2704 :

505 2725 852 2792 antiochus
882 2727 1152 2791 illustris
1205 2725 1378 2790 filius
1433 2747 1552 2790 an-

358 2813 560 2880 tiochi
593 2815 764 2897 regis
792 2815 908 2899 qui
949 2815 1162 2880 fuerat
1208 2835 1393 2880 rome
1433 2814 1553 2879 ob-

349 2923 506 2968 ses:
551 2912 620 2967 et
651 2903 949 2986 regnavit
971 2904 1040 2967 in
1062 2923 1243 2968 anno
1273 2905 1550 2969 centesi-

350 3012 472 3062 mo
523 2992 855 3057 tricesimo
905 3002 974 3057 et
1021 2993 1308 3074 septimo
1366 2993 1552 3076 regni

353 3100 715 3163 grecorum.
808 3081 888 3144 In
936 3081 1172 3146 diebus
1214 3080 1340 3144 illis
1365 3083 1553 3145 exie-

355 3178 508 3233 runt
567 3189 656 3232 ex
717 3169 906 3234 israel
984 3169 1098 3232 filii
1159 3169 1410 3251 iniqui:
1484 3179 1556 3234 et

351 3265 700 3321 suaserunt
753 3256 980 3321 multis
1031 3257 1368 3322 dicentes:
1417 3257 1553 3322 Ea-

357 3365 502 3410 mus
527 3355 596 3410 et
622 3347 1054 3428 disponamus
1077 3356 1550 3410 testamentum

355 3435 424 3498 in
455 3434 767 3516 gentibus
811 3455 943 3517 que
988 3435 1161 3500 circa
1207 3455 1328 3498 nos
1359 3444 1553 3500 sunt:

353 3524 512 3606 quia
555 3543 644 3587 ex
705 3543 841 3606 quo
888 3523 1274 3589 recessimus
1323 3523 1410 3588 ab
1458 3525 1554 3588 eis

355 3610 746 3676 invenerunt
778 3631 898 3675 nos
931 3612 1141 3676 multa
1171 3611 1364 3676 mala.
1432 3612 1551 3677 Re.

358 3700 645 3764 Refulsit
685 3700 785 3766 sol
837 3702 906 3764 in
956 3701 1228 3783 clypeos
1275 3721 1550 3766 aureos:

349 3797 424 3860 ,et
453 3789 996 3871 resplenduerunt
1027 3798 1290 3853 montes
1319 3789 1406 3854 ab
1437 3791 1548 3854 eis.

357 3877 449 3942 Et
501 3877 822 3941 fortitudo
871 3878 1174 3961 gentium
1227 3878 1552 3960 dissipata

352 3975 469 4030 est.
517 3984 566 4053 γ
612 3966 776 4038 Erat
805 3968 980 4030 enim
1001 3968 1334 4032 exercitus
1365 3987 1551 4050 mag-

356 4074 480 4118 nus
510 4053 706 4120 valde
727 4064 796 4119 et
819 4056 1005 4120 fortis
1033 4077 1047 4120 :
1093 4064 1162 4120 et
1194 4057 1550 4140 appropin-

355 4143 587 4226 quavit
611 4143 810 4226 judas
841 4154 910 4208 et
941 4146 1272 4209 exercitus
1303 4145 1448 4228 ejus
1480 4146 1548 4210 in

356 4233 658 4314 prelium.
705 4233 795 4296 Et
827 4233 1160 4299 fortitudo.
1250 4232 1462 4298 Lectio
1491 4255 1548 4298 v.

505 4330 532 4385 t
564 4321 779 4385 bonus
831 4323 1010 4387 visus
1058 4333 1162 4387 est
1214 4342 1432 4386 sermo
1482 4323 1549 4387 in

503 4409 711 4475 oculis
730 4430 976 4476 eorum.
1069 4412 1158 4476 Et
1177 4411 1548 4476 destinave-

723 4549 733 4580 ¹
772 4548 878 4598 illi:
913 4547 994 4600 W.

2150 408 2309 470 602

1651 521 1805 578 runt
1851 511 2055 597 aliqui
2110 514 2195 578 de
2246 512 2498 598 populo
2551 521 2625 595 et
2668 512 2847 577 abie-

1655 611 1811 667 runt
1868 603 1956 668 ad
2032 623 2296 686 regem:
2370 612 2440 667 et
2484 603 2671 667 dedit
2715 602 2844 666 illis

1651 700 2057 775 potestatem
2089 701 2163 757 ut
2216 691 2506 756 facerent
2545 690 2846 773 justicias

1645 772 1965 862 gentium.
2056 780 2148 846 Et
2165 779 2631 844 edificaverunt
2648 799 2846 862 gym-

1650 869 1908 933 nasium
1928 870 1997 934 in
2010 869 2470 951 hierosolymis
2481 869 2845 933 secundum

1653 956 1833 1040 leges
1864 958 2207 1023 nationum
2236 979 2252 1022 :
2299 966 2368 1021 et
2396 957 2691 1023 fecerunt
2720 954 2845 1020 sibi

1650 1048 1955 1129 preputia
2004 1056 2075 1111 et
2105 1056 2509 1113 recesserunt
2556 1065 2598 1109 a
2642 1053 2847 1110 testa-

1651 1144 1881 1199 mento
1953 1144 2187 1201 sancto
2260 1143 2329 1199 et
2398 1132 2611 1216 juncti
2688 1141 2847 1197 sunt

1651 1224 2073 1289 nationibus:
2118 1231 2188 1288 et
2244 1222 2629 1288 venumdati
2690 1230 2845 1286 sunt

1650 1320 1725 1375 ut
1754 1310 2045 1377 facerent
2076 1312 2345 1377 malum.
2431 1311 2549 1375 Re.
2622 1310 2846 1392 Impe-

1647 1407 1795 1465 tum
1838 1400 2250 1467 inimicorum
2310 1418 2396 1465 ne
2455 1398 2845 1463 timueritis:

1649 1508 1975 1553 memores
2035 1498 2251 1555 estote
2309 1487 2652 1571 quomodo
2681 1486 2845 1551 salvi

1647 1575 1805 1653 sacti
1828 1586 1984 1641 sunt
2015 1588 2235 1659 patres
2248 1576 2474 1655 nostri.
2567 1576 2659 1641 Et
2671 1594 2847 1641 nunc

1646 1664 2007 1730 clamemus
2037 1667 2106 1730 in
2154 1666 2415 1731 celum:
2461 1672 2529 1728 et
2580 1665 2847 1729 misere-

1647 1753 1828 1818 bitur
1878 1755 2082 1818 nostri
2123 1754 2287 1818 deus
2318 1762 2557 1817 noster.
2604 1769 2651 1839 γ
2698 1753 2845 1816 Me-

1649 1850 1958 1915 mentote,
2022 1842 2419 1907 mirabilium
2494 1840 2637 1922 ejus
2710 1860 2843 1923 que

1647 1929 1804 1995 fecit
1851 1930 2170 2013 pharaoni
2218 1938 2286 1994 et
2332 1928 2649 1993 exercitui
2705 1928 2849 2011 ejus

1649 2019 1719 2083 in
1752 2019 1917 2083 mari
1936 2018 2149 2083 rubro.
2240 2018 2348 2083 Et.
2512 2016 2728 2081 Lectio
2757 2016 2845 2099 ψ’.

1645 2110 1827 2240 Et
1856 2116 2313 2190 prosperatum
2346 2114 2447 2170 est
2470 2124 2747 2188 regnum
2780 2106 2847 2169 in

1797 2206 2153 2278 conspectu
2184 2196 2357 2279 regis
2405 2192 2735 2258 antiochi:
2780 2202 2848 2258 et

1650 2284 1829 2367 cepit
1876 2304 2151 2367 regnare
2208 2285 2277 2348 in
2336 2293 2513 2348 terra
2570 2282 2848 2365 egypti:

1649 2382 1724 2436 ut
1755 2382 2059 2455 regnaret
2088 2392 2286 2456 super
2312 2371 2447 2435 duo
2478 2390 2696 2453 regna.
2760 2369 2852 2435 Et

1647 2460 1918 2527 intravit
1949 2481 2069 2526 rex
2102 2462 2169 2525 in
2214 2470 2536 2544 egyptum
2578 2458 2646 2521 in
2679 2458 2851 2522 mul-

1648 2550 1937 2616 titudine
1994 2548 2217 2634 gravi:
2293 2550 2359 2614 in
2424 2547 2721 2613 curribus
2780 2556 2849 2612 et

1651 2638 2115 2722 elephantibus
2176 2648 2246 2704 et
2334 2636 2705 2720 equitibus:
2780 2645 2849 2702 et

1649 2728 1922 2811 copiosa
1950 2727 2217 2792 navium
2248 2726 2691 2791 multitudine.
2756 2725 2849 2790 Et

1649 2817 1994 2881 constituit
2024 2815 2275 2880 bellum
2306 2816 2622 2880 adversus
2650 2812 2847 2898 ptho-

1651 2903 1939 2970 lemeum
1973 2925 2195 2988 regem
2220 2904 2487 2987 egypti:
2516 2913 2586 2968 et
2602 2902 2849 2966 veritus

1647 3002 1754 3057 est
1803 2992 2220 3077 ptholemeus
2250 2993 2335 3057 'a
2378 2991 2545 3056 facie
2588 2990 2733 3073 ejus
2777 2999 2847 3054 et

1647 3081 1861 3164 fugit:
1966 3092 2037 3146 et
2092 3081 2472 3147 ceciderunt
2522 3079 2847 3145 vulnerati

1647 3169 1858 3236 multi.
1949 3172 2067 3235 Re.
2158 3169 2575 3238 Ornaverunt
2616 3168 2853 3232 faciem

1650 3259 1884 3342 templi
1906 3258 2165 3323 coronis
2194 3258 2443 3322 aureis:
2490 3266 2557 3321 et
2586 3255 2851 3320 dedica-

1648 3356 1887 3412 verunt
1916 3348 2127 3412 altare
2184 3346 2475 3410 domino.
2552 3345 2644 3408 Et
2674 3344 2851 3408 facta

1639 3446 1753 3501 ‚est
1786 3436 2007 3501 leticia
2055 3445 2321 3518 magna·
2360 3435 2427 3496 in
2488 3431 2757 3516 populo.
2802 3449 2851 3518 γ

1653 3525 1735 3588 In
1766 3524 2034 3607 hymnis
2063 3532 2132 3588 et
2173 3521 2695 3588 confessionibus
2738 3520 2855 3585 be-

1649 3612 2425 3677 nedicebantdominum.
2460 3610 2569 3674 Et.
2606 3606 2854 3674 Gloria.

1639 3702 1761 3774 Et.
1794 3701 1907 3784 vij.
1926 3700 2434 3784 Responsorium.
2482 3699 2563 3762 In
2587 3697 2857 3780 hymnis

1649 3799 1722 3855 et
1782 3787 2307 3854 confessionibus
2368 3785 2853 3851 benedicebant

1650 3879 2015 3943 dominum.
2106 3877 2239 3960 Qui
2274 3895 2518 3958 magna
2576 3874 2731 3939 fecit
2783 3875 2853 3937 in

1651 3967 1883 4032 israel:
1947 3975 2016 4030 et
2076 3965 2421 4031 victoriam
2478 3963 2666 4028 dedit
2724 3963 2857 4026 illis

1649 4056 1959 4121 dominus
1981 4055 2419 4137 omnipotens,
2466 4069 2513 4139 γ
2559 4052 2856 4118 Omave-

1653 4155 1808 4209 runt
1831 4144 2066 4209 faciem
2099 4139 2333 4225 templi
2377 4142 2637 4206 coronis
2668 4161 2855 4204 aure-

1653 4234 1749 4299 is:
1794 4243 1864 4298 et
1893 4233 2367 4297 dedicaverunt
2402 4229 2610 4294 altare
2640 4229 2857 4294 domi-

1653 4343 1759 4386 no.
1879 4320 2032 4405 Qui.
2108 4320 2251 4405 viij.
2329 4318 2846 4401 Responsorium.

1653 4411 2058 4495 congregati
2088 4419 2243 4474 sunt
2275 4407 2519 4472 inimici
2552 4407 2756 4472 nostri
2788 4416 2859 4470 et

1917 4553 1937 4582 ²
1970 4548 2319 4616 ptholomeus:
2356 4547 2514 4598 W.N.
