3375 5100
1078 434 1469 493 SABBATO
1515 434 1641 490 AD
1702 434 2142 491 VESPERAS.

891 542 1031 599 919

362 652 546 737 pacis
574 650 816 715 federa.
865 650 1108 715 Presta
1137 658 1329 734 pater
1360 651 1579 735 piissi-

366 762 489 805 me.
537 757 585 828 y
662 740 1005 823 Dirigatur
1055 739 1344 804 domine.
1431 740 1564 804 Aa.

366 830 679 911 Suscepit
752 828 919 892 deus
1008 828 1202 891 israel
1289 848 1567 912 puerum

361 938 595 982 suum:
643 918 813 981 sicut
834 916 1092 981 locutus
1111 926 1215 980 est
1246 917 1565 981 abraham

361 1016 430 1070 et
460 1007 696 1070 semini
728 1006 905 1088 ejus:
950 1014 1019 1069 et
1065 1005 1390 1069 exaltavit
1440 1006 1565 1070 hu-

366 1096 555 1158 miles
587 1115 796 1178 usque
828 1095 894 1157 in
926 1093 1189 1159 secula)
1222 1104 1323 1177 pff.
1372 1096 1565 1177 Mag-

364 1183 635 1248 nificat.²
650 1184 677 1222 ⁸
1221 1182 1564 1264 psalmus.⁴

566 1274 743 1334 mine
761 1268 1007 1335 exaudi
1030 1270 1399 1335 orationem
1428 1292 1567 1336 me·

520 1380 629 1425 am
669 1361 935 1424 auribus
966 1361 1231 1443 percipe
1263 1360 1567 1424 obsecra-

366 1448 617 1512 tionem
640 1467 859 1512 meam
888 1468 903 1510 ε
924 1449 991 1509 in
1010 1449 1293 1512 veritate
1311 1458 1427 1513 tua
1446 1468 1565 1512 ex-

363 1538 521 1599 audi
547 1558 655 1599 me
677 1538 741 1600 in
752 1545 872 1600 tua
876 1536 1151 1617 justitia.
1202 1537 1303 1600 Et
1314 1556 1447 1600 non
1465 1538 1567 1601 in-

363 1634 501 1689 tres
535 1627 602 1688 in
628 1624 953 1706 judicium
983 1645 1137 1688 cum
1170 1645 1361 1689 servo
1406 1633 1566 1691 tuo:

365 1714 524 1795 quia
576 1732 711 1777 non
766 1711 1237 1795 justificabitur
1295 1714 1363 1777 in
1408 1734 1563 1777 con-

364 1810 599 1883 spectu
630 1810 749 1865 tuo
808 1803 1026 1865 omnis
1054 1802 1301 1867 vivens,
1396 1802 1569 1881 Quia

363 1899 747 1973 persecutus
777 1898 880 1952 est
938 1890 1245 1955 inimicus
1272 1890 1567 1956 animam

364 1998 585 2041 meam
612 2000 625 2043 :
657 1977 1033 2042 humiliavit
1063 1980 1129 2043 in
1156 1989 1331 2043 terra
1358 1980 1567 2045 vitam

364 2086 605 2132 meam.
702 2066 1061 2134 Collocavit
1092 2088 1199 2131 me
1230 2068 1295 2131 in
1328 2069 1567 2134 obscu-

368 2156 458 2218 ris
489 2156 661 2219 sicut
692 2165 991 2219 mortuos
1008 2155 1210 2220 seculi
1236 2177 1251 2221 :
1284 2166 1353 2219 et
1375 2158 1568 2220 anxi-

364 2252 517 2307 atus
547 2252 651 2308 est
680 2264 879 2326 super
902 2263 1009 2307 me
1040 2246 1307 2327 spiritus
1340 2265 1565 2311 meus:

366 2332 435 2395 in
462 2351 571 2395 me
614 2332 956 2396 turbatum
1005 2342 1108 2396 est
1155 2352 1270 2397 cor
1320 2352 1563 2399 meum.

363 2420 641 2483 Memor
667 2420 761 2485 fui
792 2420 1050 2486 dierum
1095 2421 1518 2503 antiquorum
1548 2442 1565 2487 t

364 2509 729 2573 meditatus
760 2528 909 2573 sum
931 2510 995 2573 in
1015 2510 1329 2574 omnibus
1352 2510 1565 2593 operi-

362 2596 490 2662 bus
519 2599 654 2662 tuis
682 2619 697 2662 :
744 2599 811 2661 in
843 2598 1034 2663 factis
1065 2619 1385 2663 manuum
1416 2609 1565 2663 tua-

363 2707 511 2749 rum
558 2687 948 2751 meditabar.
1037 2688 1361 2770 Expandi
1422 2708 1563 2752 rna-

364 2795 491 2838 nus
552 2795 735 2839 meas
795 2777 881 2839 ad
942 2784 1054 2841 te:
1128 2777 1355 2840 anima
1414 2797 1564 2841 mea

362 2863 534 2927 sicut
564 2872 739 2928 terra
768 2865 911 2928 sine
934 2885 1108 2947 aqua
1136 2865 1277 2929 tibi.
1372 2864 1563 2929 Velo-

362 2953 529 3015 citer
558 2953 803 3016 exaudi
838 2974 945 3017 me
974 2953 1245 3017 domine
1273 2975 1287 3018 ε
1320 2953 1565 3018 defecit

362 3041 632 3122 spiritus
726 3061 931 3105 meus,
1064 3041 1225 3105 Non
1302 3050 1562 3106 avertas

362 3129 601 3193 faciem
662 3137 850 3194 tuam
912 3150 954 3194 a
1013 3149 1120 3193 me
1149 3151 1164 3194 τ
1208 3139 1279 3194 et
1329 3130 1563 3194 similis

364 3237 480 3281 ero
556 3217 1115 3282 descendentibus
1182 3219 1249 3281 in
1326 3218 1561 3284 lacum.

362 3305 691 3369 Auditam
726 3305 827 3370 fac
862 3307 1021 3370 mihi
1056 3327 1252 3370 mane
1314 3307 1563 3371 miseri-

364 3393 659 3458 cordiam
692 3403 923 3459 tuam:
970 3395 1127 3477 quia
1177 3396 1241 3459 in
1296 3405 1366 3460 te
1414 3417 1565 3479 spe-

363 3483 519 3546 ravi.
610 3482 871 3546 Notam
920 3483 1021 3547 fac
1074 3484 1234 3546 mihi
1283 3485 1461 3548 viam
1495 3485 1561 3547 in

363 3591 497 3653 qua
530 3571 870 3635 ambulem
899 3593 913 3635 ε
962 3573 1120 3654 quia
1145 3573 1231 3635 ad
1262 3582 1331 3637 te
1350 3573 1563 3637 levavi

365 3661 657 3722 animam
714 3679 951 3724 meam.
1042 3660 1251 3744 Eripe
1310 3682 1419 3725 me
1478 3662 1565 3726 de

364 3748 645 3810 inimicis
678 3747 842 3811 meis
872 3748 1140 3813 domine
1171 3751 1256 3814 ad
1288 3758 1356 3813 te
1404 3769 1562 3814 con—

362 3834 502 3918 fugi
532 3857 547 3900 :
593 3835 761 3899 doce
786 3857 896 3900 me
913 3835 1127 3901 facere
1143 3838 1557 3903 voluntatem

362 3932 591 3988 tuam:
654 3926 812 4007 quia
870 3925 1037 3989 deus
1096 3945 1287 3990 meus
1336 3947 1409 3990 es
1467 3935 1539 3991 tu

366 4011 657 4095 Spiritus
687 4023 843 4076 tuus
873 4013 1090 4077 bonus
1142 4015 1427 4078 deducet
1458 4035 1565 4080 me

366 4100 433 4164 in
464 4110 708 4166 terram
722 4109 1001 4166 rectam:
1022 4111 1295 4186 propter
1312 4123 1563 4168 nomen

464 4274 479 4305 ¹
514 4271 775 4324 seculum:
810 4273 943 4325 E.G.

462 4341 485 4370 ²
522 4340 850 4404 ‘kyrieleison
868 4343 881 4365 ⁹
906 4340 1006 4390 add
1032 4359 1047 4391 x
1082 4340 1217 4392 E.G.

461 4407 482 4436 ⁸
522 4408 536 4433 ‘
553 4407 722 4456 Preces
742 4414 824 4457 etc.
854 4415 915 4456 ut
934 4415 1091 4472 supra
1114 4409 1173 4457 in
1194 4409 1407 4458 secunda
1424 4408 1569 4474 seria

360 4473 437 4522 ad
476 4473 769 4524 matutinas.
842 4473 961 4522 Non
1005 4474 1199 4524 dakimr
1238 4475 1311 4524 ad
1346 4483 1567 4540 vesperas

361 4540 569 4656 ξὲεσρἔ.
626 4550 735 4600 142.
810 4540 1031 4590 Domine
1070 4541 1277 4590 exaudi’
1310 4541 1401 4594 διο.
1440 4543 1569 4592 add:

469 4675 488 4704 ⁴
510 4679 593 4738 ps.
630 4683 757 4734 142:
788 4673 856 4726 E.
870 4673 925 4724 G.
998 4673 1137 4740 cxlij.
1158 4689 1177 4724 .·
1199 4673 1253 4725 S.

2181 542 2344 599 920

1664 660 1857 716 tuum
1903 650 2175 715 domine
2227 648 2590 715 vivificabis
2645 668 2754 713 me
2803 648 2872 713 in

1664 741 1962 822 equitate
1991 749 2124 804 tua.
2216 739 2491 802 Educes
2537 738 2621 801 de
2667 737 2874 801 tribu-

1671 826 1923 893 latione
1997 829 2292 891 animam
2368 845 2634 891 meam:
2691 835 2758 889 et
2806 828 2874 890 in

1668 917 2118 980 misericordia
2167 926 2286 979 tua
2332 915 2674 997 disperdes
2697 915 2722 951 ⁵
2752 915 2874 977 ini-

1665 1006 1872 1069 micos
1904 1024 2104 1069 meos,
2191 1005 2292 1067 Et
2351 1006 2590 1087 perdes
2639 1022 2872 1067 omnes

1664 1094 1780 1176 qui
1856 1092 2173 1158 tribulant
2253 1094 2547 1156 animam
2609 1110 2874 1155 meam:

1666 1183 1982 1264 quoniam
2017 1202 2143 1265 ego
2173 1202 2402 1245 servus
2432 1191 2584 1244 tuus
2615 1179 2812 1243 sum.⁶

1664 1276 1731 1349 (s
1765 1270 2048 1335 Sabbato
2075 1270 2174 1334 ad
2189 1282 2493 1353 vesperas.
2537 1268 2672 1331 Αῆ.
2723 1268 2849 1331 Be-

1671 1358 2022 1425 nedictus,⁷
2524 1356 2872 1439 psalmus.⁸

1851 1448 2153 1512 nedictus
2165 1447 2472 1512 dominus
2486 1446 2651 1510 deus
2677 1466 2865 1508 meus

1811 1538 1924 1619 qui
1982 1537 2181 1601 docet
2241 1556 2478 1599 manus
2538 1554 2722 1598 meas
2781 1534 2868 1599 ad

1665 1625 1990 1707 prelium:
2082 1634 2150 1689 et
2209 1624 2456 1707 digitos
2531 1643 2716 1687 meos
2779 1622 2865 1686 ad

1666 1712 1932 1778 bellum.
2065 1713 2530 1777 Misericordia
2591 1730 2743 1775 mea
2801 1719 2870 1775 et

1665 1801 1994 1885 refugium
2044 1821 2266 1865 meum
2297 1824 2312 1866 :
2358 1809 2700 1884 susceptor
2731 1818 2870 1863 me-

1666 1910 1745 1954 us
1775 1898 1846 1954 et
1875 1889 2190 1954 liberator
2219 1908 2424 1953 meuS.
2513 1890 2872 1953 Protector

1667 1998 1854 2042 meus
1914 1988 1984 2042 et
2042 1978 2110 2043 in
2170 1978 2316 2061 ipso
2373 1978 2677 2060 speravi:
2755 1976 2868 2058 qui

1664 2067 1893 2131 subdit
1923 2066 2245 2150 populum
2295 2086 2518 2129 meum
2565 2065 2694 2129 sub
2741 2084 2868 2129 me.

1664 2155 1962 2219 Domine
1992 2156 2153 2237 quid
2185 2163 2286 2219 est
2316 2155 2523 2218 homo
2567 2154 2725 2235 quia
2771 2154 2870 2215 in-

1666 2244 1940 2307 notuisti
2001 2245 2102 2309 ei:
2179 2252 2295 2307 aut
2347 2243 2522 2306 filius
2581 2241 2868 2305 hominis

1664 2333 1825 2414 quia
1855 2340 2124 2414 reputas
2155 2352 2325 2397 eum.
2415 2330 2652 2395 Homo
2681 2330 2868 2394 vani-

1662 2421 1786 2485 tati
1819 2422 2052 2485 similis
2097 2420 2312 2485 factus
2343 2428 2485 2484 est:
2532 2419 2676 2483 dies
2723 2419 2866 2500 ejus

1662 2510 1834 2575 sicut
1864 2510 2100 2574 umbra
2131 2516 2526 2593 pretereunt.
2572 2508 2868 2572 Domine

1662 2597 1908 2662 inclina
1954 2598 2131 2663 celos
2183 2608 2337 2662 tuos
2385 2607 2452 2662 et
2483 2597 2862 2662 descende:

1662 2695 1868 2770 tange
1922 2696 2184 2751 montes
2261 2696 2330 2751 et
2419 2686 2862 2768 fumigabunt.

1660 2776 1957 2858 Fulgura
1979 2776 2512 2840 choruscationes
2530 2773 2556 2812 ⁹
2586 2783 2656 2838 et
2673 2773 2864 2837 dissi-

1660 2865 1854 2948 pabis
1902 2885 2054 2929 eos:
2101 2867 2333 2929 emitte
2377 2863 2656 2946 sagittas
2711 2871 2862 2926 tuas

1661 2963 1730 3016 et
1762 2954 2188 3018 conturbabis
2212 2973 2345 3019 eos·
2433 2953 2698 3016 Emitte
2724 2971 2865 3014 ma-

1661 3060 1825 3104 num
1857 3051 2041 3106 tuam
2074 3042 2158 3106 de
2191 3042 2368 3106 altox
2443 3042 2622 3122 eripe
2656 3060 2764 3103 me
2795 3048 2865 3104 et

1659 3129 1868 3194 libera
1899 3151 2006 3193 me
2035 3131 2122 3195 de
2152 3131 2342 3213 aquis
2374 3129 2638 3193 multis:
2685 3137 2754 3191 et
2782 3129 2868 3191 de

1662 3239 1863 3282 manu
1897 3219 2180 3282 filiorum
2227 3219 2612 3282 alienorum.
2685 3215 2865 3294 Quo-

1661 3327 1808 3370 rum
1839 3326 1916 3370 os
1949 3306 2244 3370 locutum
2290 3314 2392 3370 est
2451 3306 2816 3368 vanitatem
2847 3324 2863 3369 :

1662 3405 1731 3459 et
1761 3396 2045 3458 dextera
2066 3415 2294 3458 eorum
2319 3395 2601 3458 dextera
2627 3393 2866 3474 iniqui-

1663 3484 1839 3548 tatis.
1941 3483 2132 3548 Deus
2205 3483 2536 3546 canticum
2615 3501 2863 3544 novum

1662 3571 1954 3637 cantabo
1983 3572 2144 3636 tibi:
2192 3573 2258 3634 in
2305 3570 2617 3654 psalterio
2671 3570 2864 3634 deca-

1662 3661 1913 3725 chordo
1935 3660 1982 3699 ¹⁰
2011 3659 2296 3743 psallam
2327 3660 2465 3724 tibi.
2562 3657 2690 3737 Qui
2736 3658 2861 3721 das

1663 3749 1952 3813 salutem
1983 3749 2248 3831 regibus
2279 3749 2393 3831 qui
2441 3747 2781 3811 redemisti
2818 3747 2858 3784 ¹¹

1663 3839 1864 3903 david
1911 3857 2172 3902 servum
2225 3845 2456 3900 tuum:
2505 3836 2590 3900 de
2635 3834 2864 3917 gladio

1666 3927 1962 4008 maligno
1993 3926 2174 4009 eripe
2219 3945 2343 3990 me.
2435 3924 2530 3988 Et
2571 3945 2724 3988 erue
2757 3944 2866 3986 me

1665 4017 1752 4080 de
1772 4035 1973 4079 manu
1985 4013 2268 4078 filiorum
2288 4012 2685 4077 alienorum:
2705 4032 2866 4094 quo-

1666 4123 1814 4168 rum
1845 4125 1922 4168 os
1971 4104 2267 4169 locutum
2309 4112 2413 4167 est
2457 4102 2828 4166 vanitatem
2856 4125 2870 4165 :

1764 4280 1785 4309 ⁸
1823 4281 1839 4306 ‘
1857 4275 2056 4326 omnes'
2080 4275 2220 4326 addz
2255 4275 2452 4326 E.G.S.

1765 4345 1788 4374 ⁸
1825 4342 2038 4392 ‘Gloria
2059 4342 2216 4406 patri’
2241 4343 2378 4392 add:
2413 4341 2548 4392 E.G.

1765 4411 1784 4439 ²
1824 4413 1962 4458 Ἀὶλ
2004 4409 2328 4458 Benedictus’
2350 4425 2447 4458 om.
2481 4427 2494 4458 ε
2529 4407 2666 4462 E.G-

2031 4475 2258 4590 affl„
2471 4475 2600 4592 aa

1752 4609 1790 4639 ¹⁸
1822 4559 2141 4657 <decacorde:
2175 4607 2230 4660 S.
2279 4578 2294 4593 ⁶
2377 4579 2390 4592 ·
2450 4578 2463 4593 ⁸
2541 4576 2553 4591 ⁸
2601 4576 2617 4594 ·

1751 4675 1787 4706 ¹¹
1825 4674 2034 4726 redemit
2054 4693 2069 4726 τ
2105 4673 2168 4728 Ε.
