3375 5100
1292 331 1393 385 ΙΝ
1437 331 1484 385 C
1485 331 1818 386 OMMEM
1816 331 1975 387 ΘΚΑ
1990 331 2077 386 TI
2075 331 2247 387 ONE

1043 438 1201 496 688

515 544 914 609 infirmitatis
960 555 1240 610 matrem
1271 545 1454 610 velut
1485 545 1709 628 incog-

516 635 722 696 nitam
766 634 1143 715 repellebat.
1235 635 1432 698 Nunc
1483 645 1707 699 autem

517 721 809 785 humana
833 723 974 803 jam
1007 725 1265 806 patiens
1297 745 1384 786 ex
1415 743 1548 805 qua
1571 723 1709 786 fue-

518 819 619 873 rat
669 811 880 874 factus
927 811 1172 876 homo:
1239 813 1480 876 affectu
1530 832 1709 876 com-

516 899 876 963 mendabat
899 899 1208 964 humano,
1297 901 1489 964 Tunc
1509 921 1667 963 vero
1690 899 1707 938 ¹

515 989 627 1068 qui
683 989 958 1050 mariam
1007 997 1374 1052 creaverat:
1422 990 1712 1052 innotes-

512 1077 706 1139 cebat
738 1077 994 1140 virtute.
1089 1079 1284 1141 Nunc
1326 1097 1484 1140 vero
1529 1077 1709 1159 quod

517 1165 723 1228 maria
792 1175 1183 1247 pepererat:
1251 1165 1584 1248 pendebat
1641 1167 1710 1228 in

513 1272 721 1316 cruce.
770 1253 886 1316 Re.
934 1254 1144 1316 Beata
1173 1273 1244 1317 es
1277 1255 1482 1316 maria
1503 1254 1527 1290 ²
1556 1274 1707 1317 cum

513 1339 798 1404 alleluia.
1398 1341 1610 1406 Lectio
1640 1342 1709 1424 ij.

512 1431 714 1561 M
719 1429 916 1492 oralis
964 1429 1164 1511 igitur
1203 1429 1570 1493 insinuatur
1613 1429 1709 1494 lo-

720 1536 850 1581 cus,
905 1518 1093 1582 Facit
1123 1519 1300 1600 quod
1332 1518 1707 1582 faciendum

513 1604 832 1668 admonet
895 1615 966 1669 et
1025 1607 1339 1690 exemplo
1413 1627 1534 1671 suo
1608 1609 1710 1669 in-

511 1695 760 1757 struxit
819 1704 1164 1778 preceptor
1226 1696 1456 1760 bonuS.
1535 1704 1608 1759 ut
1668 1715 1711 1760 a

513 1781 662 1844 filiis
722 1782 850 1864 piis
910 1783 1332 1865 impendatur
1378 1805 1532 1848 cura
1592 1805 1709 1866 pa-

515 1869 808 1933 rentibus
857 1880 1176 1954 tanquam
1230 1870 1484 1954 lignum
1547 1873 1709 1936 illud

513 1959 627 2020 ubi
659 1969 848 2022 erant
878 1960 1018 2023 fixa
1051 1961 1348 2024 membra
1372 1961 1711 2024 morientis

512 2047 714 2110 etiam
764 2048 1076 2112 cathedra
1124 2049 1366 2113 suerit⁸
1411 2049 1711 2132 magistri

515 2136 832 2200 docentis,
919 2137 1030 2200 Ex
1060 2137 1186 2201 hac
1217 2137 1518 2201 doctrina
1546 2157 1711 2200 sana

512 2225 832 2288 didicerat
884 2225 1224 2308 apostolus
1295 2225 1530 2309 paulus
1593 2227 1707 2308 qui

512 2313 793 2376 docebat
825 2315 1095 2395 quando
1125 2315 1405 2379 dicebat.
1455 2313 1529 2380 Si
1561 2315 1711 2396 quis

513 2411 738 2464 autem
763 2403 896 2464 suis
921 2412 988 2466 et
1013 2405 1307 2466 maxime
1330 2404 1710 2467 domesticis

515 2509 646 2552 non
697 2491 1017 2573 providet.
1087 2491 1286 2555 fidem
1331 2492 1596 2574 negavit
1639 2501 1710 2555 et

511 2588 615 2641 est
644 2578 892 2641 infideli
924 2581 1223 2645 deterior.
1298 2582 1413 2644 Re.
1461 2581 1711 2645 Sancta

511 2676 583 2729 ct
614 2666 1053 2732 immaculata.
1370 2669 1581 2732 Lectio
1611 2668 1709 2751 iij.

651 2756 762 2816 uid
823 2766 1047 2818 autem
1101 2766 1241 2819 tam
1295 2757 1532 2839 cuique
1592 2758 1709 2819 do-

652 2843 1034 2908 mesticum:
1125 2864 1326 2926 quam
1401 2856 1707 2927 parentes

515 2929 666 2992 filiis
698 2940 813 2995 aut
844 2929 960 2993 filii
993 2934 1390 3014 parentibus,
1486 2934 1708 3015 Hujus

515 3020 738 3099 itaque
769 3019 1176 3087 saluberrimi
1199 3023 1487 3104 precepti
1518 3042 1532 3086 ε
1567 3024 1707 3105 ipse

517 3108 833 3188 magister
889 3118 1266 3174 sanctorum
1341 3112 1426 3175 de
1486 3111 1705 3193 seipso

513 3196 960 3261 constituebat
1005 3199 1433 3282 exemplum:
1497 3219 1707 3281 quan-

509 3283 602 3345 do
635 3304 766 3347 non
799 3284 1044 3349 famule
1089 3288 1253 3350 deus
1295 3308 1496 3370 quam
1529 3308 1708 3351 crea-

509 3382 694 3436 verat
735 3383 801 3437 et
834 3375 1145 3457 regebat:
1189 3375 1307 3439 sed
1355 3377 1547 3440 matri
1589 3376 1706 3440 ho-

513 3482 624 3523 mo
657 3462 740 3525 de
772 3482 906 3544 qua
937 3473 1134 3527 natus
1157 3463 1370 3527 fuerat
1400 3474 1470 3529 et
1501 3484 1703 3547 quam

511 3550 926 3632 relinquebat
970 3553 1249 3616 alterum
1291 3574 1412 3635 pro
1441 3573 1514 3617 se
1543 3574 1705 3635 quo-

509 3638 873 3702 dammodo
885 3638 1090 3704 filium
1106 3642 1510 3723 providebat.
1527 3644 1705 3705 Nam
1724 3652 1729 3657 “

509 3748 625 3789 cur
654 3726 778 3791 hoc
809 3713 1033 3793 fecerit
1062 3730 1240 3813 quod
1283 3732 1578 3811 sequitur
1608 3732 1704 3793 in-

508 3815 707 3880 dicat.
757 3816 879 3880 Ait
911 3819 1085 3881 enim
1117 3819 1542 3901 evangelista.
1593 3820 1705 3882 Ex

512 3904 622 3967 illa
666 3904 829 3969 hora
874 3907 1129 3989 accepit
1168 3928 1314 3970 eam
1349 3908 1707 3991 discipulus

510 3993 580 4055 in
631 4013 794 4057 sua:
855 3994 940 4057 de
987 3996 1206 4078 seipso
1258 3997 1499 4060 dicens,
1593 3996 1706 4061 Sic

511 4081 759 4164 quippe
821 4102 1341 4148 commemorare
1405 4106 1477 4147 se
1536 4086 1706 4148 solet

612 4260 626 4288 ¹
668 4260 843 4309 ‘vero'
867 4276 1009 4312 orn.:
1046 4262 1185 4313 N.G.

609 4326 630 4355 ¹
668 4328 681 4351 ‘
701 4340 798 4389 que
854 4327 1112 4377 dominum
1169 4330 1376 4393 portasti
1426 4337 1703 4378 creatorem

511 4390 701 4439 mundi.
776 4392 1003 4443 Genuisti
1020 4395 1104 4459 qui
1122 4402 1169 4443 te
1192 4395 1306 4445 fecit
1331 4405 1380 4445 et
1405 4396 1454 4444 in
1479 4406 1703 4445 eternum

511 4472 772 4521 permanes
794 4459 948 4523 virgo.
991 4450 1041 4523 Ϋ
1077 4462 1188 4509 Ave
1204 4462 1358 4510 maria
1373 4462 1531 4525 gratia
1555 4462 1705 4525 plena

509 4523 743 4573 dominus
760 4534 939 4577 tecum.
968 4527 1213 4577 Genuisti.
1231 4543 1344 4577 cum
1363 4527 1472 4578 &c.'
1493 4528 1614 4577 add:
1633 4528 1695 4575 R.

2318 441 2471 496 684

1808 545 1989 629 quod
2020 566 2172 610 eum
2204 546 2525 628 diligebat
2553 547 2765 628 Jesus,
2845 545 3008 610 Sus-

1808 637 1985 717 cepit
2004 655 2154 698 eam
2186 635 2383 718 igitur
2404 635 2763 716 discipulus
2793 633 2861 696 in
2878 643 3012 698 sua

1812 743 1946 786 non
2005 723 2235 806 predia
2294 723 2451 806 quia
2503 723 2684 785 nulla
2742 723 3011 804 proprie

1810 813 2195 894 possidebat
2246 813 2361 876 sed
2411 811 2624 874 officia
2676 831 2805 892 que
2853 830 3007 892 pro-

1812 902 1955 983 pria
2034 899 2525 983 dispensatione
2608 899 3013 980 exequenda

1811 989 2101 1052 curabat.
2190 989 2307 1052 Re.
2361 986 2555 1052 Felix
2601 1007 2867 1069 nanque
2916 1008 3009 1051 eS.

1798 1087 1899 1158 ps.
1946 1077 2047 1140 Te
2076 1078 2293 1141 deum.
2385 1094 2428 1163 γ
2482 1076 2799 1158 Speciosa
2826 1074 3011 1138 facta

1812 1167 1923 1230 es».⁴
1972 1167 2057 1229 In
2085 1165 2389 1229 laudibus
2414 1173 2522 1229 aii.
2585 1163 2881 1228 Alleluia
2910 1163 3009 1227 al-

1814 1254 2025 1318 leluia.
2100 1264 2204 1336 ps.
2280 1254 2610 1318 Dominus
2688 1253 3006 1335 regnavit.

1809 1353 1914 1406 etc.
1960 1341 2346 1424 Capitulum.
2395 1340 2589 1404 Felix
2620 1361 2883 1422 nanque
2916 1361 3013 1404 es.

1812 1431 2134 1512 Hymnus.
2196 1430 2258 1496 O
2291 1431 2577 1513 gloriosa
2607 1428 2891 1492 domina.
2961 1446 3010 1515 γ

1814 1520 2039 1602 Elegit
2068 1539 2215 1584 eam
2247 1518 2425 1583 deuS.
2500 1519 2585 1581 In
2614 1537 2866 1600 evange.
2896 1526 3009 1582 aa.

1812 1608 2023 1671 Beata
2051 1609 2159 1672 dei
2190 1608 2498 1689 genitrix.
2544 1615 2643 1688 ps.
2688 1606 3010 1669 Benedic-

1812 1704 1937 1760 tus,
2018 1697 2265 1760 Gratia.
2348 1696 2561 1758 Prosit
2593 1695 2800 1758 nobis.
2890 1694 3019 1757 Ad

1797 1785 2091 1866 primam
2151 1793 2255 1847 αὴ.
2332 1783 2643 1848 Alleluia.
2702 1781 2845 1865 viss*
2902 1791 3011 1863 ps.

1816 1874 2001 1936 Deus
2048 1873 2113 1936 in
2159 1873 2428 1936 nomine
2458 1881 2593 1936 tu0.
2682 1871 2797 1934 Re.
2845 1871 3008 1952 Jesu

1814 1962 2073 2027 Christe
2117 1982 2259 2024 cum
2304 1961 2585 2025 alleluia.
2678 1976 2723 2046 γ
2756 1958 2888 2042 Qui
2922 1959 3011 2022 de

1810 2051 2081 2133 virgine.
2125 2049 2533 2113 Aci-tertiam
2561 2056 2667 2111 aii.
2713 2046 3015 2111 Alleluia

1811 2139 1895 2202 ix.
1939 2150 2037 2221 ps.
2091 2139 2341 2221 Legem
2373 2156 2563 2220 pone.
2616 2135 3010 2216 Capitulum.

1811 2227 1929 2290 Ab
1960 2227 2161 2290 initio,
2226 2226 2341 2290 Re.
2404 2226 2655 2291 Sancta
2685 2225 2793 2288 dei
2822 2226 3011 2305 geni-

1811 2317 1947 2379 trix
1998 2335 2143 2378 cum
2182 2314 2460 2378 alleluia.
2536 2313 2767 2378 Oratio
2794 2322 2873 2374 ut
2897 2333 3016 2376 su-

1794 2501 1896 2575 ps.
1930 2492 2191 2556 Defecit
2223 2494 2289 2556 in
2312 2491 2597 2555 salutare
2634 2489 3011 2572 Capitulum

1814 2582 1906 2645 Et
1936 2577 2026 2645 sic
2060 2582 2125 2644 in
2158 2602 2343 2664 syon.
2388 2581 2501 2644 Re.
2552 2580 2711 2642 Post
2740 2588 3011 2661 partum

1808 2690 1952 2733 cum
2014 2670 2293 2733 alleluia.
2387 2668 2616 2733 Oratio
2676 2675 2751 2729 ut
2788 2677 3011 2748 supra.

1814 2846 2145 2910 Mirabilia
2174 2846 2571 2910 testimonia.
2636 2844 3010 2925 Capitulum

1813 2935 1905 2999 Et
1934 2936 2236 3000 radicavi.
2326 2935 2439 2999 Re.
2484 2933 2799 3016 Speciosa
2829 2932 3013 2997 sacta

1808 3044 1951 3087 cum
1982 3024 2261 3087 alleluia.
2330 3022 2561 3087 Oratio
2592 3031 2665 3084 ut
2690 3032 2907 3103 supra.

1812 3117 1877 3190 (1'
1896 3112 1979 3175 In
2000 3109 2587 3175 commemoratione
2611 3110 2781 3173 beate
2801 3108 3013 3171 marie

1808 3222 1852 3263 a
1855 3212 1951 3283 pu
1957 3200 2310 3283 rificatione
2324 3200 2495 3263 beate
2510 3198 2793 3279 virginis
2812 3218 3014 3278 usque

1806 3288 1903 3351 ad
1925 3288 2371 3371 caputjejunii
2390 3310 2415 3351 .·
2458 3297 2523 3349 et
2549 3308 2593 3350 a
2606 3288 2782 3369 sesto
2812 3285 3009 3349 trini-

1811 3378 1971 3441 tatis
2028 3397 2226 3459 usque
2278 3376 2375 3439 ad
2426 3376 2791 3438 adventum.
2890 3374 3017 3437 Ad

1810 3477 2099 3547 vesperas
2140 3465 2481 3546 antiphone
2526 3473 2590 3527 et
2620 3462 2872 3545 psalmi
2897 3463 3007 3544 fe-

1811 3556 2018 3618 riales.
2101 3554 2303 3635 Capit.
2366 3553 2612 3616 Beatus
2655 3571 2727 3614 es
2779 3552 3006 3615 maria.

1809 3644 2131 3724 Hymnus.
2206 3642 2357 3706 Ave
2412 3641 2607 3704 maris
2658 3640 2869 3703 stella.
2961 3657 3008 3726 γ

1811 3731 2058 3796 Sancta
2086 3732 2193 3795 dei
2239 3730 2547 3813 genitrix,
2636 3729 2721 3791 In
2751 3748 3007 3809 evange.

1806 3829 1911 3884 ati.
1973 3820 2125 3883 Ave
2156 3820 2380 3901 regina
2409 3818 2701 3881 celorum
2733 3835 2857 3880 ave
2887 3818 3007 3879 do-

1810 3908 1990 3971 mina
2014 3907 2444 3991 angelorum.⁸
2488 3926 2676 3987 quere
2704 3905 2891 3986 infra
2914 3925 3009 3966 oc-

1808 4007 2000 4061 tavas
2050 3995 2509 4077 assumptionis
2560 3995 2730 4058 beate
2784 3994 3007 4057 marie.

1792 4094 1892 4167 ps’.
1939 4084 2343 4168 Magnificat.
2396 4082 2642 4149 Oratio.
2693 4081 3008 4147 Concede

1905 4264 1923 4293 ³
1958 4261 2116 4312 suerat
2144 4278 2155 4312 ε
2192 4260 2395 4311 N.G.S.

1905 4332 1923 4359 ⁴
1964 4328 2123 4377 ‘sacta
2146 4328 2230 4376 es'
2258 4344 2357 4377 om.
2390 4346 2403 4376 :
2438 4326 2503 4376 G.

1903 4397 1924 4425 ⁸
1946 4403 2045 4459 pro
2068 4394 2201 4459 ‘visst
2226 4394 2339 4458 viij.
2366 4414 2384 4441 .·
2421 4394 2483 4441 R.

1902 4464 1923 4492 ⁸
1962 4468 1975 4489 ‘
1993 4477 2083 4511 ave
2106 4460 2311 4511 domina
2328 4460 2617 4525 angelorum
2634 4456 2646 4480 ’
2672 4475 2772 4509 om.
2805 4478 2818 4509 ε
2853 4459 2917 4509 G.
