3375 5100
1237 348 1361 403 AD
1405 348 1535 404 MA
1550 348 1932 403 TUTJNAS.

874 456 1035 513 885

346 564 853 701 Benedixisti
883 564 1155 627 domine
1174 573 1421 628 terram
1444 572 1549 628 tu-

495 674 659 719 am:
734 653 1029 717 avertisti
1091 652 1549 735 captivitatem

344 743 561 826 jacob.
694 742 1039 805 Remisisti
1130 741 1548 823 iniquitatem

351 832 565 915 plebis
596 840 749 894 tue:
794 830 1109 913 operuisti
1141 831 1367 893 omnia
1398 849 1550 912 pec-

351 931 503 985 cata
548 939 795 983 eorum.
884 918 980 981 M
984 918 1231 1000 itigasti
1278 938 1549 981 omnem

352 1010 517 1072 iram
562 1016 795 1073 tuam:
842 1007 1137 1070 avertisti
1178 1007 1268 1071 ab
1316 1007 1411 1071 ira
1451 1005 1550 1069 in-

353 1097 759 1180 dignationis
808 1104 937 1159 tue.
1043 1094 1367 1161 Converte
1426 1114 1549 1159 nos

350 1188 519 1249 deus
556 1184 863 1248 salutaris
904 1192 1167 1249 noster:
1214 1192 1283 1247 et
1324 1192 1549 1247 averte

352 1276 517 1338 iram
570 1283 758 1337 tuam
820 1292 861 1335 a
922 1272 1131 1335 nobis,
1221 1271 1549 1354 Nunquid

351 1364 419 1427 in
461 1372 762 1427 eternum
809 1360 1106 1424 irasceris
1152 1359 1385 1425 nobis:
1434 1370 1550 1426 aut

352 1453 679 1516 extendes
730 1450 896 1513 iram
952 1458 1138 1513 tuam
1190 1469 1231 1513 a
1276 1468 1551 1531 genera-

348 1541 534 1603 tione
594 1539 660 1601 in
727 1538 1241 1621 generationem.
1359 1538 1549 1602 Deus

348 1638 425 1693 tu
464 1648 816 1709 conversus
856 1625 1219 1689 vivificabis
1268 1644 1433 1693 nos:
1482 1634 1552 1690 et

352 1716 542 1801 plebs
602 1724 720 1780 tua
767 1714 1082 1779 letabitur
1127 1714 1194 1778 in
1246 1722 1331 1778 te.
1428 1714 1551 1780 Os·

350 1806 553 1869 tende
612 1804 805 1867 nobis
856 1803 1127 1867 domine
1190 1802 1551 1867 misericor-

349 1893 531 1957 diam
593 1902 823 1957 tuam:
889 1901 957 1954 et
1016 1892 1303 1956 salutare
1356 1900 1549 1955 tuum

352 1982 443 2047 da
480 1982 689 2045 nobis,
776 1979 1079 2045 Audiam
1110 1979 1271 2063 quid
1321 1978 1548 2063 loqua-

348 2080 457 2134 tur
505 2071 572 2134 in
627 2089 736 2132 me
781 2068 1091 2133 dominus
1135 2069 1337 2133 deus:
1383 2088 1549 2151 quo-

354 2158 535 2223 niam
568 2158 873 2241 loquetur
916 2176 1151 2240 pacem
1184 2157 1252 2219 in
1283 2156 1547 2239 plebem

350 2266 561 2311 suam.
650 2246 751 2310 Et
796 2265 995 2329 super
1040 2255 1307 2310 sanctos
1350 2264 1549 2310 suos:

352 2345 424 2399 et
470 2336 539 2398 in
600 2354 715 2397 eos
776 2334 889 2417 qui
939 2342 1411 2398 convertuntur
1463 2334 1547 2398 ad

352 2442 481 2488 cor.
546 2422 991 2489 Veruntamen
1013 2442 1219 2505 prope
1240 2422 1551 2487 timentes

352 2532 506 2578 eum
531 2511 819 2577 salutare
844 2512 1086 2596 ipsius:
1128 2521 1202 2576 ut
1228 2511 1554 2578 inhabitet

351 2602 565 2685 gloria
617 2602 683 2664 in
735 2611 907 2666 terra
956 2610 1199 2665 nostra.
1274 2601 1363 2664 M
1371 2601 1551 2666 iseri-

360 2689 590 2756 cordia
619 2699 689 2753 et
716 2690 958 2754 veritas
989 2690 1422 2754 obviaverunt
1464 2691 1550 2753 si-

355 2779 423 2844 bi
460 2799 475 2843 :
503 2778 762 2860 justitia
782 2787 853 2842 et
884 2799 1021 2860 pax
1053 2777 1349 2842 osculate
1377 2787 1549 2842 sunt.

377 2868 637 2933 Veritas
661 2868 747 2932 de
770 2866 977 2930 terra¹
1000 2875 1147 2930 orta
1166 2876 1267 2931 est
1292 2887 1306 2931 :
1330 2877 1397 2930 et
1412 2867 1552 2949 jus-

362 2956 515 3020 titia
547 2956 633 3019 de
661 2955 806 3019 celo
838 2955 1207 3038 prospexit.
1272 2954 1549 3020 Etenim

366 3045 681 3108 dominus
702 3044 893 3108 dabit
922 3043 1445 3126 benignitatem:
1486 3053 1555 3108 et

362 3143 535 3196 terra
556 3141 783 3196 nostra
804 3132 993 3197 dabit
1024 3131 1309 3197 fructum
1340 3151 1551 3196 suum.

362 3221 649 3296 Justitia
676 3229 831 3285 ante
876 3240 1028 3285 eum
1076 3220 1447 3285 ambulabit
1486 3230 1554 3284 et

356 3319 564 3393 ponet
588 3310 655 3372 in
700 3310 809 3373 via
831 3329 1095 3391 gressus
1124 3329 1295 3374 suos.
1416 3310 1557 3374 Prss

354 3398 691 3532 [nelina
719 3398 990 3462 domine
1021 3417 1246 3461 aurern
1280 3407 1467 3461 tuam
1487 3407 1558 3462 et

464 3486 711 3550 exaudi
775 3506 921 3550 me:
984 3487 1304 3568 quoniam
1364 3487 1559 3570 inops

355 3583 427 3640 et
500 3595 755 3658 pauper
826 3594 975 3638 sum
1029 3594 1172 3656 ego,
1286 3574 1557 3641 Custodi

360 3664 655 3728 animam
688 3683 905 3726 meam
940 3663 1257 3747 quoniam
1290 3673 1558 3728 sanctus

356 3773 553 3817 sum:
598 3751 859 3816 salvum
909 3751 1013 3815 sac
1058 3771 1320 3815 servum
1368 3762 1557 3816 tuum

357 3840 525 3904 deus
600 3860 789 3904 meus
876 3849 1254 3924 sperantem
1332 3841 1399 3904 in
1476 3850 1563 3906 te.

358 3929 697 3993 Miserere
742 3929 873 3993 mei
924 3929 1195 3992 domine
1240 3929 1559 4012 quoniam

358 4017 447 4082 ad
491 4026 564 4081 te
606 4017 891 4082 clamavi
939 4026 1084 4081 tota
1113 4017 1267 4082 die:
1316 4016 1561 4082 letifica

356 4106 652 4170 animam
686 4107 853 4170 servi
904 4106 1045 4171 tui:
1091 4107 1407 4188 quoniam
1471 4107 1557 4170 ad

356 4206 427 4258 te
450 4195 725 4258 domine
756 4196 1051 4258 animam
1072 4215 1293 4258 meam
1329 4193 1557 4260 levavi.

360 4282 695 4364 Quoniam
756 4293 829 4348 tu
891 4284 1165 4347 domine
1212 4285 1431 4349 suavis
1492 4294 1559 4348 et

630 4431 643 4462 ¹
688 4431 884 4481 ‘terra’
909 4448 1053 4482 οπως
1091 4432 1144 4483 8.

630 4499 651 4530 ²
684 4499 771 4548 Pr.
803 4497 865 4562 85
886 4511 905 4548 .·
938 4499 1077 4549 E.G.
1150 4499 1327 4550 lxxxv.
1352 4514 1370 4550 :
1403 4501 1456 4551 S.

632 4566 652 4595 ⁸
693 4564 940 4616 ‘et'om.
971 4582 984 4615 ι
1020 4565 1153 4618 EG.

2173 456 2328 513 886

1654 563 1836 627 mitis
1861 584 1876 627 :
1908 570 1977 627 et
2007 562 2218 627 multe
2241 562 2685 629 misericordie
2707 586 2854 631 orn-

1658 652 1853 716 nibus
1885 651 2348 715 invocantibus
2378 662 2462 716 te.
2552 654 2852 719 Auribus

1652 741 1922 823 percipe
1979 740 2252 804 domine
2303 742 2673 805 orationem
2713 764 2850 807 me-

1646 849 1804 893 am:
1871 828 1986 893 et⁸
2029 828 2301 893 intende
2345 830 2492 893 voci
2539 830 2850 914 depreca-

1647 918 1850 982 tionis
1883 937 2048 981 mee.
2133 918 2219 981 In
2265 916 2376 981 die
2405 918 2850 984 tribulationis

1652 1026 1802 1071 mee
1833 1005 2114 1069 clamavi
2159 1005 2249 1069 ad
2295 1014 2407 1071 te:
2454 1008 2612 1090 quia
2640 1027 2851 1073 exau-

1646 1094 1808 1158 disti
1841 1114 1966 1159 me.
2057 1094 2222 1158 Non
2254 1102 2356 1158 est
2385 1094 2619 1159 similis
2649 1098 2746 1161 tui
2779 1098 2847 1161 in

1646 1182 1775 1247 diis
1820 1182 2130 1247 domine:
2174 1192 2244 1248 et
2287 1202 2422 1247 non
2467 1193 2570 1248 est
2615 1204 2847 1249 secun-

1647 1272 1810 1335 dum
1842 1292 2045 1355 opera
2087 1280 2222 1335 tua.
2319 1271 2570 1337 Omnes
2613 1284 2850 1356 gentes

1648 1380 2080 1443 quascunque
2168 1358 2380 1425 fecisti
2450 1360 2720 1427 venient
2779 1372 2849 1428 et

1648 1449 2024 1514 adorabunt
2052 1467 2277 1513 coram
2309 1458 2378 1514 te
2421 1448 2734 1515 domine:
2781 1460 2850 1517 et

1648 1536 2118 1619 glorificabunt
2141 1556 2385 1602 nomen
2411 1545 2616 1602 tuum.
2669 1538 2848 1618 Quo-

1650 1626 1830 1689 niam
1863 1646 2146 1708 magnus
2197 1646 2270 1689 es
2321 1634 2439 1691 tu:
2484 1635 2555 1691 et
2600 1628 2850 1692 faciens

1648 1714 1978 1779 mirabilia
2005 1723 2078 1778 tu
2126 1734 2198 1777 es
2227 1714 2393 1779 deus
2421 1715 2620 1781 solus,
2710 1717 2851 1782 De-

1649 1803 1780 1866 duc
1843 1822 1952 1866 me
2012 1802 2284 1867 domine
2345 1801 2414 1867 in
2465 1804 2574 1868 via
2622 1814 2738 1869 tua
2778 1814 2848 1870 et

1648 1890 1984 1975 ingrediar
2011 1892 2078 1955 in
2108 1891 2388 1956 veritate
2417 1900 2572 1959 tua:
2604 1892 2849 1957 letetur

1648 2000 1764 2044 cor
1839 1998 2060 2043 meum
2137 1987 2211 2043 ut
2286 1979 2524 2043 timeat
2599 2000 2846 2046 nomen

1646 2076 1859 2133 tuum.
1965 2067 2348 2134 Confitebor
2404 2068 2524 2133 tibi
2578 2069 2850 2135 domine

1646 2158 1814 2222 deus
1847 2176 2034 2220 meus
2065 2156 2134 2220 in
2163 2164 2310 2220 toto
2333 2155 2532 2221 corde
2562 2177 2714 2222 meo
2741 2168 2852 2224 :et

1646 2244 2035 2329 glorificabo
2071 2264 2314 2311 nomen
2359 2254 2548 2315 tuum
2583 2246 2651 2310 in
2681 2256 2854 2311 eter-

1650 2354 1831 2398 num.
1973 2332 2144 2413 Quia
2211 2333 2658 2399 misericordia
2731 2344 2850 2401 tua

1652 2443 1900 2505 magna
1927 2431 2030 2486 est
2077 2442 2276 2504 super
2323 2442 2474 2487 me:
2507 2432 2576 2488 et
2625 2425 2851 2489 eruisti

1654 2513 1948 2576 animam
1977 2530 2196 2576 meam
2243 2530 2334 2576 ex
2382 2510 2638 2577 inferno
2685 2512 2850 2578 infe-

1650 2601 1820 2666 riori.
1910 2600 2099 2665 Deus
2121 2600 2330 2684 iniqui
2354 2600 2852 2667 insurrexerunt

1650 2711 1852 2773 super
1909 2709 2062 2754 me:
2107 2697 2176 2753 et
2224 2708 2570 2771 synagoga
2615 2702 2849 2774 poten-

1649 2780 1820 2842 tium
1855 2778 2238 2861 quesierunt
2261 2777 2558 2842 animam
2584 2799 2805 2844 meam
2831 2803 2848 2846 ε

1652 2877 1723 2930 et
1767 2887 1902 2930 non
1949 2875 2434 2950 proposuerunt
2481 2877 2547 2931 te
2594 2867 2662 2931 in
2693 2887 2852 2932 con-

1652 2964 1886 3038 spectu
1917 2977 2056 3021 su0.
2147 2955 2248 3020 Et
2279 2963 2352 3019 tu
2385 2956 2654 3019 domine
2685 2957 2850 3021 deus

1655 3045 2002 3108 miserator
2013 3053 2082 3108 et
2093 3045 2492 3108 misericors:
2513 3045 2772 3128 patiens
2782 3054 2852 3110 et

1656 3131 1864 3197 multe
1887 3133 2329 3197 misericordie
2365 3142 2435 3196 et
2457 3153 2682 3197 verax.
2713 3134 2854 3197 Re-

1652 3222 1834 3304 spice
1854 3221 1922 3284 in
1962 3241 2071 3284 me
2101 3230 2170 3285 et
2202 3221 2510 3284 miserere
2541 3223 2672 3284 mei
2699 3243 2716 3285 :
2761 3223 2852 3286 da

1655 3309 2008 3392 imperium
2028 3311 2050 3347 ⁴
2072 3329 2278 3392 puero
2307 3317 2464 3372 tuo:
2508 3318 2576 3372 et
2593 3309 2852 3375 salvum

1656 3397 1762 3462 sac
1781 3397 1988 3462 filium
2011 3397 2246 3461 ancille
2263 3406 2394 3463 tue.
2437 3397 2576 3462 Fac
2592 3419 2852 3463 mecum

1656 3487 1920 3568 signum
1955 3487 2021 3550 in
2054 3486 2274 3552 bono:
2319 3495 2396 3550 ut
2423 3485 2696 3551 videant
2739 3489 2855 3571 qui

1657 3576 1943 3639 oderunt
2011 3595 2120 3638 me
2178 3583 2247 3638 et
2321 3573 2856 3641 confundantur:

1658 3664 1978 3746 quoniam
2009 3672 2082 3727 tu
2107 3662 2378 3727 domine
2400 3664 2714 3744 adjuvisti
2749 3685 2858 3728 me

1658 3761 1729 3816 et
1747 3752 2126 3816 consolatus
2143 3771 2216 3816 es
2249 3752 2400 3815 me.¹⁵
2452 3751 2517 3814 A
2527 3759 2587 3816 ἥ.
2645 3753 2858 3816 Bene-

1659 3841 1894 3905 dixisti
1927 3841 2200 3906 domine
2230 3849 2474 3905 terram
2506 3851 2712 3904 tuam.
2731 3843 2858 3922 pff

1660 3931 2234 4064 Fundamenta
2259 3929 2406 4011 ejus
2427 3929 2491 3991 in
2519 3931 2860 3994 montibus

1823 4017 2068 4082 sanctis
2097 4039 2112 4082 :
2144 4017 2362 4100 diligit
2379 4017 2688 4082 dominus
2707 4039 2858 4100 por-

1658 4115 1766 4171 tas
1787 4127 1958 4188 syon
1977 4125 2178 4190 super
2198 4106 2862 4172 omniatabernacula

1654 4195 1871 4277 jacob.
1967 4195 2272 4260 Gloriosa
2322 4195 2502 4259 dicta
2563 4205 2720 4259 sunt
2771 4196 2859 4260 de

1658 4293 1728 4348 te
1757 4305 1772 4350 :
1819 4284 2050 4349 civitas
2079 4284 2205 4349 dei.
2250 4283 2524 4347 Memor
2551 4303 2664 4348 ero
2700 4285 2860 4350 raab

1853 4435 1876 4464 ⁴
1914 4438 1928 4463 ⁸
1949 4441 2088 4482 tuum
2106 4433 2118 4456 '
2142 4433 2242 4482 add
2267 4452 2279 4482 ε
2315 4433 2444 4483 E.G.

1852 4502 1873 4531 ⁸
1909 4505 1926 4530 ⁴
1943 4499 2120 4549 Gloria
2138 4497 2266 4564 patri
2290 4499 2300 4520 '
2325 4499 2426 4550 add
2451 4519 2464 4549 ι
2501 4499 2694 4551 E.G.S.

1858 4569 1878 4597 ⁰
1911 4567 1992 4616 Pi.
2025 4565 2123 4616 86:
2156 4565 2296 4618 E.G.
2369 4567 2565 4632 Lrij‘.
2591 4582 2609 4616 :
2641 4569 2696 4617 S.

2446 4661 2592 4728 3²1
