3375 5100
1176 379 1234 432 E
1233 379 1492 433 PJPHA
1499 379 1652 433 ΝΙΕ
1699 381 2031 435 DOMINI.

859 485 991 538 157

337 609 342 614 ·
478 595 506 650 t
552 588 722 652 bene
769 609 918 652 cum
971 589 1242 672 judeam
1291 591 1532 672 deserit

477 675 724 759 fugere:
749 677 952 742 ethoc
974 680 1039 742 in
1060 691 1254 744 nocte
1274 681 1529 744 dicitur.

330 764 504 828 Cum
553 786 709 828 vero
739 769 1126 832 revertitur:
1183 769 1363 832 nulla
1393 789 1528 833 non

327 852 544 916 solum
601 854 756 936 fuge
817 855 934 918 sed
996 876 1118 920 nec
1180 860 1393 920 noctis
1453 857 1529 921 fit

329 943 584 1004 mentio
643 943 801 1025 quia
853 944 1162 1008 nimirum
1217 967 1384 1028 quos
1439 947 1527 1010 ob

317 1029 749 1112 ⁴peccatorum
783 1033 1090 1096 tenebras
1131 1035 1332 1098 seculi
1379 1055 1526 1116 per·

328 1128 664 1182 secutores
694 1120 958 1202 reliquit
991 1123 1166 1204 ipsos
1197 1124 1286 1187 ob
1310 1123 1524 1187 lucem

326 1205 483 1270 fidei
514 1209 786 1271 tandem
811 1229 881 1272 se
904 1219 1254 1291 querentes
1289 1212 1522 1275 revisit.

325 1295 442 1359 Re.
509 1296 827 1360 Nesciens
859 1308 1071 1362 mater
1092 1300 1280 1381 virgo
1311 1301 1522 1363 virum

325 1383 586 1466 peperit
637 1385 779 1449 sine
839 1387 1065 1451 dolore
1125 1388 1520 1452 salvatorem

325 1473 698 1536 seculorum
760 1475 976 1556 ipsum
1037 1495 1261 1556 regem
1321 1497 1522 1559 ange-

327 1559 560 1624 lorum.
625 1561 785 1626 Sola
802 1564 988 1646 virgo
1007 1563 1296 1628 lactabat
1320 1565 1523 1628 ubera

328 1650 416 1712 de
447 1649 590 1714 celo
619 1649 834 1732 plena.
925 1668 972 1737 y
1020 1653 1228 1716 Beata
1272 1653 1522 1717 viscera

323 1739 535 1801 marie
580 1740 851 1821 virginis
903 1759 1034 1822 que
1094 1751 1522 1822 portaverunt

327 1829 538 1890 eterni
559 1829 762 1908 patris
783 1827 1007 1892 filium.
1059 1828 1235 1894 Sola.
1266 1829 1403 1893 Lec.
1425 1830 1521 1911 iij.

325 1915 727 2048 Dduncti
760 1926 914 1980 sunt
945 1918 1122 1981 enim
1154 1921 1268 2000 qui
1292 1938 1523 2000 quere-

484 2004 647 2067 bant
678 2006 969 2068 animam
1003 2008 1204 2088 pueri.
1275 2007 1366 2070 Et
1397 2007 1521 2070 hoc

327 2091 477 2155 loco
508 2092 936 2175 intelligimus
973 2114 1108 2158 non
1149 2095 1364 2159 solum
1410 2094 1522 2158 he-

327 2181 558 2244 rodem
578 2183 696 2244 sed
717 2191 783 2245 et
797 2182 1170 2246 sacerdotes
1190 2193 1258 2247 et
1277 2184 1522 2247 scribas

327 2290 410 2332 eo
440 2278 738 2353 tempore
769 2291 1000 2336 necem
1031 2270 1284 2335 domini
1318 2273 1523 2335 medi-

327 2367 524 2422 tatos.
616 2359 748 2441 Qui
779 2380 1054 2442 surgens
1079 2361 1335 2442 accepit
1364 2381 1522 2442 pue-

329 2467 474 2510 rum
523 2456 592 2510 et
642 2457 921 2511 matrem
977 2449 1118 2530 ejus
1173 2458 1240 2512 et
1289 2459 1522 2513 cetera.

331 2535 486 2599 Non
537 2537 754 2601 dixit:
803 2539 1057 2620 accepit
1087 2537 1294 2601 filium
1327 2559 1520 2601 suum

329 2634 398 2687 et
453 2624 734 2689 uxorem
780 2646 1014 2689 suam:
1076 2626 1195 2689 sed
1241 2647 1520 2709 puerum

327 2723 398 2776 et
446 2723 724 2777 matrem
775 2714 918 2795 ejus
971 2716 1158 2797 quasi
1207 2716 1520 2778 nutricius

327 2822 462 2865 non
495 2803 784 2865 maritus,
875 2804 990 2867 Re.
1083 2803 1183 2866 Te
1229 2802 1518 2867 laudant.

329 2907 376 2975 γ
419 2891 648 2972 Ipsum
692 2893 992 2972 genuisti.
1057 2901 1130 2955 ut
1154 2892 1520 2955 benedicta.

325 2999 516 3061 quere
559 2990 759 3061 supra
813 2980 883 3042 in
940 2980 1266 3043 dominica
1318 2980 1386 3042 in
1377 2982 1522 3061 sra.

327 3066 482 3130 Non
510 3067 791 3130 dicimus
825 3069 1158 3150 psalmum
1189 3068 1290 3131 Te
1321 3069 1520 3132 deum

328 3155 466 3219 nisi
508 3155 830 3219 dominica
864 3157 1086 3238 ficen't
1130 3157 1286 3239 quia
1333 3156 1526 3238 quasi

329 3244 565 3326 vigilia
587 3244 870 3309 liabetur.
933 3263 980 3332 y
1011 3246 1306 3310 Verbum
1351 3266 1520 3309 caro.

419 3333 466 3395 I
461 3353 502 3394 n
554 3334 861 3397 laudibus
906 3334 1016 3397 laec
1057 3334 1194 3397 sola
1229 3333 1521 3415 antipho-

329 3440 420 3484 na
453 3421 514 3486 O
541 3422 947 3487 admirabile.
1023 3432 1124 3503 ps.
1191 3424 1519 3486 Dominus

329 3512 645 3592 regnavit.
720 3521 824 3575 etc.
933 3512 1088 3575 An)
1185 3511 1519 3594 Apparuit

331 3598 720 3681 benignitas,
815 3600 1124 3681 Hymnus
1197 3600 1265 3663 A
1363 3600 1522 3663 solis

327 3698 529 3750 ortus,
621 3704 668 3773 y
717 3688 1114 3753 Benedictus
1161 3690 1273 3771 qui
1323 3690 1518 3751 venit.

327 3776 413 3838 In
465 3776 788 3858 evangelio
847 3785 950 3841 an.
1044 3777 1400 3841 Revertere
1455 3778 1531 3847 in

328 3874 572 3927 terram
614 3866 775 3947 jude
830 3866 1070 3929 mortui
1137 3866 1313 3929 enim
1367 3874 1522 3928 sunt

327 3954 442 4034 qui
510 3954 876 4035 querebant
950 3956 1243 4018 animam
1317 3953 1520 4037 pueri.

299 4036 411 4127 ⁴psss‘.
463 4040 876 4107 Benedictus.
1276 4042 1517 4106 Oratio,

337 4131 617 4263 Corda
693 4140 916 4195 nostra
982 4150 1343 4213 quesumus
1402 4131 1520 4193 do-

454 4219 630 4281 mine
737 4230 1010 4283 venture
1145 4219 1520 4283 festivitatis

323 4306 640 4388 splendor
699 4307 1025 4373 illustret:
1093 4329 1228 4390 quo
1289 4307 1520 4371 mundi

323 4394 522 4475 hujus
575 4396 862 4460 tenebris
894 4417 1112 4461 carere
1146 4397 1520 4460 valeamus:

2156 489 2296 544 138

1633 601 1703 656 et
1736 595 2199 676 perveniamus
2248 594 2359 658 ad·
2380 596 2661 678 patriam
2696 598 2827 662 cla-

1631 683 1847 744 ritatis
1924 692 2165 747 eterne.
2256 705 2375 767 per
2461 685 2826 770 dominum.

1632 769 1849 834 Nulla
1905 781 2221 852 sequatur
2278 773 2600 838 memoria.
2707 775 2835 838 Ad

1615 859 1916 938 primam
2028 861 2159 924 Αῆ.
2277 861 2568 944 Quando
2630 871 2826 927 natus

1631 967 1717 1009 es,
1796 956 1897 1028 ps'.
1990 947 2176 1011 Deus
2223 949 2287 1012 in
2338 951 2623 1014 nomine.
2700 971 2825 1015 non

1630 1046 1919 1097 mutetur
1960 1036 2314 1118 antiphona
2364 1039 2461 1100 ad
2490 1039 2827 1121 psalmum

1631 1121 2027 1206 Quicunque
2046 1125 2204 1188 vult.
2264 1127 2380 1190 Re.
2440 1127 2599 1207 Jesu
2634 1128 2825 1193 Chri-

1627 1221 1747 1275 ste.
1839 1229 1886 1298 y
1964 1212 2099 1296 Qui
2176 1215 2262 1278 de
2335 1215 2589 1298 virgine
2677 1237 2824 1280 cum

1629 1300 1907 1364 alleluia.

1714 1388 1839 1451 Ad
1881 1389 2055 1452 altas
2098 1389 2293 1454 horas
2343 1392 2687 1473 antiphone
2731 1414 2825 1456 se-

1625 1486 1881 1558 quentes
1931 1479 2011 1541 de
2058 1479 2364 1542 laudibus
2420 1481 2720 1561 Capitula
2765 1491 2829 1545 et

1623 1565 2051 1646 Responsoria
2091 1567 2173 1630 dc
2197 1568 2557 1645 nativitate,
2596 1569 2827 1634 Oratio

1623 1653 2035 1718 dominicalis
2066 1655 2303 1719 scilicet
2333 1657 2517 1720 Deus
2560 1659 2673 1740 qui
2721 1680 2825 1722 sa-

1625 1741 1780 1804 lutis
1810 1753 1913 1806 etc.
2009 1744 2098 1808 Si
2135 1744 2461 1808 dominica
2488 1746 2711 1826 suerit
2753 1748 2823 1809 in

1625 1830 1863 1911 vigilia
1946 1830 2279 1913 epiphanie
2367 1834 2825 1898 invitatorium

1620 1918 1928 1983 'Christus
1976 1929 2169 1984 natus
2200 1930 2321 1987 est.
2348 1931 2449 2003 ps'.
2482 1923 2724 1987 Venite
2763 1934 2828 1988 et

1622 2018 1825 2070 cetera
1856 2017 1932 2070 ut
1956 2018 2157 2089 supra
2189 2029 2335 2071 cum
2380 2031 2600 2074 novem
2644 2013 2821 2074 anti·-

1612 2095 1853 2176 plzonis
1893 2105 1957 2159 et
2000 2096 2258 2159 totidem
2297 2098 2581 2178 psalmis
2620 2109 2684 2163 et
2727 2122 2821 2162 re-

1624 2183 1975 2264 sponsoriis
1996 2195 2196 2265 prout
2222 2185 2597 2249 ordinatum
2625 2197 2721 2251 est
2749 2188 2819 2250 in

1625 2272 2075 2334 circuncisione
2130 2273 2385 2336 domini
2468 2274 2607 2338 nisi
2654 2276 2829 2357 quod

1625 2361 1745 2422 Re.
1838 2361 2158 2424 Nesciens
2189 2370 2438 2427 mater:
2479 2363 2605 2426 erit
2653 2373 2822 2428 octa-

1628 2467 1947 2601 vugfcrmo
2018 2537 2189 2602 beati
2258 2540 2603 2622 augustini
2662 2540 2820 2623 epis-

1623 2626 1769 2707 copi.
2524 2629 2741 2693 Lectio
2753 2632 2819 2713 j.

1638 2715 2159 2848 Castissimum
2177 2718 2381 2780 marie
2392 2718 2661 2801 virginis
2678 2729 2821 2783 ute-

1754 2822 1897 2866 rum
1925 2825 1939 2867 :
1970 2824 2212 2887 sponse
2230 2808 2501 2889 virginis
2524 2806 2819 2872 clausum

1624 2892 1870 2955 ventris
1893 2893 2269 2957 cubiculum
2298 2916 2311 2957 :
2345 2896 2679 2978 signatum
2703 2916 2822 2979 pu-

1625 2980 1803 3042 doris
1859 2982 2243 3045 cenaculum
2294 2985 2531 3047 merito
2579 2985 2819 3067 plenis-

1625 3070 1792 3131 sime
1868 3070 2307 3133 collaudarem
2395 3073 2449 3135 si
2537 3094 2817 3137 messem

1627 3166 1943 3220 meterem
1992 3158 2193 3241 quam
2234 3179 2362 3223 non
2408 3162 2818 3227 seminarem.

1629 3245 1737 3308 De
1760 3265 1893 3327 qua
1914 3248 2254 3329 apostolus
2276 3249 2455 3312 dicit.
2510 3250 2820 3333 Quecun-

1626 3354 1758 3415 que
1818 3336 2238 3399 seminaverit
2300 3337 2502 3401 homo
2570 3338 2692 3403 hec
2752 3348 2822 3403 et

1627 3430 1851 3486 metet.
2502 3426 2719 3490 Lectio
2750 3428 2817 3508 ‘'J‘-

1644 3512 1976 3641 Verum
2020 3521 2123 3574 est
2160 3513 2547 3576 omnimodo
2589 3536 2817 3577 verum

1794 3608 1895 3663 est
1955 3599 2079 3663 hoc
2140 3620 2407 3664 omnem
2480 3600 2817 3665 hominem

1628 3696 1881 3751 metere
1942 3688 2118 3769 quod
2176 3689 2541 3752 seminavit.
2635 3690 2820 3754 Deus

1625 3775 1805 3838 solus
1836 3784 2056 3857 potest
2090 3786 2336 3839 metere
2379 3796 2510 3859 que
2540 3797 2673 3840 non
2718 3799 2819 3842 se-

1625 3864 1900 3926 minavit
1930 3886 1943 3927 :
1974 3864 2145 3927 sicut
2175 3864 2316 3946 ipse
2347 3864 2521 3928 filius
2551 3866 2821 3949 virginis

1623 3952 1690 4015 in
1768 3952 2060 4034 quadam
2139 3954 2461 4036 evangelii
2538 3954 2822 4020 lectione

1621 4040 1816 4103 dixit.
1866 4041 2054 4104 Meto
2074 4041 2187 4105 ubi
2208 4062 2339 4105 non
2361 4044 2721 4109 seminavi:
2754 4054 2824 4111 et

1621 4129 1862 4210 colligo
1895 4129 2007 4192 ubi
2040 4150 2171 4193 non
2204 4134 2430 4212 sparsi.
2481 4132 2694 4196 Lectio
2725 4134 2824 4216 iij.

1782 4219 1910 4281 icat
1970 4229 2040 4283 et
2102 4220 2325 4283 maria.
2416 4220 2509 4285 Et
2568 4242 2695 4305 ego
2754 4232 2823 4286 te

1778 4306 1987 4370 filium
2049 4309 2401 4390 generavi:
2452 4310 2569 4373 sed
2628 4311 2825 4394 virgi-

1625 4397 1901 4458 nitatem
1936 4416 2154 4460 meam
2183 4418 2314 4461 non
2338 4397 2597 4461 violavi.
2646 4399 2824 4481 Reg-

1059 4560 1070 4589 ¹
1099 4566 1195 4621 pro
1215 4558 1356 4629 ‘An'
1387 4556 1676 4621 Capitulum
1702 4572 1720 4607 .·
1754 4556 1981 4607 E.G.W.
