3375 5100
1566 334 1841 391 SABBA
1855 334 1956 390 To

1057 444 1207 501 857

522 568 745 613 escam
776 549 921 615 sibi.
990 548 1193 615 Ortus
1222 557 1323 614 est
1348 548 1447 612 sol
1478 557 1545 614 et
1563 568 1724 613 con-

520 639 779 721 gregati
798 648 997 703 sunt:
1042 648 1111 703 et
1141 640 1207 701 in
1238 638 1566 703 cubilibus
1588 638 1726 701 suis

525 726 1042 791 collocabuntur.
1190 726 1437 789 Exibit
1518 726 1724 789 homo

526 816 614 879 ad
675 834 845 899 opus
906 834 1139 879 suum:
1184 814 1295 879 et¹
1358 816 1445 879 ad
1490 834 1724 897 opera·

528 905 783 969 tionem
806 923 996 967 suam
1022 923 1231 985 usque
1250 903 1337 967 ad
1359 922 1724 985 vesperam.

536 992 754 1071 Quam
816 990 1243 1075 magnificata
1300 1001 1461 1055 sunt
1522 991 1728 1073 opera

530 1090 649 1143 tua
679 1080 951 1145 domine
978 1102 995 1145 ε
1040 1081 1266 1145 omnia
1296 1081 1363 1144 in
1394 1080 1728 1162 sapientia

532 1168 785 1233 fecisti:
830 1168 1111 1253 impleta
1136 1178 1239 1233 est
1269 1176 1443 1233 terra
1466 1188 1726 1251 posses-

530 1258 719 1323 sione
778 1266 913 1323 tua.
1004 1258 1161 1321 Hoc
1194 1276 1374 1321 mare
1406 1276 1727 1339 magnum

530 1356 601 1409 et
630 1346 1005 1429 spaciosum
1036 1346 1343 1409 manibus
1369 1367 1387 1410 ε
1418 1346 1551 1409 illic
1580 1365 1728 1427 rep-

530 1434 676 1499 tilia
732 1454 1015 1516 quorum
1073 1453 1207 1498 non
1255 1443 1359 1499 est
1390 1452 1727 1498 numerus·

534 1523 879 1586 Animalia
922 1522 1166 1605 pusilla
1220 1542 1375 1586 cum
1424 1522 1729 1605 magnis:

534 1611 667 1674 illic
698 1630 899 1675 naves
930 1611 1439 1693 pertransibunt.
1502 1609 1730 1674 Draco

534 1699 663 1764 iste
708 1720 909 1782 quem
960 1697 1261 1763 formasti
1308 1700 1395 1763 ad
1445 1697 1730 1763 illuden-

534 1789 697 1852 dum
739 1789 841 1852 ei:
887 1789 1115 1852 omnia
1153 1808 1195 1851 a
1245 1796 1315 1853 te
1364 1796 1734 1871 expectant

537 1886 610 1941 ut
640 1876 761 1940 des
822 1875 953 1941 illis
1010 1896 1233 1941 escam
1286 1876 1355 1940 in
1406 1886 1726 1959 tempore.

533 1965 765 2029 Dante
778 1975 844 2030 te
868 1966 997 2029 illis
1019 1965 1335 2047 colligent
1357 1964 1733 2047 :aperiente

533 2063 605 2118 te
658 2074 931 2117 manum
1006 2062 1234 2118 tuam:
1308 2054 1535 2117 omnia
1610 2053 1736 2116 im-

537 2142 898 2225 plebuntur
948 2143 1268 2207 bonitate.
1358 2142 1736 2205 Avertente

538 2239 763 2295 autem
818 2240 887 2295 te
946 2230 1185 2295 faciem
1244 2229 1732 2295 turbabuntur:

538 2318 795 2383 auferes
825 2319 1131 2402 spiritum
1178 2338 1407 2383 eorum
1455 2326 1523 2382 et
1568 2316 1732 2382 defi·

539 2408 757 2472 cient:
802 2408 969 2472 etin
1016 2407 1358 2490 pulverem
1390 2428 1583 2470 suum
1631 2428 1734 2470 re-

539 2505 895 2562 vertentur.
982 2496 1249 2562 Emitte
1292 2496 1597 2580 spiritum
1630 2505 1735 2560 tu-

542 2607 655 2649 um
688 2594 757 2649 et
786 2586 1187 2650 creabuntur
1214 2607 1231 2651 ε
1276 2595 1346 2649 et
1385 2585 1738 2648 renovabis

541 2674 780 2738 faciem
813 2684 1003 2739 terre.
1098 2674 1211 2739 Sit
1240 2674 1453 2757 gloria
1480 2673 1738 2738 domini

540 2763 609 2826 in
628 2763 923 2826 seculum
946 2784 963 2828 t
1009 2762 1322 2828 letabitur
1340 2762 1653 2827 dominus
1672 2763 1740 2825 in

541 2851 853 2933 operibus
882 2851 1035 2915 suis,
1135 2851 1263 2930 Qui
1308 2852 1577 2934 respicit
1607 2861 1740 2914 ter-

542 2960 684 3002 ram
730 2949 797 3003 et
850 2939 1009 3004 facit
1055 2959 1205 3002 eam
1254 2949 1580 3003 tremere:
1624 2939 1742 3021 qui

542 3029 761 3110 tangit
782 3035 1041 3091 montes
1059 3038 1128 3091 et
1147 3028 1493 3111 fumigant.
1574 3027 1744 3094 Can-

544 3116 707 3180 tabo
737 3116 1012 3180 domino
1044 3117 1111 3180 in
1155 3118 1295 3180 vita
1341 3137 1536 3181 mea:
1566 3114 1746 3200 psal-

546 3204 683 3269 lam
761 3205 891 3270 deo
966 3225 1119 3270 meo
1192 3205 1515 3287 quamdiu
1576 3223 1744 3268 sum.

554 3293 945 3370 Jocundum
968 3295 1055 3357 sit
1067 3295 1125 3357 ei
1138 3294 1473 3376 eloquium
1488 3313 1710 3357 meum
1729 3313 1746 3357 t

546 3402 675 3464 ego
704 3401 862 3446 vero
913 3381 1296 3447 delectabor
1342 3383 1407 3445 in
1454 3383 1750 3446 domino.

548 3469 886 3534 Deficiant
918 3481 1299 3553 peccatores
1348 3491 1389 3535 a
1416 3479 1589 3535 terra
1618 3491 1633 3534 ε
1679 3480 1751 3534 et

552 3559 763 3640 iniqui
813 3559 909 3622 ita
956 3568 1032 3623 ut
1080 3579 1213 3622 non
1244 3559 1423 3624 sint:
1470 3559 1754 3622 benedic

556 3647 782 3712 anima
814 3668 966 3711 mea
992 3649 1285 3712 domino,
1396 3647 1757 3712 PsalmuS.²

570 3738 687 3870 C
712 3736 1084 3800 onfitemini
1144 3737 1421 3801 domino
1473 3746 1542 3800 et
1572 3737 1757 3799 invo-

708 3834 855 3889 cate
876 3845 1120 3888 nomen
1144 3825 1326 3908 ejus:
1359 3825 1759 3888 annunciate

557 3914 735 3977 inter
752 3923 987 3996 gentes
1010 3934 1213 3996 opera
1236 3913 1396 3995 ejuS.
1478 3912 1760 3978 Cantate

557 4003 619 4065 ei
655 4013 724 4066 et
772 4001 1036 4084 psallite
1067 4003 1171 4066 ei:
1217 4011 1481 4066 narrate
1532 4003 1763 4066 omnia

560 4090 893 4155 mirabilia
912 4091 1054 4174 ejus
1074 4090 1439 4155 laudamini
1461 4091 1529 4153 in
1548 4091 1762 4174 norni-

560 4199 650 4242 ne
723 4189 960 4242 sancto
1033 4180 1197 4261 ejus,
1298 4180 1579 4244 Letetur
1650 4199 1766 4242 cor

561 4268 987 4349 querentium
1046 4268 1434 4332 dominum:
1509 4269 1766 4350 querite

558 4358 913 4421 dominum
934 4367 1002 4421 et
1034 4355 1515 4420 confirmamini
1536 4357 1561 4395 ³
1604 4376 1765 4439 que-

650 4545 665 4575 ¹
709 4543 938 4594 ‘et’om.
1020 4545 1071 4595 S.

1352 4547 1373 4576 ²
1402 4552 1474 4608 pl'.
1512 4557 1607 4606 104
1678 4545 1745 4594 E.
1761 4545 1816 4594 G.
1891 4545 2015 4610 ciiij.
2041 4561 2058 4593 .·
2093 4545 2146 4594 S.

2329 442 2485 500 858

1821 548 1946 612 rite
2003 548 2242 612 faciem
2303 550 2448 631 ejus
2497 569 2776 632 semper.
2867 550 3030 614 Me-

1823 646 2121 702 mentote
2195 637 2594 702 mirabilium
2671 637 2818 719 ejus
2893 660 3032 721 que

1827 724 2026 791 fecit:
2101 727 2408 809 prodigia
2453 728 2598 809 ejus
2641 737 2714 791 et
2767 726 3032 808 judicia

1824 814 1956 878 oris
2047 814 2208 896 ejus,
2345 815 2598 879 Semen
2697 815 3029 878 abraham

1825 902 1996 966 servi
2025 902 2169 984 ejus
2195 923 2212 967 t
2257 902 2379 967 filii
2401 903 2603 985 jacob
2631 902 2826 966 electi
2861 905 3030 985 ejuS.

1822 991 1984 1073 Ipse
2040 991 2352 1055 dominus
2404 992 2568 1056 deus
2627 1001 2898 1055 noster:
2959 994 3030 1055 in

1825 1080 2130 1143 universa
2158 1089 2335 1143 terra
2359 1080 2611 1162 judicia
2639 1081 2801 1162 ejus,
2867 1080 3031 1143 Me-

1825 1188 1974 1231 mor
2001 1168 2128 1232 fuit
2171 1169 2240 1231 in
2291 1168 2588 1233 seculum
2635 1171 3033 1233 testamenti

1825 1258 1967 1321 sui:
2017 1256 2202 1321 verbi
2275 1259 2459 1341 quod
2535 1258 2882 1321 mandavit
2959 1259 3030 1321 in

1829 1345 2008 1409 mille
2028 1348 2506 1427 generationes,
2575 1346 2767 1425 Quod
2799 1346 3032 1428 dispo-

1827 1434 1960 1497 suit
2011 1434 2098 1497 ad
2145 1433 2506 1500 abraham:
2552 1444 2622 1499 et
2663 1434 3030 1516 juramenti

1826 1522 1929 1586 sui
1978 1523 2064 1586 ad
2112 1543 2333 1606 ysaac.
2423 1524 2524 1589 Et
2575 1524 2809 1587 statuit
2858 1522 3031 1586 illud

1821 1609 2022 1694 jacob
2051 1610 2120 1673 in
2150 1622 2576 1695 preceptum:
2622 1620 2690 1675 et
2731 1610 2928 1675 israel
2961 1612 3030 1674 in

1827 1708 2307 1764 testamentum
2357 1710 2679 1764 eternum.
2771 1700 3034 1763 Dicens

1829 1787 1952 1851 tibi
1981 1788 2162 1852 dabo
2189 1798 2435 1853 terram
2457 1789 2760 1854 chanaan
2789 1810 2807 1853 ε
2855 1788 3034 1851 funi-

1830 1877 2052 1940 culum
2083 1876 2470 1941 hereditatis
2527 1888 2760 1941 vestre.
2859 1876 3034 1943 Cum

1831 1974 2056 2028 essent
2087 1985 2365 2030 numero
2384 1967 2566 2030 brevi
2593 1988 2610 2031 :
2643 1966 3032 2049 paucissimi

1833 2062 1904 2118 et
1967 2053 2182 2117 incole
2233 2054 2394 2136 ejus.
2484 2055 2588 2119 Et
2631 2056 3036 2137 pertransie-

1833 2152 1991 2205 runt
2019 2142 2107 2206 de
2137 2152 2339 2224 gente
2369 2143 2438 2206 in
2483 2152 2798 2225 gentem:
2845 2152 2916 2206 et
2945 2142 3037 2206 de

1833 2250 2039 2313 regno
2070 2232 2156 2295 ad
2178 2231 2498 2314 populum
2519 2232 2820 2295 alterum.
2865 2226 3036 2294 Non

1829 2318 2098 2400 reliquit
2125 2320 2466 2384 hominem
2511 2340 2748 2384 nocere
2790 2320 2936 2384 eis:
2969 2336 3040 2383 et

1831 2408 2148 2490 corripuit
2188 2428 2312 2491 pro
2355 2410 2452 2472 eis
2500 2428 2706 2491 reges,
2793 2406 3038 2472 Nolite

1834 2506 2110 2578 tangere
2133 2497 2413 2563 christos
2431 2517 2656 2563 meos:
2687 2505 2758 2562 et
2788 2498 2858 2560 in
2883 2516 3047 2580 pro-

1839 2586 2056 2668 phetis
2133 2585 2298 2650 meis
2375 2586 2584 2650 nolite
2659 2586 3041 2669 malignari.

1839 2675 1940 2738 Et
1968 2675 2232 2740 vocavit
2261 2674 2508 2739 famem
2529 2695 2727 2758 super
2755 2683 3042 2738 terram:

1839 2771 1910 2826 et
1983 2783 2183 2827 omne
2257 2763 2751 2828 firmamentum
2843 2765 3046 2847 panis

1843 2852 2170 2916 contrivit.
2235 2852 2440 2916 Misit
2471 2862 2626 2916 ante
2648 2873 2766 2916 eos
2781 2853 3046 2915 virum:

1843 2941 1909 3003 in
1929 2960 2191 3003 servum
2211 2941 2632 3004 venundatus
2653 2951 2754 3004 oet
2775 2939 3046 3023 joseph.

1841 3028 2388 3093 Humiliaverunt
2463 3031 2532 3093 in
2605 3029 3050 3110 compedibus

1843 3118 2048 3200 pedes
2121 3117 2306 3199 ejus:
2371 3118 2614 3182 ferrum
2667 3118 3052 3200 pertransiit

1845 3207 2140 3270 animam
2161 3207 2304 3287 ejus
2327 3229 2342 3270 ε
2389 3207 2604 3270 donec
2621 3207 2882 3269 veniret
2904 3227 3052 3270 ver-

1847 3295 2006 3360 bum
2087 3295 2249 3377 ejuS.
2343 3295 2714 3378 Eloquium
2788 3295 3054 3358 domini

1849 3382 2288 3448 inflammavit
2344 3403 2538 3448 eum:
2584 3383 2766 3446 misit
2811 3403 2936 3446 rex
2983 3393 3056 3448 et

1847 3471 2047 3535 solvit
2075 3491 2268 3536 eum:
2315 3473 2619 3554 princeps
2650 3471 3060 3554 populorum

1852 3570 1922 3624 et
1952 3560 2212 3624 dimisit
2243 3581 2414 3624 eum.
2512 3560 2872 3626 Constituit
2897 3581 3060 3625 eum

1854 3650 2202 3713 dominum
2235 3649 2477 3712 domus
2507 3669 2665 3712 sue:
2711 3658 2780 3712 et
2811 3650 3064 3731 princi-

1855 3757 2010 3820 pem
2041 3737 2262 3800 omnis
2285 3736 2718 3820 possessionis
2749 3757 2888 3800 sue.
2965 3739 3064 3802 Ut

1858 3825 2147 3890 erudiret
2190 3825 2520 3909 principes
2569 3826 2712 3908 ejus
2751 3827 2927 3890 sicut
2957 3847 3066 3889 se-

1859 3915 2219 3997 metipsum
2245 3935 2260 3978 :
2293 3924 2361 3978 et
2381 3934 2572 3978 senes
2591 3914 2736 3997 ejus
2759 3915 3064 3997 pruden-

1861 4003 2024 4067 tiam
2055 4004 2342 4067 doceret.
2429 4003 2532 4068 Et
2563 4003 2832 4067 intravit
2865 4003 3068 4066 israel

1862 4093 1930 4154 in
1993 4101 2358 4174 egyptum:
2431 4101 2503 4155 et
2565 4090 2766 4174 jacob
2834 4091 3073 4156 accola

1863 4180 1988 4244 fuit
2049 4181 2116 4243 in
2177 4189 2353 4244 terra
2413 4179 2626 4244 cham.
2715 4179 2813 4243 Et
2874 4181 3072 4244 auxit

1864 4268 2186 4352 populum
2235 4288 2430 4332 suum
2478 4267 2953 4333 vehementer:
2999 4279 3073 4334 et

1864 4357 2151 4422 firmavit
2181 4377 2334 4421 eum
2365 4377 2564 4440 super
2582 4357 2888 4422 inimicos
2907 4358 3072 4442 ejus,

2475 4547 2496 4575 ⁸
2530 4543 2842 4595 confitemini
2864 4562 2878 4596 ε
2914 4545 3002 4595 W.
