3375 5100
1012 350 1436 407 DOMINICA
1486 350 1611 407 AD
1668 352 2109 409 VESPERAS.

862 456 993 515 871

328 563 650 630 festinant
726 574 1047 649 tempora.
1174 565 1529 641 Judicabit

330 654 643 718 dominus
688 656 1010 737 populum
1065 675 1300 719 suum:
1348 665 1415 719 et
1462 656 1529 718 in

330 744 533 806 servis
579 744 715 807 suis
746 744 1175 808 miserebitur.
1260 744 1531 808 Videbit

332 831 513 912 quod
577 831 909 895 infirmata
963 833 1050 896 sit
1095 832 1413 898 manus¹:
1462 842 1529 896 et

333 920 537 985 clausi
585 933 852 1003 quo'que
903 921 1327 985 defecerunt:
1375 922 1528 984 resi-

331 1009 582 1091 duique
632 1012 1009 1092 consumpti
1056 1020 1227 1074 sunt.
1304 1010 1400 1073 Et
1432 1009 1531 1073 di-

332 1108 489 1160 cent
520 1098 634 1161 ubi
667 1108 823 1162 sunt
853 1100 945 1162 dii
978 1119 1207 1162 eorum
1237 1119 1251 1161 ε
1285 1100 1351 1161 in
1385 1100 1530 1182 qui-

332 1184 459 1249 bus
489 1185 829 1251 habebant
860 1188 1187 1251 fiduciam.
1236 1187 1345 1250 De
1366 1208 1532 1271 quo-

330 1294 479 1337 rum
512 1276 1249 1340 victimiscomedebant
1270 1276 1527 1358 adipes:

330 1372 402 1425 et
460 1364 781 1429 bibebant
833 1364 1059 1428 vinum
1121 1364 1528 1429 libaminum.

334 1451 635 1533 Surgant
668 1463 736 1518 et
765 1454 1172 1537 opitulentur
1200 1454 1428 1518 vobis:
1460 1462 1529 1516 et

331 1540 401 1603 in
478 1543 869 1606 necessitate
944 1562 1063 1606 vos
1156 1549 1527 1624 protegant.

352 1628 595 1693 Videte
625 1632 805 1713 quod
831 1652 959 1713 ego
988 1651 1135 1694 sum
1158 1632 1181 1668 ²
1210 1630 1428 1694 solus:
1460 1637 1529 1693 et

330 1736 467 1780 non
499 1718 585 1781 sit
608 1718 773 1783 alius
792 1722 957 1784 deus
980 1729 1197 1802 preter
1222 1739 1345 1783 me.
1376 1718 1531 1800 Ego

332 1805 629 1869 occidam
690 1818 760 1871 et
822 1829 951 1890 ego
1009 1809 1228 1871 vivere
1289 1806 1528 1870 faciam

330 1897 701 1977 percutiam
775 1906 845 1959 et
888 1916 1017 1977 ego
1080 1895 1371 1959 sanabo:
1462 1904 1531 1959 et

332 2002 467 2046 non
496 1993 601 2046 est
630 1984 741 2067 qui
773 1986 859 2048 de
906 2004 1105 2048 manu
1140 2004 1291 2048 mea
1322 1985 1531 2066 possit

329 2092 574 2135 eruere.
664 2072 939 2137 Levabo
984 2074 1069 2136 ad
1112 2074 1329 2137 celum
1391 2093 1531 2136 ma-

335 2179 495 2222 num
560 2180 779 2224 meam
810 2182 824 2225 :
871 2170 941 2226 et
968 2163 1189 2227 dicam
1220 2163 1372 2226 vivo
1404 2182 1531 2243 ego

334 2249 403 2311 in
436 2256 756 2314 eternum.
836 2250 913 2314 Si
946 2270 1222 2314 accuero
1246 2251 1271 2289 ³
1302 2258 1373 2313 ut
1405 2249 1531 2312 ful·

332 2356 461 2419 gur
487 2337 787 2419 gladium
820 2360 1041 2403 meum
1073 2360 1087 2401 :
1142 2349 1209 2403 et
1242 2340 1531 2421 arripue-

328 2427 463 2488 rint
488 2426 809 2507 judicium
844 2448 1079 2492 manus
1110 2448 1274 2491 mee.
1348 2426 1530 2490 Red-

330 2517 491 2580 dam
538 2516 857 2581 ultionem
889 2517 1193 2582 hostibus
1225 2516 1417 2580 meis:
1462 2524 1529 2580 et

329 2606 433 2668 his
478 2607 589 2687 qui
651 2607 935 2669 oderunt
990 2627 1097 2670 me
1152 2607 1526 2669 retribuam.

329 2695 693 2758 Inebriabo
774 2697 1054 2778 sagittas
1131 2715 1317 2757 meas
1376 2715 1529 2756 san-

329 2785 573 2866 guine:
622 2793 691 2847 et
713 2784 983 2866 gladius
1014 2803 1201 2846 meus
1253 2783 1529 2845 devora-

330 2872 433 2935 bit
454 2893 704 2936 carneS.
751 2873 860 2936 De
883 2893 1114 2936 cruore
1129 2873 1527 2935 occisorum:

331 2969 401 3026 et
434 2961 520 3025 de
552 2963 941 3043 captivitate
972 2961 1201 3024 nudati
1224 2960 1528 3023 inimico-

332 3070 479 3114 rum
556 3051 809 3132 capitiS.
928 3051 1241 3112 Laudate
1298 3058 1530 3129 gentes

330 3138 655 3222 populum
702 3139 885 3221 ejus:
930 3139 1088 3220 quia
1141 3137 1530 3218 sanguinem

331 3247 671 3290 servorum
705 3247 972 3290 suorum
1004 3225 1371 3290 ulciscetur.
1432 3226 1533 3288 Et

331 3317 699 3379 vindictam
780 3317 1100 3379 retribuet
1160 3316 1229 3378 in
1304 3313 1531 3376 hostes

331 3424 561 3467 eorum
598 3425 613 3468 z
657 3414 725 3468 et
749 3405 774 3442 ⁴
808 3405 1133 3487 propitius
1178 3404 1301 3466 erit
1361 3412 1532 3465 terre

330 3493 563 3576 populi
597 3495 739 3556 sui.⁸⁵
784 3494 917 3556 Αῆ.
954 3493 1045 3555 Et
1076 3494 1141 3555 in
1172 3491 1376 3555 servis
1398 3492 1533 3553 suis

330 3583 645 3645 dominus
692 3583 1125 3645 miserebitur.
1214 3578 1532 3662 Antipho-

329 3691 439 3735 na.
491 3671 572 3736 In
606 3671 931 3753 cymbalis
954 3670 1127 3733 bene
1144 3668 1535 3732 sonantibus

434 3832 451 3862 ¹
493 3829 651 3895 ‘ejus'
674 3830 803 3880 add:
841 3829 976 3880 E.G.

432 3899 455 3928 ²
484 3897 613 3948 sim:
648 3897 783 3946 EG.

433 3966 454 3995 ⁸
484 3979 699 4013 acueroz
733 3961 948 4013 G.W.S.

432 4032 455 4063 ⁴
492 4030 598 4079 ‘’et
622 4045 723 4078 om.
752 4029 855 4078 ·.S

431 4099 453 4128 ⁸
491 4095 704 4145 ‘Gloria
725 4095 883 4160 patri’
906 4095 1046 4144 add.
1082 4093 1141 4143 E.
1150 4093 1215 4144 G.

430 4165 577 4228 ‘pro
605 4162 813 4212 ‘’deum
839 4161 1137 4210 dominum.
1172 4161 1232 4210 E.
1243 4161 1307 4211 G.

492 4231 736 4294 ‘Sequens
780 4228 997 4292 hymnus
1040 4227 1234 4276 dicitur
1267 4227 1425 4276 solum
1468 4228 1543 4276 ad

330 4296 499 4346 laudes
525 4297 582 4345 in
604 4295 796 4344 sabbato
823 4295 1055 4358 proximo
1089 4301 1205 4342 ante
1232 4292 1535 4343 dominicam

2148 462 2296 517 872

1626 567 1898 632 laudate
1969 570 2216 633 deum.⁶
2286 579 2388 652 ps.
2505 572 2830 639 Laudate.

1632 656 2022 739 Capitulum.
2090 658 2426 741 Vigilate.⁷
2499 660 2827 742 Hymnus.

1625 747 1989 877 Aurora
2050 748 2190 829 jam
2267 748 2520 829 spargit
2595 750 2823 831 polum

1795 836 1982 897 terris
2014 836 2157 899 dies
2208 835 2500 900 illabitur
2529 837 2691 901 lucis
2725 860 2824 902 re-

1626 921 1833 985 sultat
1878 924 2206 1005 spiculum
2262 925 2562 989 discedat
2625 948 2827 989 omne

1628 1010 1970 1077 lubricum.
2091 1013 2510 1077 Phantasma
2541 1015 2566 1051 ⁸
2609 1018 2824 1079 noctis

1626 1099 1892 1163 decidat
1955 1102 2194 1163 mentis
2261 1112 2480 1164 reatus
2551 1103 2826 1168 subruat

1626 1189 1941 1270 quicquid
1975 1190 2264 1253 tenebris
2309 1190 2648 1255 horridum
2683 1212 2823 1256 nox

1628 1277 1850 1341 attulit
1913 1278 2102 1361 culpe
2162 1280 2376 1343 cadat.
2474 1279 2568 1343 Ut
2627 1301 2824 1344 mane

1626 1365 1790 1428 illud
1823 1365 2131 1431 ultimum
2165 1368 2345 1449 quod
2383 1369 2825 1451 prestolamur

1625 1454 1850 1516 cernui
1926 1455 1993 1517 in
2056 1456 2270 1519 lucem
2325 1456 2517 1520 nobis
2598 1457 2824 1521 effluat

1626 1542 1789 1605 dum
1823 1542 1950 1606 hoc
1980 1564 2221 1607 canore
2250 1556 2622 1628 concrepat.
2668 1547 2823 1610 Deo

1627 1630 1848 1713 patri?
1893 1648 1940 1717 γ
1987 1632 2069 1695 In
2103 1634 2466 1696 matutinis,
2511 1635 2598 1698 In
2627 1656 2824 1698 evan-

1616 1718 1838 1799 gelio¹⁰
1860 1728 1966 1783 an'.
2016 1721 2098 1783 In
2151 1722 2328 1785 viam
2377 1722 2559 1803 pacis
2611 1724 2825 1807 dirige

1627 1828 1750 1870 nos
1783 1808 2072 1871 domine.
2105 1818 2208 1889 ps'.
2257 1811 2678 1875 Benedictus,

1628 1900 1694 1973 ff
1729 1895 2013 1959 Dicendi
2043 1897 2084 1935 ¹¹
2133 1907 2294 1960 sunt
2355 1898 2476 1961 isti
2547 1900 2828 1981 quinque

1611 1984 1867 2067 psalmi
1891 1996 2214 2067 sequentes
2257 2008 2401 2049 cum
2460 1991 2600 2050 suis
2650 1990 2825 2051 anti-

1611 2073 1854 2156 phonis
1883 2075 1988 2136 vel
2024 2096 2166 2137 cum
2227 2075 2596 2156 antiphonis
2623 2076 2823 2139 alicu-

1606 2162 1734 2243 jus
1747 2162 1922 2243 festi
1963 2162 2463 2245 quandocunque
2491 2166 2824 2227 intitulen-

1628 2260 1744 2313 tur
1775 2251 1818 2289 ¹²
1865 2252 2120 2332 psalmi
2175 2252 2599 2316 dominicales.
2689 2254 2824 2318 An'.

1625 2339 1824 2402 Dixit
1855 2339 2180 2404 dominus,
2451 2341 2828 2422 psalmus.¹³

1625 2428 1911 2561 Dixit
1941 2427 2250 2492 dominus
2310 2429 2584 2495 domino
2632 2450 2827 2493 meo:

1783 2516 1942 2580 sede
1965 2538 2006 2581 a
2031 2517 2296 2582 dextris
2331 2519 2512 2582 meis.
2589 2520 2827 2583 Donec

1627 2626 1880 2688 ponam
1913 2607 2212 2671 inimicos
2242 2617 2432 2671 tuos:
2465 2608 2827 2671 scabellum

1626 2695 1873 2778 pedum
1905 2705 2187 2760 tuorum.
2297 2695 2564 2778 Virgam
2624 2698 2830 2760 virtu-

1626 2785 1714 2846 tis
1743 2791 1857 2846 tue
1879 2786 2139 2848 emittet
2171 2785 2481 2848 dominus
2501 2806 2588 2848 ex
2612 2805 2782 2867 syon
2812 2806 2827 2850 ε

1628 2871 1973 2936 dominare
2035 2875 2098 2936 in
2139 2874 2358 2937 medio
2413 2875 2826 2938 inimicorum

1628 2969 1912 3024 tuorum.
2014 2962 2260 3026 Tecum
2324 2963 2723 3045 principium
2759 2964 2825 3025 in

1628 3049 1740 3112 die
1770 3050 2030 3112 virtutis
2073 3059 2190 3114 tue
2243 3052 2310 3114 in
2361 3051 2829 3133 splendoribus

1622 3147 2011 3200 sanctorum
2043 3160 2056 3202 ε
2135 3159 2224 3201 ex
2255 3149 2446 3203 utero
2479 3149 2634 3203 ante
2667 3139 2830 3202 luci-

1629 3225 1840 3289 ferum
1874 3227 2074 3308 genui
2119 3237 2204 3290 te.
2303 3227 2582 3300 Juravit
2611 3228 2828 3291 domi-

1630 3334 1753 3376 nus
1812 3323 1881 3377 et
1945 3335 2078 3377 non
2128 3317 2452 3397 penitebit
2502 3337 2699 3380 eum:
2755 3325 2828 3379 tu

1628 3422 1702 3465 es
1763 3403 2071 3466 sacerdos
2124 3403 2189 3465 in
2251 3415 2560 3467 eternum·
2599 3425 2830 3468 secun·

1630 3491 1791 3554 dum
1819 3492 2118 3554 ordinem
2154 3490 2654 3556 melchisedech.
2686 3492 2833 3555 Do-

1631 3579 1852 3642 minus
1883 3599 1924 3642 a
1969 3580 2225 3642 dextris
2270 3581 2447 3644 tuis:
2495 3581 2825 3662 confregit

1632 3667 1700 3730 in
1721 3667 1830 3730 die
1867 3668 1960 3731 ire
2019 3687 2136 3731 sue
2186 3689 2388 3750 reges.
2472 3666 2832 3743 Judicabit

1632 3825 2106 3944 &Wfflt
2121 3827 2338 3945 ετεῑὲ
2337 3828 2396 3879 0·

1971 3909 2086 3943 ma·

1729 3961 1752 3989 ⁹
1784 3959 1984 4009 ‘Fr-eccs
2002 3967 2084 4010 etc.
2143 3961 2214 4010 Ut
2231 3969 2402 4024 supra.
2478 3961 2654 4010 Oratio
2677 3968 2736 4009 ut
2755 3960 2832 4010 de-

1631 4025 1734 4075 cet’
1755 4025 1884 4076 add.-
1917 4025 1984 4076 E.
1997 4025 2054 4078 G.
2112 4028 2238 4078 ‘Per
2254 4035 2450 4078 estatem
2461 4028 2678 4092 hymnus
2700 4026 2835 4078 Ecce

1626 4091 1774 4190 jam„
1755 4091 1930 4142 ’adds
1962 4093 2030 4142 E.

1814 4160 1910 4207 ‘In
1931 4158 2126 4224 evang)
2148 4175 2240 4208 om.
2263 4160 2378 4209 .·.G

1737 4227 1770 4257 ¹¹
1809 4227 1902 4273 Α*
1923 4225 2166 4275 Dicendi’
2181 4242 2332 4290 usque
2346 4227 2420 4274 ad
2442 4225 2827 4276 ‘dominus’om.

1632 4293 1834 4342 omnia:
1869 4293 1936 4340 E.
1951 4291 2007 4341 G.
2087 4293 2186 4342 ‘In
2208 4294 2467 4342 dammis-is·
2497 4293 2676 4344 diebus.
2751 4293 2845 4342 Ad

319 4364 553 4429 pn'mam
592 4361 959 4426 quadragmme
996 4361 1195 4424 quando
1234 4360 1291 4408 in
1328 4361 1540 4454 predicto
1636 4359 1890 4424 vesperas’
1911 4357 2046 4408 mid:
2081 4359 2150 4409 E.
2164 4359 2221 4409 G.

333 4429 527 4478 sabbato
561 4430 619 4477 de
636 4428 780 4493 feria
803 4426 998 4492 agitur’
1027 4427 1162 4475 add.-
1196 4427 1263 4475 E.
1330 4427 1407 4474 ‘A
1428 4427 1539 4476 Do·

334 4496 473 4544 mine
508 4511 573 4545 ne
612 4496 661 4543 in
697 4494 771 4543 ira
808 4510 959 4558 usque
990 4493 1062 4542 ad
1108 4493 1539 4558 quadragesimam

338 4563 538 4627 quando
558 4561 615 4610 de
645 4561 837 4610 sabbato
858 4560 1035 4626 agitur
1064 4561 1244 4610 dii-itur
1264 4559 1335 4609 ad
1351 4560 1535 4610 laudes.

1725 4427 1764 4456 ¹²
1796 4425 2160 4475 intitulantur:
2194 4425 2248 4476 S.

1725 4493 2024 4556 ¹³.p3109.·
2061 4491 2200 4542 E..G
2273 4492 2496 4543 cix.:S.
