3375 5100
1077 367 1466 424 SECUNDA
1520 366 1995 424 ADVENTUS.

831 475 934 533 29

277 585 488 652 salem
513 583 822 669 'amplius
913 584 1090 648 Nam
1122 583 1192 646 in
1221 581 1334 646 illa
1363 581 1473 647 die

276 676 626 741 stillabunt
685 681 947 737 montes
1011 672 1474 735 dulcedinem:

277 775 349 828 et
377 763 580 829 colles
623 762 830 827 fluent
875 761 977 826 lac
1023 770 1089 824 et
1135 758 1266 823 mel
1315 759 1475 823 dicit

277 853 606 916 dominus.
693 849 746 925 Y
811 850 1002 913 Tunc
1079 847 1475 911 exaltabunt

278 941 506 1004 omnia
535 940 716 1022 ligna
744 937 1053 1002 silvarum
1085 956 1126 1000 a
1156 936 1320 999 facie
1355 935 1476 999 do-

277 1030 460 1093 mini.
552 1029 747 1092 Nam.
1134 1023 1350 1088 Lectio
1380 1023 1476 1107 iij.

277 1121 432 1251 ln
463 1117 559 1180 ira
578 1113 808 1179 furoris
826 1112 1058 1196 rasyn¹
1081 1112 1377 1196 et²syrie
1408 1121 1478 1176 et

387 1204 502 1268 filii
556 1203 866 1268 romelie:
913 1223 992 1266 eo
1044 1203 1222 1283 quod
1265 1201 1478 1266 consi-

277 1294 443 1357 lium
506 1291 721 1355 inierit
779 1299 1009 1356 contra
1067 1291 1350 1371 syriam⁸
1408 1289 1476 1352 in

279 1381 568 1445 malum⁴
594 1379 846 1444 effraim
878 1387 949 1442 et
987 1376 1160 1441 filius
1204 1377 1476 1441 romelie

279 1471 594 1535 dicentes,
638 1467 1100 1532 Ascendamus
1130 1467 1216 1530 ad
1243 1465 1474 1547 judam

279 1568 351 1623 et
373 1559 760 1622 suscitemus
783 1575 933 1619 eum
959 1575 973 1619 :
1020 1563 1090 1618 et
1118 1554 1478 1618 evellamus

280 1659 434 1710 ‘eum
466 1646 551 1709 ad
584 1665 742 1709 nos:
789 1653 857 1707 et
887 1662 1210 1725 ponamus
1251 1662 1474 1725 regem

281 1737 350 1798 in
386 1735 606 1798 medio
637 1733 778 1814 ejus
806 1732 1012 1795 filium
1046 1730 1279 1794 tabeel.
1358 1730 1475 1794 Re.

283 1823 462 1887 Ecce
509 1823 812 1886 dominus
859 1819 1079 1883 veniet
1129 1829 1197 1883 et
1245 1839 1478 1882 omnes

281 1911 494 1975 sancti
518 1911 660 1993 ejus
684 1928 834 1972 cum
857 1928 976 1971 eo:
1018 1916 1089 1970 et
1118 1907 1241 1970 erit
1271 1907 1338 1970 in
1368 1907 1478 1971 die

283 1998 400 2062 illa
451 1998 568 2061 lux
624 2017 868 2079 magna
926 2003 994 2060 et
1053 1995 1335 2059 exibunt
1390 1994 1478 2058 de

282 2085 678 2150 hierusalem
739 2085 909 2148 sicut
965 2103 1141 2165 aqua
1211 2083 1478 2146 munda.

285 2175 380 2238 Et
412 2174 712 2256 regnabit
748 2171 1055 2236 dominus
1088 2171 1155 2234 in
1175 2181 1477 2235 eternum

283 2283 484 2345 super
541 2282 773 2326 omnes
845 2269 1093 2343 gentes
1184 2258 1237 2334 Y
1306 2260 1479 2322 Ecce

283 2371 436 2416 cum
485 2351 725 2414 virtute
771 2349 1030 2413 veniet:
1087 2356 1155 2411 et
1202 2367 1478 2429 regnum

282 2441 353 2503 in
429 2459 628 2502 manu
702 2437 844 2520 ejus
919 2447 988 2501 et
1059 2445 1354 2518 potestas
1413 2445 1482 2500 et

283 2528 651 2610 imperium.
766 2526 872 2592 Et.
991 2523 1217 2591 Gloria
1290 2525 1479 2608 patri.

288 2618 382 2682 Et
414 2615 730 2700 regnabit.

372 2706 462 2768 In
487 2704 752 2769 secundo
781 2711 1082 2766 nocturno
1110 2722 1215 2765 an.
1279 2699 1480 2765 Beth-

285 2792 490 2857 leem.-
551 2801 655 2874 ps.
717 2791 1066 2857 Conserva.
1156 2790 1209 2866 Y
1275 2789 1479 2872 Egre-

285 2882 520 2945 dietur.
613 2884 678 2958 01
725 2879 952 2944 Sermo
995 2877 1167 2942 beati
1205 2876 1486 2941 maximi

285 2968 566 3050 episcopi.

283 3060 388 3190 l
393 3058 570 3139 gitur
627 3054 938 3139 quoniam
1005 3063 1159 3138 post
1216 3062 1481 3137 tempus

395 3143 842 3228 spiritualibus
914 3142 1125 3225 epulis
1217 3141 1480 3206 reficere

287 3254 412 3297 nos
485 3233 842 3296 debemus:
918 3230 1262 3295 videamus
1317 3231 1479 3312 quid

288 3321 669 3404 evangelica
741 3320 937 3383 lectio
1032 3328 1480 3403 prosequatur.

286 3410 415 3474 Ait
445 3411 620 3473 enirn
667 3407 973 3472 dominus
1017 3408 1188 3471 sicut
1232 3408 1481 3470 audivi-

289 3518 440 3561 mus
487 3497 572 3561 de
619 3497 942 3561 adventus
988 3496 1088 3558 sui
1142 3504 1482 3577 tempore:

290 3587 461 3651 sicut
514 3584 761 3667 sulgor⁵
813 3584 1206 3648 choruscans
1242 3583 1328 3647 de
1358 3584 1482 3647 sub

291 3674 438 3739 celo
471 3694 488 3737 :
575 3675 670 3737 ita
742 3674 866 3735 erit
957 3673 1282 3735 adventus
1367 3670 1482 3735 filii

289 3761 594 3827 hominis,
670 3761 780 3825 Re.
816 3760 1065 3825 Civitas
1093 3760 1484 3823 hierusalem

289 3850 426 3914 noli
447 3849 602 3914 flere
619 3850 930 3933 quoniam
952 3848 1161 3912 doluit
1180 3848 1488 3912 dominus

290 3959 491 4021 super
520 3948 602 4003 te.
689 3939 785 4001 'Et
809 3936 1060 4001 auferet
1090 3958 1130 4001 a
1159 3946 1228 4000 te
1257 3956 1488 3999 omnes

289 4024 794 4091 tribulationes⁶
882 4024 935 4099 Y
1011 4025 1186 4089 Ecce
1273 4025 1488 4088 domi-

289 4126 488 4180 nator
503 4114 810 4179 dominus
828 4134 979 4178 cum
994 4114 1234 4178 virtute
1252 4112 1488 4177 veniet.

297 4205 406 4270 Et.
1195 4200 1406 4265 Lectio
1427 4222 1487 4265 v.

548 4354 744 4403 rasym:
779 4336 839 4387 E.
871 4355 886 4397 ;
921 4336 1112 4387 rasim:
1147 4336 1213 4387 G.

496 4406 562 4436 ²⁸
582 4404 662 4454 et’
689 4420 809 4453 om:
845 4404 978 4453 EG.

497 4472 517 4502 ⁸
549 4478 721 4520 contra
751 4478 802 4519 te
829 4470 1014 4531 assyria
1047 4468 1260 4531 (assirim
1293 4468 1358 4519 G.
1369 4484 1386 4531 3
1419 4482 1494 4517 as-

431 4537 596 4603 syria:
630 4535 780 4595 W.:)
816 4535 1040 4586 EUGW.

499 4606 518 4634 ⁴
556 4602 664 4652 ‘’et
687 4602 822 4652 add:
857 4602 1082 4653 EUGW.

2120 477 2228 534 80

1785 580 2044 647 addidit
2074 583 2140 646 in
2173 584 2765 668 consequentibus:

1724 669 1804 732 In
1858 670 1971 734 illa
2022 681 2216 736 nocte
2270 682 2460 736 erunt
2510 674 2645 737 duo
2699 676 2765 738 in·

1573 757 1749 822 lecto
1803 779 1975 823 uno:
2034 779 2201 824 unus
2244 771 2653 826 assumetur:
2698 773 2769 826 et

1571 845 1741 909 alter
1752 845 2169 930 relinquetur.
2203 849 2469 912 Movet⁷
2489 849 2767 914 sortasse

1574 954 1696 997 nos
1726 935 1997 999 fratres:
2041 956 2157 1000 cur
2186 937 2493 1001 dominus
2524 939 2768 1002 adven-

1571 1031 1717 1086 tum
1793 1043 1985 1086 suum
2061 1025 2357 1089 indicans
2426 1028 2638 1091 noctis
2697 1047 2769 1090 se

1572 1119 1872 1194 tempore
1907 1113 2269 1178 ostenderit
2314 1114 2768 1179 adventurum.

1577 1200 1831 1281 Utique
1848 1201 1991 1283 ejus
2012 1202 2333 1266 adventus
2354 1221 2597 1286 magna
2617 1223 2767 1267 cum

1573 1287 1872 1352 claritate
1900 1289 2071 1354 diei:
2116 1310 2363 1373 magno
2378 1310 2530 1354 cum
2556 1292 2769 1355 nitore

1573 1385 1642 1442 et
1660 1377 1897 1440 timore
1919 1378 2159 1461 suscipi
2191 1379 2473 1442 debent⁸
2504 1401 2545 1442 a
2574 1399 2769 1444 cunc-

1576 1465 1678 1528 tis·
1771 1464 1888 1529 Re.
1947 1466 2123 1530 Ecce
2180 1467 2401 1531 veniet
2458 1467 2768 1532 dominus

1573 1561 1909 1636 protector
1966 1564 2190 1618 noster
2240 1563 2507 1620 sanctus
2559 1557 2768 1621 israel.

1575 1640 1906 1706 Coronam
1940 1645 2120 1726 regni
2153 1643 2402 1708 habens
2442 1646 2510 1707 in
2553 1645 2768 1729 capite

1573 1749 1712 1793 suo.
1800 1729 1853 1805 Y
1900 1731 1991 1794 Et
2037 1732 2483 1796 dominabitur
2522 1755 2562 1796 a
2605 1735 2768 1797 mari

1573 1837 1784 1900 usque
1844 1819 1932 1883 ad
1993 1840 2210 1884 mare:
2271 1829 2340 1884 et
2398 1841 2440 1883 a
2498 1821 2768 1885 flumine

1575 1925 1785 1989 usque
1836 1905 1922 1970 ad
1983 1908 2298 1972 terminos
2358 1909 2535 1973 orbis
2580 1919 2769 1974 terre.

1577 1994 1928 2059 Coronam.
2442 1998 2655 2061 Lectio
2683 1999 2767 2073 vj.

1586 2081 1843 2248 Quod
1875 2065 2099 2147 autem
2132 2083 2263 2148 ait:
2312 2085 2391 2147 In
2423 2085 2535 2148 illa
2574 2096 2771 2150 nocte

1712 2180 1903 2235 erunt
1931 2172 2115 2235 duo
2097 2192 2164 2235 1n
2197 2171 2367 2236 lecto
2398 2193 2569 2237 uno:
2600 2194 2769 2238 unus

1577 2268 1985 2324 assumetur:
2031 2267 2097 2323 et
2142 2280 2312 2325 unus
2354 2260 2770 2343 relinquetur.

1581 2345 1762 2411 Hinc
1786 2346 1927 2429 jam
1958 2349 2441 2413 resurrectionis
2461 2351 2767 2413 meritum

1578 2434 2099 2500 demonstratur:
2120 2438 2297 2518 quod
2319 2457 2438 2520 pro
2451 2438 2771 2520 qualitate

1577 2523 1839 2589 vivendi
1870 2526 1955 2590 sit
1985 2527 2198 2608 gratia
2229 2527 2605 2609 resurgendi
2632 2549 2647 2592 :
2693 2548 2771 2593 ac

1576 2621 1837 2677 tantam
1891 2613 1957 2677 in
1989 2614 2262 2697 singulis
2291 2615 2771 2698 quibusquam⁹

1578 2702 2065 2767 resurrectionis
2083 2723 2225 2767 esse
2244 2703 2625 2768 distantiam
2650 2726 2665 2769 :
2699 2714 2772 2769 ut

1577 2789 1839 2853 duobus
1900 2792 2102 2854 etiam
2152 2793 2395 2874 pariter
2441 2793 2775 2857 dormien-

1576 2878 1755 2941 tibus
1799 2888 1869 2943 et
1912 2899 2044 2942 una
2088 2881 2243 2943 sede
2287 2880 2773 2962 quiescentibus

1577 2966 1831 3047 equalis
1884 2987 2017 3030 non
2070 2968 2283 3050 possit
2323 2989 2466 3032 esse
2517 2990 2772 3034 assum-

1577 3055 1736 3137 ptio.
1805 3055 2049 3119 Lectus
2068 3056 2243 3119 enim
2264 3058 2531 3139 quidem
2552 3068 2777 3122 noster

1578 3143 1949 3207 communis
1998 3152 2099 3207 est
2159 3153 2328 3207 terre
2372 3145 2569 3228 hujus
2631 3167 2771 3210 am-

1579 3230 1947 3314 plissimum
2009 3230 2263 3297 solum:
2323 3234 2391 3297 in
2443 3254 2579 3316 quo
2631 3255 2773 3298 cor-

1579 3339 1742 3400 pora
1796 3328 2022 3384 nostra
2083 3320 2385 3402 deposita
2442 3323 2772 3388 tutissima

1581 3408 1739 3471 sede
1814 3408 2245 3492 requiescunt.
2363 3410 2478 3474 Re.
2584 3410 2773 3477 Sicut

1582 3505 1795 3559 mater
1821 3494 2197 3561 consolatur
2226 3496 2393 3561 filios
2440 3518 2631 3563 suos:
2680 3501 2774 3564 ita

1581 3584 1971 3649 consolabor
1991 3605 2109 3648 vos
2140 3586 2299 3649 dicit
2330 3586 2673 3651 dominus:
2706 3598 2774 3651 et

1581 3673 1666 3736 de
1686 3672 2077 3735 hierusalem
2098 3674 2363 3737 civitate
2382 3695 2582 3757 quam
2602 3674 2773 3758 elegi

1585 3762 1805 3824 veniet
1826 3746 2021 3823 vobis
2051 3760 2389 3826 auxilium.
2481 3763 2571 3826 Et
2594 3764 2774 3828 vide-

1569 3848 1743 3935 ·bitis
1760 3848 1807 3886 ¹⁰
1825 3858 1891 3912 et
1921 3849 2238 3930 gaudebit
2255 3869 2369 3912 cor
2388 3860 2693 3915 vestrum.
2727 3870 2775 3938 y

1591 3936 1833 3999 Dabo
1816 3956 1881 3999 in
1905 3956 2070 4018 syon
2105 3936 2424 4003 salutem:
2457 3948 2526 4003 et
2548 3940 2613 4003 in
2637 3940 2773 4004 hie-

1588 4024 1871 4088 rusalem
1895 4023 2170 4105 gloriam
2195 4046 2431 4091 meam.
2486 4029 2577 4093 Et
2595 4030 2774 4093 vide·

1586 4112 1756 4265 ξέξίιει.
1851 4112 2075 4178 Gloria
2121 4116 2311 4197 patri.
2404 4116 2495 4181 Et
2529 4118 2775 4200 gaude-

1661 4337 1682 4366 ⁸
1714 4334 1911 4400 fulgur:
1945 4337 2169 4389 E.G.W.

1662 4405 1916 4452 ‘omnem
1939 4404 2347 4456 tribulationem:
2382 4406 2441 4457 E.
2451 4406 2514 4457 G.
2520 4407 2605 4457 W.

1663 4470 1923 4519 ’monet.
1959 4470 2022 4519 G.
2282 4472 2522 4522 ⁸:debet
2556 4474 2617 4523 E.
2620 4474 2682 4524 G.
2690 4474 2771 4524 W.

1646 4535 2029 4631 ¹:quibusquv
2065 4536 2124 4585 Ε.
2128 4537 2189 4587 G.
2199 4538 2279 4587 W.
2382 4539 2418 4569 ¹⁰
2452 4539 2675 4589 videbis:
2710 4540 2773 4590 G.

1669 4603 1810 4665 ¹pro
1838 4602 2176 4665 ‘gaudebitis’
2202 4603 2463 4654 videbitis:
2498 4606 2559 4655 E.
2567 4606 2633 4656 G.
