3375 5100
1088 361 1209 415 DE
1254 358 2033 416 BENEDICTIONIBUS

842 466 1002 523 385

300 582 459 657 post
513 572 877 656 prandium
949 596 1093 639 cum
1160 572 1513 657 antiphona

321 663 653 727 Dominus
713 664 1076 745 tanquam.¹
1159 673 1261 745 ps.
1340 663 1511 729 Cum

314 752 709 815 invocarem.
783 760 883 832 ps'.
957 752 1037 815 In
1096 760 1164 814 te
1226 751 1509 815 domine.

298 848 403 921 ps'.
454 840 630 904 Ecce
674 859 865 903 nunc.
954 857 1003 927 y
1050 840 1347 904 Christus
1379 840 1510 903 fac-

313 938 427 991 tus
469 928 619 991 est!
708 927 902 991 Pater
947 929 1212 992 noster.⁸
1302 928 1393 991 Et
1431 948 1513 991 ne

315 1036 457 1079 nos.
523 1015 672 1097 Ego
701 1017 843 1078 dixi
874 1017 1005 1080 etc.⁴
1051 1026 1152 1098 ps‘.
1202 1017 1513 1079 Miserere

314 1104 466 1167 mei.
589 1103 947 1186 Subjuncta
1016 1104 1308 1167 continuo
1370 1114 1519 1186 post

298 1192 637 1273 psalmum
682 1193 979 1256 oratione.
1030 1193 1327 1276 Respice.
1363 1204 1509 1275 pre-

313 1280 513 1343 misso
573 1289 803 1345 tamen.
902 1280 1203 1347 OremuS.
1296 1282 1511 1363 Signa

312 1389 442 1432 non
460 1369 817 1450 pulsentur.

316 1462 384 1535 01
430 1458 537 1521 De
583 1456 1108 1522 benedictionibus
1162 1467 1224 1519 et
1260 1456 1511 1539 gratiis

296 1556 431 1627 per
453 1565 719 1609 annum.

310 1634 913 1767 Benedictiones
908 1644 970 1696 et
1000 1633 1221 1735 <gratie
1261 1654 1304 1695 a
1335 1633 1511 1716 festo

460 1732 674 1785 sancte
745 1723 1069 1786 trinitatis
1142 1742 1338 1803 usque
1422 1722 1518 1785 ad

310 1832 531 1875 cenam
578 1811 833 1875 domini
879 1810 1100 1874 diebus
1160 1810 1229 1873 in
1280 1810 1511 1892 quibus

310 1920 441 1963 non
514 1909 607 1963 est
657 1900 991 1983 jejunium
1017 1922 1041 1963 .·
1096 1908 1508 1981 preterquam

311 2008 359 2050 a
420 1989 766 2053 nativitate
811 1988 1065 2052 domini
1121 2008 1319 2069 usque
1358 1998 1511 2069 post

310 2086 609 2139 octavam
656 2075 1027 2158 Epiphanie
1049 2099 1073 2140 .·
1138 2075 1253 2139 ubi
1295 2086 1509 2139 muta-

310 2172 431 2228 tur
470 2165 645 2228 lectio
704 2175 780 2228 ut
836 2165 1036 2246 infra.
1127 2165 1272 2228 Hoc
1328 2165 1511 2228 modo

307 2253 622 2316 dicantur
650 2262 802 2315 ante
826 2253 1203 2334 prandium.
1299 2253 1507 2316 Bene-

308 2346 513 2410 dicite
564 2345 887 2408 dominus.
932 2343 1157 2405 statim
1208 2350 1519 2423 sequatur

312 2434 511 2500 Oculi
556 2433 869 2496 omnium.
916 2442 1020 2495 etc,
1068 2430 1295 2495 Gloria
1337 2430 1505 2513 patri

313 2532 421 2588 etc.
486 2521 925 2604 Kyrieleison.
982 2519 1506 2585 Christeeleison.

316 2611 752 2694 Kyrieleison.
847 2610 1040 2673 Pater
1084 2619 1321 2672 noster.
1416 2609 1507 2673 Et

310 2721 399 2763 ne
446 2719 581 2762 nos,
675 2698 973 2764 Oremus,
1055 2697 1340 2760 Benedic
1388 2697 1504 2760 do-

310 2791 495 2852 mine
553 2809 689 2852 nos
808 2788 930 2850 Per
990 2786 1325 2851 Christum
1387 2783 1505 2848 do-

308 2879 566 2940 minum
599 2884 913 2940 nostrum.
1004 2874 1243 2939 Amen.
1333 2873 1506 2955 Jube

309 2967 598 3030 domine.
713 2965 947 3027 Mense
1053 2963 1310 3026 celestis
1399 2973 1503 3025 etc.

311 3053 545 3118 Lectio.
662 3052 847 3116 Deus
919 3051 1219 3116 charitas,
1312 3071 1510 3132 usque

312 3143 709 3205 Maneamus
763 3141 830 3204 in
884 3141 1043 3223 ipso.
1106 3140 1271 3203 Post
1300 3151 1506 3221 pran-

305 3231 499 3293 dium
587 3229 771 3293 Deus
874 3230 1071 3311 paciS.
1196 3227 1511 3309 Sequitur

310 3318 785 3384 Confiteantur.
879 3317 1103 3381 Gloria
1148 3317 1335 3399 patri.
1400 3315 1501 3380 Si-

305 3416 421 3472 cut
474 3416 629 3470 erat.
722 3404 1008 3488 Agimus
1068 3405 1187 3468 tibi
1239 3403 1501 3486 gratias,

293 3505 394 3578 ps.
476 3494 780 3559 Laudate
854 3493 1196 3556 dominum
1272 3511 1502 3555 omnes

305 3592 557 3667 gentes,
650 3582 984 3665 Quoniam
1075 3579 1503 3645 confirmavit.

308 3672 541 3737 Gloria
592 3671 781 3754 patri.
874 3669 1062 3735 Sicut
1108 3678 1263 3733 erat.
1360 3669 1503 3750 Ky-

306 3761 611 3824 rieleison
662 3759 1186 3824 Christeeleison.
1276 3756 1501 3840 kyriel.

311 3851 505 3914 Pater
536 3858 775 3912 noster.
870 3847 960 3910 Et
1007 3867 1089 3911 ne
1134 3867 1270 3911 nos,
1352 3846 1503 3909 Dis-

305 3938 527 4021 persit.
607 3935 1025 4000 Benedicam.
1104 3936 1183 3999 In
1215 3935 1502 3998 domino,

308 4023 753 4109 Magnificate.
826 4025 930 4090 Sit
960 4043 1203 4114 nomen
1234 4023 1505 4088 domini.

408 4204 421 4234 ¹
464 4202 601 4252 ‘ovis
623 4203 689 4252 ad
720 4203 973 4253 victimam
998 4202 1174 4252 ductus
1196 4208 1270 4252 est
1308 4207 1358 4251 et
1403 4215 1505 4249 non

302 4271 499 4336 aperuit
522 4285 581 4320 os
604 4285 749 4318 suum
767 4269 937 4318 'add:
974 4269 1032 4318 E.
1042 4269 1105 4319 G.

465 4341 583 4400 ‘pro
600 4335 747 4385 nobis
760 4336 999 4384 obediens
1015 4351 1169 4399 usque
1193 4333 1257 4383 ad
1272 4341 1501 4382 mortem.

306 4403 527 4452 Mortem
552 4411 717 4452 autem
743 4402 901 4451 crucis
912 4401 1079 4450 ’:add
1116 4401 1176 4450 E.
1186 4401 1247 4449 G.

406 4471 427 4498 ⁸
467 4473 547 4517 ‘et
573 4470 683 4517 Ave
708 4467 899 4516 Maria’
922 4467 1058 4516 add:
1094 4467 1155 4516 E.
1164 4467 1225 4516 G.

410 4537 429 4566 ⁴
468 4539 481 4558 ⁸
500 4541 558 4582 ut
578 4541 731 4598 supra
755 4535 811 4583 in
820 4535 971 4598 seriis
991 4534 1063 4582 ad
1092 4533 1367 4582 matutinas
1398 4545 1513 4580 cum

2139 466 2295 522 886

1616 572 1931 655 Sequitur
1997 572 2138 637 sine
2209 572 2511 639 Oremus,
2589 574 2809 639 Retri-

1613 662 1830 726 buere.
1951 662 2432 726 Benedicamus
2517 663 2811 729 domin0.

1611 748 1764 813 Ave
1824 751 2050 834 regina
2108 750 2394 814 celorum
2450 762 2662 815 mater
2709 773 2806 815 re—

1610 839 1758 920 giS.⁵
1839 856 1879 925 γ
1942 840 2098 903 Post
2130 848 2410 921 partum.
2503 839 2789 904 Oremus

1615 927 1869 990 Meritis
1900 936 1968 989 et
1997 928 2300 1009 precibus
2329 936 2556 992 sancte
2589 930 2808 992 marie.

1611 1024 1673 1077 et
1720 1025 2028 1097 sequatur
2067 1015 2403 1079 benedictio
2445 1017 2812 1098 episcopalis

1609 1103 1676 1164 si
1696 1115 1960 1185 presens
1972 1104 2208 1183 fuerit.
2284 1104 2538 1167 Deinde
2549 1116 2674 1187 pro
2702 1106 2806 1168 de-

1594 1192 1857 1272 functis
1901 1193 2043 1274 sing
2051 1192 2181 1255 ulis
2229 1193 2450 1256 diebus
2474 1216 2498 1256 .·
2549 1194 2686 1256 nisi
2736 1194 2804 1255 in

1596 1280 1774 1359 sesto
1845 1281 2088 1361 duplici
2155 1291 2217 1343 et
2285 1281 2354 1344 in
2415 1281 2806 1345 hebdomada

1597 1368 1842 1448 pasche.
1918 1378 2018 1451 ps'.
2072 1370 2174 1433 De
2221 1370 2582 1451 profundis.
2661 1372 2805 1453 Ky-

1612 1456 1929 1520 rieleison.
1978 1457 2500 1522 Christeeleison.
2571 1459 2807 1541 Kyrie-

1610 1544 1834 1609 leison.
1900 1546 2093 1609 Pater
2122 1556 2360 1610 noster.
2428 1547 2518 1609 Et
2550 1568 2634 1610 ne
2665 1568 2806 1610 nos.

1613 1634 1956 1716 Requiem.
2020 1634 2252 1700 Cred0.
2306 1633 2377 1696 A
2407 1644 2615 1718 porta.
2671 1637 2807 1699 Do—

1611 1723 1828 1784 minus
1869 1723 2228 1787 vobiscum.
2320 1723 2618 1788 Oremus,
2699 1726 2808 1787 Fi-

1611 1810 1859 1873 delium
1903 1812 2082 1874 deus,
2173 1810 2308 1893 Qui
2355 1812 2535 1875 vivis.
2615 1812 2807 1875 Fide-

1611 1896 1772 1960 lium
1805 1898 2042 1961 anime.

1612 1990 1677 2064 π
1723 1985 1848 2048 Ad
1885 2007 2102 2049 cenam
2141 1996 2264 2069 per
2308 1996 2510 2051 totum
2557 2008 2805 2051 annum

1593 2083 1816 2156 preter
1859 2074 2319 2138 hebdomadam
2357 2075 2591 2157 pasche
2632 2077 2805 2139 dica-

1608 2172 1724 2225 tur
1751 2163 2128 2226 Benedicite
2158 2163 2481 2228 dominus
2554 2165 2804 2229 Cenam

1607 2249 2016 2315 sanctificet.⁶
2093 2251 2172 2315 In
2206 2252 2472 2315 nomine
2503 2254 2706 2335 patris
2739 2264 2805 2317 et

1608 2339 1723 2404 filii
1754 2349 1821 2403 et
1853 2340 2114 2422 spiritus
2146 2340 2372 2404 sancti.
2449 2341 2692 2405 Amen.

1610 2432 1675 2506 (1
1721 2429 1885 2490 Post
1923 2448 2138 2491 cenam
2184 2428 2579 2493 Benedictus
2625 2430 2802 2494 deuS.

1606 2516 2055 2598 Adjutorium.
2126 2517 2230 2584 Sit
2261 2537 2504 2582 nornen
2535 2518 2807 2583 domini.

1610 2607 2015 2670 Retribuere.
2076 2608 2226 2670 Ave
2261 2608 2499 2688 regina.
2543 2617 2647 2671 etc.
2700 2617 2803 2690 ps.

1610 2695 1716 2757 De
1763 2694 2102 2776 profundis
2153 2696 2250 2758 ad
2284 2716 2500 2760 cenam
2549 2717 2672 2760 non
2701 2697 2804 2760 di-

1605 2783 1791 2847 citur.
1903 2783 2147 2846 Diebus
2204 2805 2351 2847 vero
2388 2785 2644 2867 jejunii
2683 2796 2810 2868 per

1607 2880 1852 2953 tempus
1881 2872 2244 2952 predictum
2288 2883 2557 2955 tempore
2600 2875 2802 2956 quad-

1608 2960 1988 3041 ragesimali
2025 2970 2261 3042 excepto
2309 2971 2384 3024 ut
2431 2961 2616 3044 infra
2655 2974 2808 3027 ante

1591 3049 1954 3128 prandium
2002 3049 2314 3112 dicatur:
2365 3050 2588 3115 Edent
2642 3072 2802 3134 pau-

1608 3157 1811 3218 peres,
1865 3145 1971 3201 etc.
2033 3147 2108 3200 ut
2160 3148 2374 3220 supra.
2449 3160 2650 3239 usque
2714 3143 2814 3204 ad

1607 3224 2088 3288 benedictionem
2163 3247 2284 3308 que
2362 3227 2540 3290 erit:
2632 3228 2804 3293 Cibo

1609 3313 1978 3396 spiritualis,
2091 3315 2320 3378 Lectio.
2393 3315 2623 3380 Gratia
2683 3318 2804 3380 do-

1605 3402 1765 3465 mini
1815 3403 2018 3464 nostri
2064 3401 2220 3482 Jesu
2274 3402 2533 3468 Christi.
2609 3425 2808 3486 usque

1608 3491 1686 3552 In
1732 3489 1994 3555 Christo
2033 3491 2189 3572 Jesu
2238 3491 2512 3554 domino
2560 3503 2802 3558 nostr0.

1604 3579 1770 3642 Post
1824 3579 2200 3660 prandium.
2343 3579 2528 3644 Deus
2603 3583 2800 3663 paciS.

1608 3668 2000 3730 Memoriam
2056 3667 2222 3730 fecit.
2285 3677 2389 3730 etc.
2452 3676 2530 3730 ut
2583 3681 2798 3749 supra.

1607 3757 1690 3818 In
1785 3755 2128 3818 nativitate
2201 3753 2455 3818 domini
2543 3766 2799 3820 tantum

1604 3853 1901 3906 mutatur
1917 3843 1940 3881 ⁷
1999 3843 2173 3906 lectio
2216 3864 2334 3925 que
2391 3843 2517 3906 erit
2567 3845 2800 3928 Appa-

1604 3933 1734 3995 ruit
1765 3933 1977 4015 gratia
2008 3933 2132 3996 dei.
2176 3953 2374 4014 usque
2404 3935 2702 3997 vivamus
2735 3936 2800 4004 in

1604 4021 1732 4086 hoc
1793 4021 2032 4085 secu10.
2122 4020 2262 4084 Hec
2309 4021 2486 4086 lectio
2543 4023 2806 4088 dicatur

1597 4199 1804 4263 psalm
1880 4197 2144 4247 Miserere’
2168 4199 2304 4248 add:
2341 4201 2408 4250 E.
2420 4200 2478 4250 G.

1706 4267 1955 4312 “mater
1972 4265 2126 4328 regis’
2153 4281 2280 4315 om.:
2317 4267 2380 4316 G.

1706 4330 1876 4379 ⁸Hec
1898 4331 2000 4379 duo
2024 4333 2174 4381 verba
2208 4333 2260 4381 in
2279 4333 2426 4382 rubro
2457 4333 2806 4398 imprimuntur

1607 4395 1742 4492 apa?
1765 4396 2014 4512 ἐπίπαν.-
2052 4464 2109 4515 G.

2411 4630 2542 4680 CC
