3375 5100
1324 311 1748 370 DOMJNJCA
1797 313 2191 371 SECUNDA

1056 419 1195 475 215

522 529 835 592 invocant
886 546 1131 591 nomen
1192 527 1443 592 domini
1504 531 1710 594 nostri

520 617 681 699 Jesu
725 615 967 680 Christi
1021 617 1086 679 in
1118 618 1299 680 omni
1347 617 1493 682 loco
1538 617 1712 700 ipso-

524 725 670 768 rum
717 714 785 769 et
816 714 1057 768 nostro,
1152 705 1382 769 Gratia
1410 706 1599 770 vobis
1644 715 1714 770 et

524 815 664 876 pax
714 813 753 856 a
800 793 929 856 deo
976 801 1163 874 patre
1212 803 1439 857 nostro
1483 804 1551 857 et
1594 795 1712 858 do-

526 883 709 945 mino
736 881 895 963 Jesu
931 880 1209 945 Christ0.
1286 881 1716 965 Responsoria

526 980 603 1033 ut
632 970 701 1032 in
725 969 1047 1032 dominica
1061 971 1437 1052 precedenti.
1479 971 1619 1034 Lec.
1646 971 1714 1054 ij.

537 1059 855 1194 Gratias
904 1078 1032 1138 ago
1085 1058 1214 1121 deo
1261 1079 1411 1122 meo
1458 1079 1720 1141 semper

658 1167 776 1229 pro
820 1145 1009 1210 vobis
1060 1146 1126 1208 in
1171 1147 1384 1229 gratia
1435 1147 1541 1218 dei
1589 1141 1720 1230 qhe

527 1236 689 1298 data
741 1243 843 1298 est
886 1234 1077 1297 vobis
1130 1234 1197 1297 in
1236 1235 1501 1299 Christo
1544 1237 1720 1317 Jesu.

532 1322 709 1405 Quia
770 1323 836 1386 in
898 1324 1205 1386 omnibus
1264 1323 1501 1387 divites
1562 1325 1719 1388 facti

531 1413 690 1475 estis
737 1413 801 1474 in
850 1411 1002 1474 illo:
1048 1412 1114 1474 in
1148 1413 1329 1474 omni
1361 1413 1605 1476 verbo:
1652 1422 1721 1476 et

534 1501 601 1563 in
634 1499 813 1562 omni
862 1499 1175 1563 scientia:
1224 1501 1391 1564 sicut
1422 1503 1722 1564 testimo-

535 1590 719 1651 nium
754 1587 996 1652 Christi
1028 1587 1489 1652 confirmatum
1522 1599 1623 1653 est
1654 1591 1722 1652 in

533 1677 760 1740 vobis:
809 1677 901 1740 ita
932 1684 1005 1739 ut
1038 1675 1196 1739 nihil
1228 1677 1418 1740 vobis
1448 1678 1619 1741 desit
1656 1679 1723 1740 in

538 1765 669 1828 ulla
730 1765 990 1846 gratia:
1054 1767 1564 1846 expectantibus
1626 1787 1725 1829 re-

536 1853 933 1917 velationem
994 1853 1246 1916 domini
1308 1855 1513 1918 nostri
1562 1855 1724 1937 Jesu

539 1941 823 2006 Christi:
868 1941 981 2023 qui
1034 1950 1102 2005 et
1148 1942 1563 2007 confirmabit
1607 1963 1727 2006 vos

540 2049 747 2112 usque
795 2030 861 2091 in
903 2029 1103 2092 finem
1148 2032 1291 2094 sine
1344 2032 1613 2095 crimine
1660 2031 1726 2094 in

538 2119 648 2182 die
695 2119 1017 2182 adventus
1046 2119 1299 2183 domini
1331 2121 1537 2183 nostri
1568 2121 1728 2201 jesu

542 2207 803 2272 Christi.
1389 2209 1603 2272 Lectio
1634 2209 1728 2291 iij.

540 2295 884 2428 Fidelis
927 2295 1091 2360 deus
1136 2315 1257 2378 per
1284 2317 1483 2379 quem
1512 2297 1732 2361 vocati

696 2385 853 2447 estis
902 2384 967 2445 in
1008 2386 1395 2448 societatem
1428 2385 1542 2448 filii
1590 2385 1732 2467 ejus

541 2473 700 2557 Jesu
736 2471 978 2536 Christi
1008 2473 1263 2535 domini
1296 2475 1516 2537 nostri.
1594 2473 1735 2539 Ob:
1767 2503 1772 2508 ·

545 2582 731 2625 secro
776 2570 999 2624 autem
1030 2582 1147 2625 vos
1193 2561 1424 2626 fratres
1472 2584 1591 2645 per
1618 2579 1734 2626 no-
1767 2598 1775 2614 ι

548 2670 698 2713 men
732 2650 984 2713 domini
1028 2651 1232 2713 nostri
1263 2651 1419 2731 Jesu
1454 2651 1736 2716 Christi:

549 2747 622 2801 ut
684 2738 965 2819 idipsum
1030 2738 1263 2801 dicatis
1323 2759 1604 2804 omnes:
1670 2749 1737 2802 et

550 2844 683 2889 non
709 2826 930 2889 sintin
958 2826 1148 2889 vobis
1178 2827 1488 2891 scismata
1515 2850 1529 2892 :
1556 2828 1569 2865 ¹
1598 2828 1740 2891 sitis

552 2923 778 2978 autern
829 2912 1098 2996 perfecti
1153 2915 1219 2978 in
1262 2916 1497 2979 eodem
1544 2937 1739 2981 sensu

551 3011 619 3065 et
652 3003 719 3064 in
752 3002 985 3065 eadem
1017 3004 1307 3068 scientia.
1416 3005 1582 3068 Lect.
1616 3004 1739 3088 iiij.

552 3089 1092 3225 Significatum
1125 3101 1225 3154 est
1252 3091 1411 3156 mihi
1442 3094 1527 3157 de
1556 3094 1742 3158 vobis

684 3177 915 3242 fratres
964 3180 1093 3242 mei
1149 3180 1234 3244 ab
1282 3181 1384 3245 his
1427 3183 1539 3265 qui
1588 3192 1744 3246 sunt

555 3267 771 3331 cloes:
839 3268 995 3349 quia
1055 3271 1512 3333 contentiones
1573 3272 1746 3335 inter

554 3376 674 3420 vos
704 3366 875 3421 sunt.
944 3357 1097 3419 Hoc
1128 3367 1349 3421 autem
1380 3360 1531 3423 dico
1561 3360 1740 3443 quod

556 3446 1010 3527 unusquisque
1032 3455 1322 3510 vestrum
1356 3448 1515 3511 dicit
1542 3469 1557 3511 :
1596 3449 1744 3531 Ego

559 3534 827 3616 quidem
908 3554 1056 3597 sum
1118 3536 1297 3617 pauli
1331 3559 1347 3601 :
1425 3558 1552 3619 ego
1630 3557 1744 3601 au-

559 3633 694 3687 tem
764 3623 1030 3705 apollo:
1100 3645 1225 3707 ego
1284 3646 1439 3689 vero
1500 3627 1747 3709 cephe:

556 3731 683 3793 ego
716 3722 938 3775 autem
973 3713 1233 3777 Christi.
1442 3715 1659 3779 Lectio
1690 3736 1748 3779 v.

560 3801 913 3932 Divisus
945 3810 1046 3864 est
1068 3822 1226 3881 ergo
1254 3802 1553 3867 Christus
1585 3824 1750 3867 nun-

716 3889 874 3970 quid
938 3892 1171 3971 paulus
1239 3892 1589 3956 crucifixus
1652 3902 1751 3957 est

563 3996 683 4057 pro
713 3977 942 4041 vobis:
990 3988 1104 4041 aut
1152 3980 1215 4041 in
1266 3982 1532 4044 nomine
1574 3982 1751 4064 pauli

561 4064 879 4146 baptizati
958 4067 1165 4130 estis?
1288 4068 1549 4133 Gratias
1625 4091 1755 4152 ago

566 4152 738 4216 deo²
798 4154 977 4234 quod
1059 4157 1388 4220 neminem
1464 4167 1757 4223 vestrum

564 4241 925 4323 baptizavi:
957 4244 1079 4305 nisi
1104 4246 1390 4327 crispum
1416 4256 1483 4310 et
1505 4247 1762 4329 gaium:

800 4393 811 4421 ¹
850 4390 1135 4443 schismata:
1175 4395 1238 4444 G.

796 4460 817 4489 ²
856 4459 1026 4507 ‘meo’
1051 4460 1172 4509 add:
1210 4461 1421 4512 E.G.w.

796 4526 817 4554 ¹
850 4529 1111 4591 sttphane:
1148 4528 1359 4578 E.G.w.

2345 419 2482 476 216

1819 550 1902 594 ne
1962 529 2110 612 quis
2169 529 2347 593 dicat
2395 527 2576 612 quod
2631 527 2696 591 in
2745 527 3012 591 nomine

1820 638 1972 682 meo
2001 618 2320 700 baptizati
2351 618 2526 680 estiS.
2681 616 2898 680 Lectio
2927 615 3012 698 vj.

1967 707 2249 788 aptizavi
2294 715 2518 770 autem
2550 714 2619 770 et
2651 704 3015 787 Stephani⁸

1965 795 2290 859 domum:
2351 805 2640 859 ceterum
2693 795 2913 857 nescio
2957 793 3012 854 si

1822 902 2021 966 quem
2098 883 2302 947 aliurn
2345 892 2640 946 vestrum
2715 881 3013 964 baptiza-

1823 972 2048 1036 verim.
2192 971 2346 1035 Non
2423 972 2602 1035 enim
2679 972 2858 1033 misit
2904 989 3012 1032 me

1829 1061 2128 1125 Christus
2159 1059 2533 1142 baptizare:
2581 1059 2696 1124 sed
2727 1078 3014 1140 evange-

1825 1149 2064 1212 lizare:
2111 1168 2243 1211 non
2305 1149 2370 1211 in
2425 1147 2748 1230 sapientia
2793 1146 3014 1210 verbi:

1827 1246 1900 1300 ut
1953 1256 2086 1299 non
2134 1244 2490 1300 evacuetur
2535 1257 2696 1299 crux
2753 1235 3014 1299 Christi.

1827 1325 2123 1390 Verbum
2153 1327 2328 1388 enim
2355 1326 2561 1389 crucis
2597 1322 3017 1405 pereuntibus

1829 1413 2097 1496 quidem
2129 1413 2448 1477 stulticia⁴
2479 1435 2492 1476 :
2539 1413 2680 1476 his⁶
2710 1413 2822 1494 qui
2853 1409 3017 1473 salvi

1827 1501 1986 1566 sacti
2039 1501 2245 1565 fiunt:
2303 1501 2369 1564 id
2417 1510 2518 1564 est
2570 1500 2760 1564 nobis
2811 1501 3018 1563 virtus

1831 1591 1936 1655 dei
1969 1601 2085 1654 est.
2268 1590 2632 1652 Secundum
2644 1589 3019 1670 johanne-tn.

1831 1681 1980 1812 ln
2015 1678 2128 1741 illo
2157 1688 2499 1760 ternpore:
2548 1677 2800 1760 Nuptie
2847 1676 3021 1740 facte

1937 1775 2092 1830 sunt
2143 1767 2210 1829 in
2260 1765 2469 1830 chana
2512 1765 2750 1848 galilee
2780 1774 2848 1828 et
2879 1773 3021 1828 erat

1833 1865 2048 1919 mater
2075 1855 2232 1937 Jesu
2265 1855 2373 1918 ibi.
2465 1855 2558 1918 Et
2587 1854 2874 1936 reliquia.

1839 1944 2092 2010 Omelia
2149 1942 2530 2006 venerabilis
2579 1942 2727 2006 bede
2759 1939 3022 2024 presby-

1837 2033 1974 2096 teri.
2667 2030 2880 2094 Lectio
2909 2029 3022 2111 vis:

1839 2119 2402 2254 Discumbente
2495 2119 2719 2201 itaque
2791 2117 3025 2181 fratres

1995 2209 2268 2272 domino
2327 2208 2413 2271 ad
2475 2208 2739 2290 nuptias
2799 2207 3026 2271 vinum

1841 2297 2122 2363 defecit:
2170 2305 2244 2360 ut
2274 2296 2543 2360 meliore
2571 2297 2726 2360 vino
2767 2316 2885 2378 per
2927 2295 3028 2376 ip-

1841 2407 1990 2450 sum
2023 2385 2302 2449 mirabili
2350 2385 2580 2448 ordine
2610 2383 2786 2448 facto
2818 2383 3034 2447 mani-

1842 2473 2220 2539 festaretur⁶
2267 2472 2478 2557 gloria
2527 2473 2591 2535 in
2640 2473 2908 2537 homine
2937 2471 3035 2534 la·-

1842 2566 2043 2628 tentis
2073 2564 2221 2627 dei:
2252 2574 2320 2627 et
2341 2562 2749 2627 credentium
2783 2565 2848 2625 in
2881 2580 3034 2625 eum

1843 2652 2010 2716 fides
2097 2651 2457 2733 proficeret.
2608 2652 2808 2735 Quod
2871 2650 3034 2713 dicit

1845 2741 2001 2823 quid
2066 2740 2226 2803 mihi
2285 2748 2354 2804 et
2418 2738 2540 2802 tibi
2606 2750 2708 2804 est
2769 2738 3034 2801 mulier:

1845 2828 2172 2912 significat
2207 2849 2337 2891 non
2369 2849 2438 2891 se
2459 2828 2826 2893 divinitatis
2859 2827 3036 2909 prin-

1846 2919 2090 3001 cipium
2117 2940 2150 2981 :.
2178 2938 2311 2999 qua
2357 2917 2672 2980 miracula
2718 2925 2858 2979 erat
2903 2914 3039 2977 sac-

1847 3016 2034 3070 turus
2085 3005 2536 3088 temporaliter
2581 3006 2910 3087 accepisse
2954 3003 3042 3065 de

1852 3104 2101 3159 matre:
2154 3094 2270 3157 sed
2317 3095 2734 3158 eternitatem
2783 3111 3045 3174 semper

1851 3183 2159 3247 habuisse
2188 3184 2274 3246 de
2306 3192 2510 3265 patre.
2643 3181 2860 3245 Lectio
2903 3180 3043 3262 viij.

1855 3272 2281 3405 Nondum
2343 3272 2557 3353 inquit
2629 3271 2811 3333 venit
2885 3267 3048 3331 hora

2032 3380 2220 3424 mea:
2253 3369 2326 3423 ut
2358 3359 2780 3440 fragilitatem
2819 3377 3048 3438 sump-

1851 3459 1920 3513 te
1972 3448 2404 3512 humanitatis
2453 3470 2542 3513 ex
2602 3458 2714 3512 te:
2763 3447 3046 3510 morien-

1852 3539 1943 3602 do
1991 3538 2457 3601 demonstrem.
2549 3537 2734 3600 Prius
2786 3544 2924 3599 est:
2973 3542 3048 3596 ut

1854 3628 2220 3711 potentiam
2274 3636 2548 3689 externe
2595 3625 2860 3692 deitatis
2918 3623 3048 3685 vir—

1856 3724 2034 3779 tutes
2064 3715 2401 3797 operando
2433 3714 2850 3796 patefaciam.
2911 3711 3048 3775 Ve-

1857 3806 1957 3868 nit
2015 3825 2174 3886 ergo
2227 3802 2390 3866 hora
2443 3803 2712 3867 fratres:
2767 3810 2840 3864 ut
2887 3799 3046 3882 quid

1857 3893 1980 3956 sibi
2013 3902 2080 3955 et
2113 3892 2307 3955 matri
2327 3912 2677 3955 commune
2698 3899 2869 3954 esset
2889 3890 3052 3952 deus

1857 3980 2274 4045 ostenderet:
2323 4000 2471 4043 cum
2520 4001 2667 4044 eam
2701 3979 3054 4041 moriturus

1861 4071 1927 4133 in
1973 4091 2162 4133 cruce
2209 4068 2535 4151 discipulo
2583 4067 2858 4150 virgini:
2913 4084 3056 4127 ma-

1859 4168 2028 4221 trem
2079 4159 2398 4240 virginem
2449 4156 2911 4221 commendare
2943 4175 3056 4218 cu-

1864 4247 2050 4311 ravit.
2730 4243 2943 4309 Lectio
2974 4242 3058 4305 ix.

2026 4400 2044 4427 ⁴
2085 4395 2212 4444 ‘est’
2238 4396 2360 4444 add:
2397 4395 2607 4445 E.G.W.

2023 4465 2044 4493 ⁸
2083 4462 2449 4511 ‘autem'add:
2487 4462 2698 4511 13.G.W.

2027 4531 2046 4559 ⁸
2080 4528 2438 4578 manifestetur:
2479 4528 2536 4576 E.
