3375 5100
1138 352 1397 409 FERJA
1448 352 1844 410 SECUNDA
1897 352 2023 407 AD
2049 334 2054 339 ’
2079 352 2524 409 VESPERAS.

1118 463 1259 519 877

580 568 871 636 vitemus
900 590 1101 633 omne
1124 570 1404 633 noxium
1426 590 1786 652 purgemus

582 678 785 721 omne
814 660 1195 741 pessimum.
1284 659 1524 721 Presta
1556 659 1786 742 pater.¹

589 746 937 827 Dirigatur
1010 748 1281 811 domine
1341 748 1556 811 oratio
1618 768 1786 811 mea.

586 836 777 900 Sicut
808 836 1147 899 incensum
1172 836 1240 898 in
1255 846 1611 919 conspectu
1626 836 1790 901 tu0.²

586 928 653 1001 ἦ
684 924 883 987 Feria
915 924 981 1007 ij.
1012 925 1108 988 ad
1136 936 1427 1006 vesperas
1474 934 1583 989 αῆ.
1678 925 1788 988 In-

592 1013 911 1077 dinavit!
1438 1014 1786 1095 psalmus.⁴

746 1101 905 1165 ilexi
1024 1102 1343 1183 quoniam
1466 1103 1788 1165 exaudiet

742 1190 1054 1253 dominus
1144 1210 1377 1255 vocem
1470 1191 1787 1253 orationis

588 1298 753 1341 mee.
896 1278 1070 1357 Quia
1143 1279 1483 1344 inclinavit
1556 1299 1784 1342 aurem

586 1388 779 1429 suam
839 1368 1041 1431 mihi:
1089 1376 1157 1429 et
1211 1368 1277 1430 in
1338 1369 1574 1431 diebus
1620 1368 1787 1431 meis

588 1456 931 1520 invocabo,
1046 1455 1610 1521 circundederunt
1677 1476 1788 1519 me

588 1544 853 1607 dolores
903 1545 1173 1609 mortis:
1240 1554 1308 1609 et
1356 1544 1645 1627 pericula
1691 1545 1788 1607 in-

586 1631 753 1695 ferni
786 1634 1178 1696 invenerunt
1210 1653 1333 1697 me.
1434 1632 1790 1697 Tribulati-

584 1740 785 1783 onem
797 1731 864 1784 et
882 1722 1179 1785 dolorem
1194 1722 1411 1785 inveni
1429 1744 1444 1787 :
1466 1730 1533 1785 et
1544 1742 1790 1785 nomen

586 1809 844 1873 domini
892 1811 1209 1873 invocavi.
1304 1811 1363 1875 0
1410 1811 1681 1873 domine
1714 1811 1790 1874 li-

590 1897 753 1961 bera
800 1900 1093 1962 animam
1144 1919 1363 1963 meam
1419 1899 1788 1962 misericors

587 1987 901 2050 dominus
932 1998 1000 2051 et
1027 1986 1283 2067 justus:
1330 1995 1399 2050 et
1438 1990 1603 2052 deus
1636 2007 1788 2051 nos-

582 2084 691 2139 ter
720 2076 1030 2139 miseret.²⁵
1104 2076 1162 2142 C
1175 2076 1515 2140 ustodiens
1546 2097 1788 2159 parvu-

588 2163 690 2227 los
722 2165 1033 2228 dominus
1062 2186 1077 2227 :
1123 2165 1508 2228 humiliatus
1539 2186 1683 2227 sum
1719 2174 1788 2230 et

586 2252 892 2317 liberavit
923 2274 1047 2316 me.
1144 2252 1538 2318 Convertere
1564 2254 1788 2319 anima

584 2362 741 2404 mea
800 2342 867 2404 in
956 2342 1250 2424 requiem
1324 2352 1553 2406 tuam:
1629 2343 1788 2424 quia

582 2429 899 2493 dominus
974 2430 1304 2495 benefecit
1376 2432 1517 2495 tibi.
1614 2430 1787 2509 Quia

581 2519 829 2601 eripuit
860 2520 1151 2584 animam
1185 2540 1403 2584 meam
1426 2520 1511 2583 de
1541 2529 1784 2584 morte:

582 2607 819 2672 oculos
850 2629 1033 2672 meos
1082 2630 1123 2672 a
1168 2608 1533 2673 lachrimis:
1580 2611 1788 2691 pedes

582 2717 775 2760 meos
808 2719 849 2761 a
879 2697 1085 2780 lapsu.
1147 2698 1445 2761 Placebo
1467 2699 1744 2761 domino
1772 2719 1787 2761 ε

589 2786 659 2848 in
690 2786 957 2868 regione
988 2787 1331 2850 vivorum.⁶
1384 2786 1519 2850 Αῆ.
1590 2786 1787 2851 Incli-

584 2875 773 2936 navit
802 2875 1115 2938 dominus
1148 2895 1373 2939 aurem
1392 2896 1581 2938 suam
1608 2876 1786 2939 mihi.

582 2963 722 3026 Αῆ.
773 2963 1086 3027 Credidi!
1443 2965 1790 3046 psalmus.⁸

598 3052 949 3185 Credidi
984 3061 1255 3136 propter
1304 3053 1487 3134 quod
1530 3053 1790 3117 locutus

737 3160 925 3204 sum:
971 3161 1099 3223 ego
1130 3151 1353 3205 autem
1400 3141 1789 3205 humiliatus

582 3248 739 3290 sum
768 3229 984 3292 nimis.
1074 3229 1229 3312 Ego
1248 3229 1389 3292 dixi
1422 3231 1489 3292 in
1510 3251 1788 3294 excessu

584 3337 785 3382 meo:
892 3317 1108 3380 omnis
1189 3318 1393 3381 homo
1470 3321 1784 3384 mendax,

598 3405 776 3485 Quid
858 3406 1217 3470 retribuam
1272 3407 1590 3472 domino:
1666 3429 1789 3490 pro

583 3495 905 3558 omnibus
994 3515 1124 3577 que
1212 3496 1516 3558 retribuit
1605 3496 1788 3560 mihi.

598 3583 881 3649 Calicem
944 3585 1247 3647 salutaris
1307 3585 1661 3666 accipiam:
1721 3591 1790 3647 et

582 3692 836 3735 nomen
868 3673 1122 3735 domini
1171 3673 1510 3736 invocabo,
1618 3673 1792 3737 Vota

586 3781 743 3824 mea
772 3761 1046 3824 domino
1080 3761 1355 3825 reddam
1386 3781 1613 3825 coram
1645 3782 1788 3825 om-

692 3964 707 3994 ¹
750 3964 765 3990 ‘
797 3963 1019 4029 piissime
1062 3963 1291 4029 patrique
1334 3980 1541 4029 compar
1596 3969 1743 4014 unice
1773 3983 1786 4014 t

582 4045 706 4080 <zum
750 4029 925 4094 spiritu
971 4031 1224 4095 paraclvto
1261 4047 1472 4095 regnans
1506 4047 1596 4095 per
1640 4047 1790 4080 omne

580 4096 825 4146 seculum.
888 4097 1071 4146 Amen.
1146 4099 1213 4160 [A
1262 4098 1525 4146 nativitate
1558 4098 1753 4146 domini
1769 4114 1789 4146 .·

596 4163 683 4226 G.]
725 4163 888 4227 Usque
906 4164 978 4211 ad
984 4164 1385 4228 pun'ficationem
1405 4164 1595 4213 dt'citur
1612 4163 1792 4212 Gloria

586 4229 684 4279 tibi
706 4229 909 4278 domine
930 4229 1038 4280 etc.’
1058 4231 1191 4278 add:
1227 4231 1293 4279 E.
1307 4231 1366 4280 G.

691 4297 712 4324 ²
750 4301 765 4323 ⁸
780 4297 877 4344 Iste
902 4297 1175 4346 versiculus
1192 4297 1378 4345 dicitur
1396 4295 1471 4344 ad
1483 4303 1705 4361 vesperas
1735 4296 1792 4345 in

583 4361 819 4410 «omnibus
839 4363 1096 4412 dominicis
1115 4363 1282 4412 diebus
1296 4370 1344 4412 et
1345 4363 1499 4426 serus
1520 4379 1552 4411 a
1572 4363 1792 4412 Domine

584 4428 735 4543 {²3²0ss
756 4444 1008 4544 3123?ss
1015 4429 1580 4546 uzdffl'zsffz’ssz
1628 4431 1796 4546 ἐξιεῖ

582 4561 651 4609 de
668 4562 929 4656 limpor-ali
945 4513 1138 4624 agiluZ'
1122 4562 1295 4611 ':acld
1329 4563 1398 4611 E.
1410 4563 1468 4610 G.
1595 4513 1629 4561 q

757 4631 891 4676 ‘Ar-e.
936 4628 1235 4678 Inclinavit'
1256 4645 1383 4678 om.-
1372 4666 1383 4678 .
1412 4629 1544 4678 E.G.

2403 464 2550 521 8⁷8

1886 569 1954 633 ni
1985 569 2234 653 populo
2264 569 2324 651 ej
2335 592 2410 634 us
2436 593 2453 635 :
2499 570 2799 654 preciosa
2829 570 2900 635 in
2929 592 3095 637 con-

1885 669 2116 740 spectu
2159 660 2410 723 domini
2471 680 2649 723 mors
2700 670 3091 725 sanctorum

1887 748 2048 828 ejus,
2143 746 2204 812 0
2231 749 2502 812 domine
2533 749 2692 831 quia
2709 770 2838 831 ego
2857 770 3093 813 servus

1887 845 2079 900 tuus:
2111 856 2240 919 ego
2299 857 2525 901 servus
2571 848 2725 900 tuus
2797 848 2868 901 et
2913 838 3092 901 filius

1887 922 2122 988 ancille
2197 936 2327 989 tue.
2417 925 2745 1009 Dirupisti
2819 928 3095 991 vincula

1887 1032 2038 1077 mea
2069 1014 2187 1077 tibi
2217 1012 2604 1077 sacrificabo
2623 1014 2913 1077 hostiam
2949 1016 3095 1079 lau-

1887 1102 1990 1164 dis
2017 1124 2032 1165 :
2080 1111 2148 1165 et
2177 1122 2424 1166 nomen
2449 1104 2706 1166 domini
2739 1104 3095 1168 invocabo,

1905 1190 2081 1255 Vota
2141 1211 2293 1254 mea
2352 1192 2624 1254 domino
2685 1192 2966 1255 reddam
3024 1195 3094 1257 in

1887 1290 2244 1361 conspectu
2291 1281 2509 1343 omnis
2538 1280 2766 1362 populi
2799 1282 2944 1362 ejus
2975 1303 2992 1345 ε
3025 1283 3094 1345 in

1887 1368 2070 1430 atriis
2093 1367 2334 1431 domus
2357 1369 2614 1432 domini
2649 1369 2716 1431 in
2738 1369 2967 1432 medio
2989 1371 3094 1433 tui

1887 1455 2331 1520 hierusalem.⁹
2397 1458 2530 1521 Ari.
2595 1456 2866 1521 Credidi
2887 1478 3093 1540 prop-

1888 1553 1991 1607 ter
2019 1544 2202 1627 quod
2233 1545 2494 1611 locutus
2525 1566 2690 1609 sum.
2753 1555 2846 1609 aii
2910 1546 3093 1609 Lau-

1889 1633 2121 1697 date.¹⁰
2709 1634 3087 1716 psalmus.¹¹

1888 1722 2273 1853 Laudate
2302 1721 2648 1786 dominum
2671 1742 2902 1786 omnes
2923 1743 3092 1805 gen-

2023 1819 2168 1875 tes:
2266 1811 2538 1875 laudate
2621 1832 2776 1874 eum
2849 1832 3094 1875 omnes

1887 1899 2134 1980 populi.
2215 1898 2548 1978 Quoniam
2576 1899 2969 1963 confirmata
2988 1912 3094 1965 est

1887 2006 2086 2068 super
2097 2008 2218 2051 nos
2239 1989 2683 2051 misericordia
2696 1989 2841 2069 ejus
2869 1998 2966 2052 :et
2979 2010 3095 2053 ve-

1888 2076 2049 2138 ritas
2095 2076 2349 2140 domini
2404 2086 2632 2140 manet
2667 2078 2732 2139 in
2763 2086 3093 2142 eternum.

1885 2164 2020 2229 Αῆ.
2082 2164 2386 2229 Laudate
2445 2165 2790 2229 dominum
2853 2186 3097 2229 omnes

1885 2262 2138 2333 gentes,

1887 2345 1954 2418 ff
1984 2341 2070 2403 In
2093 2342 2140 2379 ¹²
2171 2341 2450 2424 vesperis
2461 2341 2969 2405 transiliendum
2991 2352 3098 2405 est

1883 2429 2120 2493 abhinc
2177 2452 2377 2512 usque
2419 2430 2516 2493 ad
2570 2432 2909 2513 psalmum
2971 2432 3093 2495 Ad

1883 2519 2231 2582 dominum
2265 2540 2416 2584 cum
2448 2519 2808 2585 tribularer.
2937 2521 3098 2603 piu

1903 2608 2382 2742 Confitemini
2437 2611 2712 2672 domino
2767 2609 3096 2691 quoniam

2010 2697 2264 2762 bonus:
2311 2699 2627 2798 quoniam
2675 2699 2741 2760 in
2789 2699 3094 2761 seculum

1889 2786 2338 2850 misericordia
2399 2787 2555 2868 ejus
2646 2786 2853 2850 Dicat
2913 2807 3094 2850 nunc

1889 2873 2096 2937 israel.
2130 2877 2446 2957 quoniam
2480 2864 2731 2939 bonus:
2764 2877 3085 2957 quoniam

1891 2963 1957 3025 in
1979 2962 2276 3026 seculum
2297 2963 2914 3044 misericordiaejuS.
2964 2964 3092 3028 Di-

1890 3061 1997 3115 cat
2009 3072 2183 3116 nunc
2211 3053 2452 3116 domus
2477 3072 2718 3116 aaron:
2763 3054 3090 3134 quoniam

1890 3141 1956 3202 in
1969 3141 2264 3204 seculum
2290 3142 2737 3204 misericordia
2767 3141 2825 3222 ej
2835 3161 2930 3205 us,
2961 3141 3092 3204 Di-

1889 3238 2046 3291 cant
2075 3249 2252 3293 nunc
2281 3231 2396 3311 qui
2429 3230 2668 3292 timent
2691 3230 3046 3293 dominum
3075 3251 3092 3294 ε

1887 3319 2206 3399 quoniam
2229 3318 2295 3380 in
2317 3317 2612 3381 seculum
2639 3318 3093 3382 misericordia

1886 3405 2046 3486 ejus
2136 3407 2250 3469 De
2301 3405 2731 3469 tribulatione
2781 3407 3092 3470 invocavi

1887 3495 2278 3558 dominum:
2333 3503 2402 3558 et
2445 3495 2792 3558 exaudivit
2857 3515 2968 3558 me
3025 3497 3094 3558 in

1887 3583 2238 3647 latitudine
2291 3584 2617 3647 dominus
2753 3583 3098 3646 Dominus

1891 3671 2051 3734 mihi
2084 3672 2388 3755 adjutor:
2435 3691 2569 3734 non
2623 3671 2879 3734 timebo
2929 3672 3095 3754 quid

1893 3759 2096 3824 faciat
2199 3759 2360 3824 mihi
2437 3760 2658 3824 homo,
2750 3760 3096 3824 Dominus

1987 3965 2008 3995 ⁴
2030 3971 2108 4028 ps.
2137 3963 2290 4029 cxiiij.
2314 3981 2333 4012 .·
2370 3963 2426 4014 S.

1987 4031 2008 4060 ⁸
2041 4031 2333 4080 miseretur:
2368 4029 2656 4080 E.G.W.S.

1989 4099 2011 4128 ⁸
2048 4103 2062 4125 ⁸
2083 4096 2260 4146 Gloria
2282 4096 2410 4161 patri
2431 4097 2446 4120 ’
2466 4096 2566 4146 add
2593 4115 2605 4147 τ
2641 4094 2774 4146 E.G.
2785 4095 2838 4146 S.

1992 4167 2013 4262 ἰ
2051 4165 2186 4212 *Ανὶ
2215 4163 2453 4278 Credi-dg
2473 4179 2575 4277 ἕω.
2609 4180 2621 4212 :
2657 4161 2794 4212 E.G.

1991 4299 2014 4326 ⁹
2034 4237 2417 4360 'stlccssapatri
2435 4265 2574 4344 ”add
2603 4314 2616 4346 ε
2651 4295 2788 4346 E.G.

1979 4363 2017 4394 ¹⁰
2057 4364 2193 4412 Ἀθε.
2227 4361 2452 4411 Laudate
2473 4361 2638 4412 ‘oum
2673 4362 2808 4412 E.G.

1977 4429 2012 4459 ¹¹
2037 4435 2116 4492 ps.
2146 4429 2274 4493 cxvj.
2296 4443 2314 4477 .·
2349 4427 2549 4478 E.G.S.

1980 4496 2018 4526 ¹²
2051 4495 2220 4544 Verba
2242 4495 2308 4544 ab
2338 4499 2352 4523 ‘
2369 4496 2439 4543 In
2460 4494 2473 4516 ’
2495 4510 2652 4560 usque
2672 4493 2738 4544 ad
2767 4497 2782 4521 ‘
2799 4493 3066 4544 tribularer
3082 4493 3096 4516 ⁹

1894 4561 2265 4693 Οωῖἷξῖξὶη
2285 4643 2302 4676 .·
2335 4627 2470 4678 E.G.
2542 4628 2690 4680 cxm‘t.
2715 4642 2733 4675 .·
2767 4627 2819 4676 S.
