3375 5100
1006 390 1126 443 DE
1172 388 1542 445 DOMINIC
1540 388 1623 441 IS
1675 387 2212 444 ORDINANDIS.

890 500 1035 552 557

362 606 583 669 minus
602 604 832 669 habeat
850 615 1153 685 vesperas.
1176 614 1353 668 sexta
1383 605 1487 667 die
1514 624 1557 668 a

362 694 741 758 Nativitate
802 694 1058 756 domini
1112 694 1178 757 si
1231 692 1556 757 dominica

344 782 567 863 suerit
580 804 603 845 :
646 792 709 845 et
731 782 891 845 altis
915 781 1257 845 dominicis
1285 792 1346 844 et
1356 782 1559 864 festis

363 871 447 933 ix.
496 870 828 933 lectionum
887 891 1008 952 que
1031 870 1214 951 festa
1273 870 1557 951 duplicia

346 959 695 1040 precedunt
750 967 812 1021 et
842 958 1026 1039 festa
1084 959 1167 1023 ix.
1224 958 1557 1021 lectionum

360 1056 717 1129 sequuntur
730 1070 755 1111 .·
799 1047 1122 1110 duntaxat
1166 1050 1439 1128 exceptis.
1491 1052 1556 1126 (s

365 1135 422 1199 S
425 1135 454 1197 i
462 1139 633 1198 inter
647 1135 1078 1199 penthecostes
1092 1136 1107 1172 ¹
1129 1145 1191 1197 et
1207 1137 1412 1198 adven
1418 1144 1555 1199 tum

361 1223 616 1287 domini
627 1223 900 1287 historia
918 1245 1179 1305 sequens
1194 1224 1555 1289 historiam.

361 1312 549 1376 Deus
580 1314 917 1377 omnium:
947 1313 1038 1375 sit
1067 1312 1423 1375 inchoanda
1444 1335 1469 1377 .·
1496 1322 1559 1376 et

357 1400 629 1463 kalende
655 1401 895 1464 mensis
930 1400 1256 1463 evenerint
1287 1401 1395 1464 die
1408 1401 1561 1464 lune

359 1490 467 1551 vel
478 1489 715 1553 martis
730 1490 869 1552 sive
889 1490 1235 1552 mercurii:
1280 1489 1555 1553 historia

356 1577 533 1641 debet
560 1577 851 1641 inchoari
888 1577 1207 1641 dominica
1222 1578 1553 1659 preceden-

358 1674 433 1730 te.
526 1664 584 1729 S
586 1666 615 1729 i
642 1687 788 1730 vero
816 1666 926 1730 die
958 1666 1147 1749 jovis
1175 1666 1283 1728 vel
1304 1667 1554 1729 veneris

354 1753 495 1817 sive
548 1753 807 1818 sabbato
866 1754 1188 1817 inchoetur
1231 1753 1554 1817 dominica

356 1850 655 1924 sequente.
772 1842 862 1907 Si
915 1844 985 1906 in
1044 1842 1203 1924 ipsis
1258 1841 1555 1905 kalendis

357 1929 677 1993 dominica
722 1930 1001 1994 evenerit
1016 1954 1042 1994 .·
1086 1930 1182 1994 ibi
1230 1929 1555 1993 inchoetur

360 2018 498 2081 nisi
521 2018 750 2101 duplex
762 2018 1013 2099 jestum
1060 2018 1368 2100 impediat
1384 2040 1409 2082 .·
1454 2018 1560 2083 vel

341 2106 595 2187 festum
625 2107 1053 2170 decollationis
1093 2108 1305 2169 sancti
1308 2106 1554 2189 johan-

358 2194 466 2257 nis
494 2194 761 2276 baptiste
781 2218 807 2258 .·
848 2196 1020 2277 quod
1040 2195 1105 2258 si
1130 2196 1200 2258 in
1229 2195 1552 2260 dominica

356 2284 633 2346 evenerit
646 2292 909 2365 propter
934 2284 1387 2348 inchoationem
1417 2283 1551 2347 his-

358 2371 521 2434 torie
533 2371 797 2453 differri
811 2393 934 2434 non
957 2372 1146 2437 debet.
1212 2371 1549 2450 Quotiens-

354 2480 597 2541 cunque
621 2468 835 2523 autem
860 2459 1217 2523 inchoanda
1236 2471 1329 2524 est
1355 2460 1552 2525 histo-

358 2550 467 2612 ria
497 2548 825 2613 inchoetur
848 2548 955 2613 die
993 2548 1315 2613 dominica
1358 2550 1423 2614 si
1433 2561 1552 2632 po-

359 2646 495 2702 test.
587 2637 676 2702 Si
715 2659 862 2702 vero
904 2638 1124 2702 debeat
1166 2637 1455 2702 inchoari
1481 2639 1551 2702 in

341 2725 530 2806 seria
550 2748 576 2789 .·
648 2725 973 2790 inchoetur
1024 2727 1097 2790 in
1153 2727 1425 2790 secunda
1453 2727 1560 2792 vel

359 2815 555 2878 tertia
586 2816 692 2878 vel
712 2825 949 2897 quarta
969 2814 1188 2896 ²seria
1233 2825 1295 2878 et
1323 2836 1448 2879 non
1480 2816 1551 2879 in

356 2903 495 2965 alia
514 2926 539 2967 .·
595 2912 662 2966 et
698 2913 941 2986 semper
993 2925 1135 2967 cum
1178 2903 1557 2986 expositione

354 2991 735 3055 dominicali
749 3015 775 3056 .·
846 3001 913 3056 et
974 2991 1419 3074 Responsoriis
1472 2993 1552 3055 de

353 3079 629 3143 historia
661 3090 738 3143 ut
763 3089 1029 3144 notatur
1041 3090 1240 3162 supra
1270 3081 1341 3143 in
1357 3083 1551 3161 prin-

354 3167 516 3249 cipio
546 3168 739 3231 i'stius
781 3168 1046 3232 rubrice.
1134 3169 1274 3232 Nec
1297 3169 1549 3232 dicetur

353 3255 675 3320 dominica
716 3256 943 3338 aliqua
984 3256 1325 3339 ferialiter
1373 3257 1552 3320 ultra

353 3354 658 3426 quartam
675 3346 933 3428 seriam
963 3345 1101 3408 nisi
1119 3344 1377 3427 quando
1406 3345 1553 3408 nul·-

352 3434 421 3495 la
480 3432 620 3496 dies
675 3433 1001 3498 dominica
1057 3432 1375 3514 contingit
1448 3433 1552 3496 in-

354 3532 455 3583 ter
480 3531 739 3585 octavas
764 3522 1095 3605 epiphanie
1111 3531 1175 3585 et
1201 3521 1329 3586 lxv.
1352 3530 1554 3603 prout

352 3619 623 3672 notatur
662 3621 811 3674 ante
856 3610 1211 3710 historiam
1256 3610 1551 3674 Domine

352 3719 437 3760 ne
468 3698 533 3761 in
567 3699 677 3763 ira.
772 3704 835 3777 (Ι
880 3699 1046 3762 Item
1103 3683 1429 3763 sciendum
1455 3707 1555 3762 est

350 3786 525 3868 quod
548 3808 743 3868 usque
770 3787 864 3850 ad
884 3787 1289 3851 adventum'
1259 3808 1328 3850 m
1346 3787 1551 3867 feriis

350 3875 729 3939 vacantibus
758 3877 827 3939 in
873 3875 1107 3958 quibus
1134 3896 1259 3939 non
1306 3876 1553 3938 dicitur

344 3963 426 4026 de
498 3965 1081 4029 commemoratione
1165 3965 1415 4028 dicetur
1471 3963 1551 4027 de

329 4051 524 4133 seria
574 4073 720 4116 cum
771 4053 1036 4134 legenda
1097 4053 1227 4116 tali
1280 4062 1549 4134 tempore

346 4141 690 4223 assignata
710 4164 737 4206 .·
800 4151 866 4204 et
956 4141 1409 4224 Responsoriis
1468 4140 1549 4203 de

344 4229 638 4293 historia.
729 4228 813 4293 In
833 4239 1116 4312 quatuor
1141 4251 1288 4293 vero
1316 4238 1547 4311 tempo-

346 4338 497 4380 rum
512 4317 537 4354 ³
566 4339 691 4380 non
720 4318 970 4382 dicetur
987 4319 1065 4382 de
1079 4319 1256 4398 sesto
1286 4318 1380 4400 iij.
1428 4319 1545 4381 lec-

346 4409 597 4469 tionum
651 4406 722 4469 in
780 4407 874 4469 eis
952 4407 1359 4490 contingente.
1412 4406 1549 4470 nisi

452 4584 463 4612 ¹
510 4583 897 4634 I'cnthecostcn:
942 4583 1096 4633 W.N.

1318 4585 1338 4614 ²
1377 4589 1389 4610 ⁸
1405 4583 1481 4631 vel
1490 4588 1671 4648 quarta
1688 4581 1700 4604 ’
1725 4597 1816 4630 om.
1842 4596 1859 4628 .·
1898 4581 1964 4630 Ν.

2163 501 2314 554 558

1658 604 1967 667 memoria
2040 613 2294 668 tantum
2345 616 2547 687 prout
2588 606 2854 687 plenius

1656 702 1922 755 notatur
1941 692 2011 757 in
2029 703 2336 775 quattuor
2351 706 2700 776 temporum
2723 696 2748 733 ³
2779 698 2850 759 in

1653 780 1953 846 adventu.
2050 786 2113 859 (Ι
2159 783 2264 844 De
2317 783 2664 864 suffrag-its
2705 805 2847 846 con-

1650 871 1852 931 suetis
1871 892 1894 931 .·
1939 870 2197 952 quando
2225 881 2288 933 et
2316 872 2601 953 qualiter
2625 872 2850 935 debent

1650 956 1826 1021 dici:
1872 958 2239 1022 invenietur
2248 970 2400 1040 post
2434 960 2844 1041 psalterium.

1657 1044 1934 1124 Quando
1986 1068 2133 1110 vero
2179 1048 2371 1127 infra
2417 1058 2679 1111 octavas
2721 1050 2848 1111 ali-

1650 1133 1826 1215 quod
1829 1134 2084 1214 festum
2103 1136 2382 1198 evenerit
2400 1158 2424 1199 .·
2465 1136 2546 1199 de
2563 1156 2683 1217 quo
2699 1158 2848 1200 can-

1652 1230 1839 1285 tatur
1853 1245 1879 1285 .·
1919 1224 2061 1307 fiat
2117 1225 2428 1288 memoria
2456 1224 2534 1287 de
2585 1226 2846 1287 octavis.

1650 1310 1788 1373 nisi
1843 1312 1912 1374 in
1958 1313 2260 1393 passione
2305 1314 2499 1377 Petri
2537 1322 2600 1375 et
2643 1313 2854 1376 Pauli

1650 1398 1768 1461 ubi
1793 1420 1916 1462 non
1934 1400 2027 1481 fit
2055 1402 2365 1464 memoria
2408 1402 2486 1464 de
2513 1412 2729 1464 sancto
2737 1403 2850 1485 jo-

1646 1486 1860 1550 hanne
1883 1488 2160 1570 baptista
2179 1512 2204 1551 .·
2233 1499 2294 1552 et
2323 1490 2392 1553 in
2421 1490 2852 1571 assumptione

1650 1574 1823 1638 beate
1863 1577 2070 1639 marie
2109 1578 2224 1641 ubi
2251 1598 2376 1641 non
2398 1578 2496 1660 fit
2539 1578 2850 1641 memoria

1646 1663 1726 1725 de
1751 1674 1968 1727 sancto
2011 1666 2332 1729 laurentio
2375 1667 2550 1749 quod
2583 1677 2854 1749 propter

1627 1752 1957 1834 festorum
2023 1755 2448 1817 excellentiam
2522 1756 2850 1838 contingit.

1652 1839 1924 1918 Quando
1953 1862 2099 1904 vero
2129 1841 2381 1923 festum
2433 1845 2713 1907 evenerit
2751 1844 2852 1907 in-

1628 1928 1760 2008 sra
1789 1938 2046 1992 octavas
2073 1930 2152 1992 de
2208 1952 2331 2013 quo
2371 1952 2496 1995 non
2546 1941 2855 1995 cantatur

1631 2015 1769 2098 fiat
1786 2018 2094 2081 memoria
2121 2019 2200 2081 de
2210 2019 2386 2100 sesto
2405 2043 2429 2083 .·
2477 2029 2539 2082 et
2564 2020 2643 2083 de
2685 2030 2852 2083 octa-

1648 2104 1753 2166 vis
1779 2114 2075 2168 cantetur
2091 2116 2165 2169 ut
2182 2106 2464 2187 infestis
2482 2108 2844 2189 contingen-

1648 2192 1823 2256 tibus
1873 2194 2060 2275 infra
2089 2204 2347 2259 octavas
2393 2197 2850 2278 assumptionis

1646 2290 1709 2344 et
1730 2281 2107 2346 nativitatis
2123 2306 2148 2347 :
2177 2294 2240 2346 et
2265 2285 2690 2364 apostolorum
2722 2286 2848 2348 Pe-

1647 2368 1745 2432 tri
1756 2378 1820 2432 et
1845 2370 2066 2435 Pauli.
2161 2376 2224 2449 (Ι
2270 2372 2374 2435 De
2401 2372 2850 2455 Responsorizs

1645 2457 1933 2522 dicendis
2007 2458 2078 2522 in
2160 2460 2502 2541 inceptione
2567 2461 2845 2527 historie.

1657 2546 1790 2612 Ubi
1814 2557 2027 2612 autem
2053 2548 2362 2633 incipitur
2374 2548 2654 2615 historia
2681 2573 2846 2614 sem-

1630 2646 1759 2717 per
1783 2656 1984 2700 unum
2015 2637 2579 2720 Responsoriorum
2609 2639 2690 2704 de
2713 2639 2848 2704 his-

1648 2724 1821 2788 toria
1848 2725 2205 2808 incipienda
2253 2737 2550 2791 cantetur
2575 2729 2673 2792 ad
2697 2729 2848 2810 pri-

1647 2833 1793 2876 mas
1819 2825 2111 2896 vesperas
2136 2815 2275 2879 nisi
2315 2816 2572 2899 quando
2619 2817 2689 2880 in
2721 2839 2849 2881 me-

1645 2901 1783 2964 diis
1825 2903 2030 3004 feriis
2072 2904 2456 2968 hebdomade
2497 2906 2848 2987 incipitur:

1646 3000 1882 3071 excepto
1941 2991 2012 3054 in
2087 2991 2428 3094 inceptione
2511 2993 2848 3076 Adonay:

1646 3077 1805 3159 quia
1831 3079 1994 3142 Peto
2023 3080 2292 3144 domine
2323 3082 2396 3144 in
2438 3083 2619 3165 cujus
2648 3083 2846 3164 incep-

1646 3167 1819 3230 tione
1841 3166 2088 3232 dicitur
2104 3168 2598 3250 Responsorium
2642 3170 2847 3236 Omni

1646 3264 1990 3337 tempore:
2064 3265 2127 3319 et
2174 3257 2470 3340 Adonay
2534 3257 2852 3322 habentur

1631 3354 1760 3424 pro
1781 3365 1915 3407 una
1935 3343 2254 3408 historia.-
2297 3346 2618 3429 excipitur
2651 3348 2848 3410 etiam

1646 3431 1729 3494 de
1737 3432 2051 3512 predictis
2104 3433 2398 3498 historiis
2458 3436 2644 3498 Deus
2705 3455 2848 3498 om-

1646 3521 1872 3583 nium:
1935 3522 2091 3602 quia
2148 3521 2294 3585 licet
2347 3525 2589 3604 incepta
2625 3523 2853 3604 suerit

1627 3608 2016 3689 ferialiter:
2061 3618 2270 3673 tamen
2315 3610 2388 3674 in
2432 3614 2682 3693 premis
2711 3633 2737 3674 z
2741 3633 2849 3674 es-

1631 3695 1813 3777 peris
1862 3697 2004 3760 suis
2051 3695 2547 3763 dominicalibus
2602 3701 2850 3763 dicitur

1645 3784 2143 3866 Responsorium
2197 3787 2417 3850 Deum
2472 3789 2648 3852 time.
2681 3788 2858 3868 quod

1644 3893 1770 3935 non
1823 3882 1918 3936 est
1943 3873 2022 3936 de
2043 3873 2346 3956 hystoria.
2440 3881 2503 3954 (Ι
2548 3877 2609 3939 A
2621 3877 2660 3940 b
2687 3887 2851 3945 octar

1644 3962 1750 4024 vis
1762 3962 2181 4043 penthecostes
2210 3983 2406 4046 usque
2424 3965 2522 4027 ad
2541 3964 2852 4028 kalendas

1642 4049 1705 4112 Α
1718 4070 1799 4131 ug
1806 4051 1941 4114 usti
1965 4051 2274 4132 leguntur
2324 4051 2488 4117 libri
2531 4075 2754 4135 regum
2788 4064 2853 4117 et

1640 4148 1950 4201 cantatur
1979 4139 2165 4203 Deus
2209 4141 2548 4206 omniurn:
2593 4143 2850 4224 quando

1640 4226 1723 4289 de
1751 4227 2088 4308 temporali
2127 4229 2372 4310 agitur.
2462 4230 2559 4294 Et
2603 4240 2701 4293 est
2725 4233 2851 4294 sci-

1638 4315 1873 4378 endum
1896 4317 2076 4398 quod
2094 4318 2591 4400 quandocunque
2621 4322 2852 4402 primo

1636 4403 1894 4486 legende
1961 4415 2120 4470 sunt
2197 4405 2482 4470 lectiones
2537 4408 2619 4472 de
2689 4409 2854 4474 libro

2205 4585 2224 4612 ³
2255 4585 2546 4650 temporibus
2559 4601 2576 4635 .·
2610 4587 2680 4636 N.
