3375 5100
34 3082 55 4337 ‘WV———q—q—”'v*-'-

34 4356 43 4425 -—-

688 389 1107 444 DOMINICA
1162 388 1421 443 JNFR.›1
1478 387 1685 441 OCTA
1706 386 1860 447 VAS
1910 388 2314 442 CORPORIS
2363 390 2706 444 CHRISTI.

982 498 1137 549 545

2261 496 2412 550 546

451 590 715 686 moyses
778 604 1029 687 lignum
1109 603 1175 666 in
1258 622 1502 687 aquam
1578 612 1647 667 et
1745 602 2041 685 virgine²
2071 612 2465 668 nasceretur.
2545 604 2618 670 Si
2643 604 2941 669 ordinem

448 693 959 756 amaritudinem
1037 712 1227 755 suam
1317 711 1637 774 aquarum

452 792 686 845 natura
738 781 1083 864 deposuit:
1160 800 1362 863 quam
1426 780 1640 843 infusa

447 870 668 933 subito
720 870 933 953 gratia
992 870 1403 951 temperavit.
1494 868 1641 932 Ad-

446 958 761 1021 vertimus
828 958 1028 1040 igitur
1098 956 1420 1038 majorem
1496 976 1641 1020 esse

446 1047 726 1127 gratiam
752 1066 953 1128 quam
986 1055 1308 1110 naturam.
1402 1046 1492 1109 Et
1524 1046 1639 1108 ad·

443 1132 573 1198 huc
600 1144 840 1198 tamen
886 1132 1268 1217 prophetice
1331 1132 1643 1197 benedic-

444 1223 642 1285 tionis
666 1242 1089 1286 numeramus
1117 1222 1417 1304 gratiam.

579 1312 709 1374 uod
741 1313 795 1374 si
821 1322 1081 1375 tantum
1112 1311 1320 1375 valuit
1347 1310 1511 1394 [Lec.
1538 1310 1635 1393 iij.

576 1400 801 1482 lingua
860 1400 1150 1463 humana
1222 1399 1635 1464 benedictio:

440 1498 514 1551 ut
574 1498 877 1552 naturam
945 1496 1391 1553 converteret:
1474 1488 1633 1571 quid

439 1576 717 1641 dicimus
786 1578 871 1640 de
946 1578 1089 1658 ipsa
1145 1578 1635 1640 consecratione

439 1664 663 1728 divina
693 1666 804 1728 ubi
826 1666 968 1747 ipsa
990 1664 1191 1728 verba
1222 1665 1474 1728 domini
1505 1666 1633 1730 sal-

439 1756 683 1816 vatoris
728 1763 1099 1835 operantur.
1192 1754 1368 1817 Nam
1417 1775 1632 1817 sacra-

440 1852 739 1905 mentum
797 1842 1009 1924 ipsum
1063 1842 1241 1925 quod
1337 1843 1631 1926 accipitis

442 1928 685 1994 Christi
718 1950 1021 1993 sermone
1053 1929 1411 1995 conficitur.

443 2022 506 2095 (Ι
537 2018 883 2081 Dominica
932 2018 1118 2100 infra
1184 2028 1441 2082 octavas
1497 2040 1629 2083 cor-

430 2106 612 2186 poris
664 2106 961 2172 Christi:
1048 2108 1268 2169 omnia
1325 2108 1635 2172 dicantur

435 2194 603 2257 sicut
631 2193 699 2257 in
730 2194 833 2257 die
847 2204 1069 2276 preter
1098 2196 1483 2277 antiphonas
1521 2218 1629 2259 su-

420 2292 547 2362 per
574 2284 865 2362 psalmos
931 2283 999 2345 in
1042 2283 1285 2369 primis
1354 2285 1630 2366 vesperis

432 2391 553 2451 que
577 2381 769 2434 erum
784 2394 809 2434 :
849 2372 1191 2454 Sapientia
1212 2394 1354 2435 cum
1374 2394 1629 2455 sequen·

435 2458 609 2522 tibus
628 2482 653 2522 .·
724 2469 787 2522 et
857 2470 1077 2541 prctcr
1142 2460 1453 2541 hymnum
1511 2463 1631 2543 qui

432 2547 560 2611 erit
618 2547 911 2613 Verbum
974 2569 1326 2632 supernum
1372 2561 1434 2614 et
1474 2563 1626 2634 pre-

436 2645 535 2700 ter
573 2637 997 2719 Responsoria
1027 2639 1123 2701 ad
1160 2649 1465 2722 utrasque
1490 2661 1625 2703 ves-

418 2735 659 2806 peras:
704 2747 823 2808 que
862 2747 988 2790 non
1023 2727 1317 2790 dicentur
1333 2751 1356 2791 :
1398 2738 1461 2790 et
1473 2738 1623 2810 pre-

433 2823 533 2876 ter
568 2814 897 2896 legendam
926 2826 987 2879 et
1027 2815 1411 2898 antiphonas
1436 2828 1627 2898 super

416 2903 721 2984 psalmos.
792 2905 1002 2988 Magt.
1090 2913 1153 2967 ct
1225 2905 1621 2970 Benedictus

432 3001 509 3054 ut
527 3001 741 3074 supra.
1334 2993 1550 3057 Lectio
1558 2995 1620 3077 j.

429 3081 621 3211 De
672 3081 876 3144 totius
922 3082 1152 3144 mundi
1188 3083 1484 3163 partibus
1532 3083 1621 3147 le-

583 3170 810 3250 gistis:
886 3170 1043 3252 quia
1105 3170 1245 3252 ipse
1304 3171 1480 3234 dixit
1554 3180 1621 3234 et

424 3255 602 3320 facta
659 3269 847 3323 sunt:
938 3261 1078 3341 ipse
1139 3259 1481 3324 mandavit
1555 3269 1623 3326 et

426 3355 647 3409 creata
705 3356 877 3410 sunt.
994 3348 1229 3412 Sermo
1290 3368 1447 3430 ergo
1506 3349 1618 3430 qui

425 3436 644 3515 potuit
676 3455 764 3498 ex
788 3435 991 3498 nihilo
1023 3435 1237 3500 facere
1269 3437 1448 3518 quod
1482 3456 1615 3502 non

426 3531 605 3586 erat:
655 3544 786 3587 non
833 3525 1049 3607 potuit
1110 3545 1190 3588 ea
1250 3545 1379 3606 que
1422 3535 1617 3590 sunt:

426 3611 492 3673 in
514 3609 581 3673 id
604 3622 859 3676 mutare
878 3614 1055 3695 quod
1078 3633 1209 3676 non
1230 3622 1387 3676 erat.
1463 3613 1523 3676 N
1530 3634 1615 3676 on

426 3709 526 3763 est
558 3702 735 3763 enim
770 3703 986 3764 minus
1016 3702 1173 3764 dare
1222 3721 1422 3784 quam
1474 3722 1617 3765 mu-

423 3797 563 3850 tare
596 3809 802 3854 novas
834 3800 1102 3854 naturas
1134 3790 1342 3854 rebus,
1362 3789 1508 3854 Lec.
1546 3790 1615 3872 ij.

433 3877 689 4009 Cujus
739 3880 1147 3961 argumentis
1193 3879 1440 3944 utimur
1483 3879 1617 3942 suis

537 3975 804 4030 utamur
883 3967 1245 4050 exemplis:
1315 3967 1615 4032 incarna-

418 4052 619 4116 tionis
651 4074 916 4137 quoque
963 4065 1335 4119 astruamus
1366 4065 1613 4139 myste-

420 4142 496 4204 rii
550 4141 915 4207 veritatem.
1008 4145 1331 4226 Nunquid
1381 4155 1614 4209 nature

416 4250 573 4294 usus
624 4233 1033 4313 presensit¹:
1107 4253 1258 4297 cum
1307 4234 1615 4300 dominus

419 4329 644 4383 noster
671 4321 868 4402 Jesus
916 4320 1215 4386 Christus
1268 4341 1357 4388 ex
1407 4325 1614 4386 maria

620 4498 631 4526 ¹
670 4498 941 4561 prensensit
970 4517 982 4547 :
1019 4497 1085 4547 N.

1388 4499 1409 4528 ²
1448 4498 1698 4564 ‘virgine’
1723 4514 1825 4548 om.
1855 4517 1866 4547 :
1905 4497 1967 4547 N.

616 4567 633 4594 ⁴
669 4579 759 4627 pro
787 4569 799 4591 ⁸
825 4573 1241 4614 sacramentorum
1261 4565 1273 4587 ’
1296 4567 1681 4616 consecrationis
1707 4585 1719 4616 :
1757 4565 1821 4616 N.

1745 702 1980 754 nature
2055 693 2433 775 querimus:
2507 694 2650 757 viro
2726 696 2942 760 mixta

1745 778 1990 843 semina
2020 801 2334 862 generare
2359 793 2807 847 consueverat.

1743 868 2063 999 Liquet
2123 870 2324 951 igitur
2396 872 2577 952 quod
2647 871 2810 954 [Lcc.
2845 871 2942 955 iij.

1880 966 2098 1038 preter
2160 968 2393 1021 nature
2454 960 2754 1023 ordinem
2816 962 2945 1023 vir-

1739 1062 1829 1125 go
1850 1046 2206 1126 generavit.
2297 1047 2388 1109 Et
2418 1045 2543 1109 hoc
2574 1049 2754 1130 quod
2787 1070 2942 1113 con-

1741 1132 1998 1196 ficimus
2051 1154 2288 1217 corpus
2350 1156 2437 1199 ex
2490 1136 2745 1218 virgine
2821 1147 2939 1203 est.

1741 1218 1925 1301 Quid
1987 1220 2093 1286 hic
2151 1224 2486 1305 querimus
2545 1235 2779 1289 nature
2838 1246 2942 1289 or-

1739 1308 1964 1373 dinem
2028 1312 2094 1374 in
2139 1310 2383 1377 Christi
2429 1331 2740 1395 corpore:
2786 1334 2937 1378 cum

1738 1408 1957 1479 preter
2001 1409 2306 1464 naturam
2338 1402 2424 1466 sit
2455 1402 2594 1483 ipse
2625 1402 2936 1485 dominus

1739 1497 1963 1550 noster
2019 1488 2212 1569 Jesus
2244 1488 2472 1571 partus
2518 1510 2606 1553 ex
2659 1491 2915 1573 virgine

1737 1574 1914 1639 Vera
1973 1576 2198 1660 itaque
2256 1598 2410 1641 caro
2490 1577 2734 1643 Christi
2797 1590 2936 1643 est:

1737 1683 1868 1746 que
1927 1664 2244 1729 crucifixa
2305 1676 2445 1730 est:
2493 1686 2622 1748 que
2668 1668 2934 1749 sepulta

1735 1761 1850 1816 cst.
2557 1754 2776 1817 Lectio
2807 1756 2934 1839 iiij.

1749 1842 2025 1973 Vere
2057 1861 2217 1924 ergo
2259 1842 2476 1905 carnis
2508 1842 2684 1907 illius
2715 1864 2932 1908 sacra-

1915 1940 2214 1993 mentum
2294 1940 2411 1995 est.
2537 1932 2690 2014 Ipse
2753 1934 2930 1996 enirn

1731 2018 2040 2081 dominus
2102 2027 2325 2081 noster
2394 2019 2590 2100 Jesus
2648 2020 2930 2086 clamat:

1732 2105 1858 2171 hoc
1919 2116 2021 2170 est
2079 2127 2318 2189 corpus
2381 2127 2621 2173 meum.
2742 2109 2929 2174 Ante

1731 2193 2263 2259 benedictionem
2294 2195 2645 2260 verborum
2671 2198 2930 2261 celesti-

1732 2302 1845 2345 um
1870 2283 2000 2347 alia
2029 2284 2282 2365 species
2315 2286 2709 2349 nominatur.
2769 2287 2929 2351 Post

1729 2372 2291 2435 consecrationem
2353 2374 2623 2455 sanguis
2684 2374 2928 2439 Christi

1729 2458 2148 2541 significatur.
2267 2460 2373 2524 Tu
2436 2462 2599 2525 dicis
2687 2482 2928 2529 amen:

1731 2548 1886 2613 Hoc
1918 2559 2033 2614 est.
2081 2548 2331 2613 Verum
2365 2560 2481 2614 est.
2555 2548 2755 2633 Quod
2786 2573 2920 2616 ser-

1729 2657 1842 2700 mo
1873 2647 2104 2703 sonat:
2152 2638 2478 2702 effectus³
2520 2641 2782 2704 sentiat.

1724 2727 2032 2858 Panis
2065 2736 2165 2789 est
2211 2727 2278 2792 in
2317 2726 2506 2790 altari
2587 2726 2830 2811 [Lectio
2859 2751 2918 2794 v.

1887 2815 2168 2881 usitatus
2213 2823 2370 2880 ante
2442 2816 2645 2879 verba
2711 2837 2925 2882 sacra-

1727 2905 2148 2970 mentorum.⁴
2215 2903 2351 2968 Ubi
2385 2906 2661 2968 accessit
2693 2926 2926 2969 conse-

1725 2993 1972 3058 cratio:
2017 2992 2104 3054 de
2134 3011 2307 3073 pane
2337 2991 2414 3056 fit
2462 3013 2614 3057 caro
2661 2993 2922 3058 Christi.

1724 3080 2086 3163 Quomodo
2172 3091 2397 3144 autem
2494 3092 2716 3164 potest
2808 3085 2922 3165 qui

1726 3170 1915 3252 panis
1963 3178 2064 3234 est
2095 3188 2238 3232 esse
2284 3171 2574 3251 corporis
2631 3170 2919 3234 Christi?

1727 3257 2153 3322 Consecratio
2185 3257 2384 3340 igitur
2411 3259 2650 3340 quibus
2702 3260 2920 3323 verbis

1724 3355 1791 3409 et
1807 3346 1908 3428 cuj
1916 3367 1994 3408 us
2005 3346 2417 3409 sermonibus
2437 3346 2614 3412 est⁶?
2641 3347 2915 3410 Domini

1721 3435 1898 3516 Jesu.
1997 3435 2176 3498 Nam
2227 3454 2346 3516 per
2398 3434 2647 3517 reliqua
2691 3436 2918 3499 omnia

1721 3543 1852 3606 que
1911 3522 2260 3586 dicuntur:
2332 3522 2474 3588 laus
2533 3523 2661 3586 deo
2721 3523 2914 3586 offer-

1720 3623 1844 3676 tur.
2582 3609 2797 3674 Lectio
2827 3613 2912 3694 ψ’.

1731 3699 2108 3834 Oratione
2183 3698 2434 3782 petitur
2481 3718 2601 3781 pro
2662 3700 2912 3781 populo

1855 3808 1974 3870 pro
2021 3787 2322 3869 regibus:
2371 3795 2440 3849 et
2488 3807 2607 3869 pro
2653 3789 2906 3854 ceteris.

1724 3877 1858 3942 Ubi
1921 3886 2144 3939 autem
2204 3885 2692 3939 sacramentum
2753 3897 2910 3941 con-

1714 3965 1930 4031 ficitur
1956 3987 1972 4030 :
2011 3964 2150 4046 jam
2185 3983 2316 4027 non
2339 3965 2472 4027 suis
2497 3966 2912 4029 sermonibus

1715 4055 2020 4122 sacerdos
2080 4053 2288 4117 utitur
2308 4072 2326 4130 3
2399 4053 2518 4116 sed
2593 4056 2912 4117 sermoni-

1716 4145 1838 4209 bus
1866 4143 2126 4210 Christi.
2221 4140 2631 4222 Ergosermo
2664 4143 2908 4208 Christi

1715 4233 1841 4296 hoc
1861 4229 2126 4296 conficit
2157 4239 2662 4296 sacramentum.
2739 4231 2909 4314 Quis

1714 4341 1931 4386 sermo
1966 4318 2257 4384 Christi?
2323 4317 2455 4382 Hic
2501 4339 2743 4401 nempe
2773 4341 2909 4404 quo

2243 4489 2266 4522 ³
2299 4473 2537 4544 affectus:
2575 4496 2639 4545 N.

2247 4567 2266 4596 ³
2305 4561 2604 4612 ‘est’om.:
2641 4562 2705 4610 N.

2499 4667 2642 4716 NN
