3375 5100
1228 336 1331 392 [Ν
1376 333 1639 408 QUJNQ
1646 334 1754 392 UA
1764 333 2108 391 GESJMA.

960 447 1109 502 257

405 544 514 616 ἀ’ῑὶ.
618 552 973 618 Bonorum.
1073 561 1173 635 pf.
1252 552 1609 618 Conserva.

407 656 454 726 γ
532 641 761 706 Media
821 649 1033 705 nocte.
1150 641 1382 705 Sermo
1442 640 1615 705 beati

385 728 709 810 johannis
754 729 1023 812 episcopi
1068 729 1148 792 a'e
1175 730 1324 813 fide
1364 729 1611 792 abrahe

405 825 472 880 et
500 816 937 881 immolatione
946 838 1165 898 ysaac.
1229 818 1449 881 Lectio
1481 817 1612 900 iiij.

402 905 703 1036 Fides
763 917 866 970 est
928 905 1269 989 religionis
1328 906 1607 970 sanctis-

558 994 725 1058 sime
773 994 1281 1059 fundamentum
1316 1016 1331 1060 :
1392 994 1606 1058 chari-

404 1081 565 1144 tatis
622 1082 1010 1147 vinculum:
1086 1083 1331 1146 amoris
1392 1084 1604 1147 subsi-

402 1168 606 1234 dium.
702 1171 853 1235 Hec
882 1173 1306 1236 sanctitatem
1341 1169 1603 1236 firmat:

401 1258 781 1322 castitatem
843 1260 1161 1324 roborat:
1237 1260 1600 1342 dignitates

399 1356 702 1418 exornat.
826 1347 904 1411 In
965 1348 1187 1431 pueris
1247 1348 1599 1429 splendet:

322 1443 327 1447 ’
400 1433 468 1496 in
495 1434 847 1516 juvenibus
894 1436 1123 1500 floret:
1170 1437 1237 1499 in
1270 1437 1598 1518 provectis

398 1533 725 1605 apparet:
779 1525 1107 1606 gubernat
1156 1545 1399 1589 sexus:
1446 1545 1595 1608 gra-

399 1611 523 1674 dus
568 1613 873 1694 provehit
905 1613 1121 1677 officia
1164 1621 1405 1678 cuncta
1446 1633 1599 1678 cus-

396 1700 612 1764 todit:
660 1701 726 1764 in
766 1721 1057 1784 paupere
1100 1712 1292 1783 grata
1336 1711 1479 1766 est:
1525 1703 1593 1766 in

394 1788 729 1852 mediocre
817 1790 954 1854 leta
988 1808 1003 1853 :
1098 1791 1166 1853 in
1260 1789 1593 1873 locuplete

393 1874 695 1941 honesta.
787 1879 897 1943 Re.
970 1879 1232 1942 Eduxit
1278 1879 1590 1943 dominus

392 1963 711 2028 abraham
761 1965 937 2030 foras
979 1976 1048 2030 et
1092 1968 1189 2030 ait
1225 1966 1333 2031 illi.
1429 1967 1589 2034 Sus-

388 2052 537 2134 pice
583 2053 798 2118 celum
838 2065 908 2119 et
938 2075 1215 2119 numera
1259 2055 1487 2119 stellas
1530 2057 1586 2121 si

388 2151 583 2222 potes
636 2143 731 2207 sic
782 2145 907 2207 erit
955 2163 1183 2207 semen
1238 2151 1447 2208 tuum.
1538 2161 1589 2231 y

390 2229 691 2295 Credidit
721 2231 1041 2296 abraham
1074 2231 1203 2295 deo
1230 2253 1247 2297 :
1293 2242 1362 2296 et
1393 2252 1585 2315 repu-

384 2325 603 2382 tatum
636 2329 739 2383 oet
771 2319 866 2383 illi
898 2321 985 2385 ad
1010 2318 1369 2402 justiciam.
1422 2320 1583 2387 Sus-

382 2405 549 2488 pice.
1287 2409 1499 2474 Lectio
1521 2431 1583 2476 v.

538 2495 681 2560 ides
725 2495 1085 2561 amicitiam
1131 2508 1395 2563 servat:
1443 2498 1581 2563 col·-

535 2585 712 2667 legia
770 2587 1089 2669 copulat:
1160 2595 1337 2651 artes
1395 2607 1581 2651 com·

380 2673 672 2737 mendat.
756 2674 1029 2738 Nullum
1063 2675 1386 2758 despicit:
1433 2676 1577 2740 nul-

378 2759 519 2823 lum
582 2763 1032 2828 contemnit¹:
1109 2763 1272 2826 nulli
1334 2764 1575 2829 deest:

379 2848 506 2912 nisi
539 2850 653 2932 qui
701 2851 759 2913 ei
806 2850 977 2915 forte
1008 2851 1306 2916 defuerit.
1375 2854 1575 2917 Fides

380 2939 700 3002 mandata
722 2947 945 3004 tenet:
979 2950 1291 3023 precepta
1322 2952 1575 3007 servat:

376 3028 705 3107 promissa
736 3038 1171 3092 consummat.
1245 3028 1445 3093 Fides
1474 3030 1572 3095 fa-

376 3114 665 3178 miliares
694 3116 895 3181 efficit
919 3116 1087 3181 deo:
1134 3117 1385 3181 amicos
1413 3138 1571 3182 con·

373 3202 593 3266 stituit
662 3203 947 3269 Christo,
1067 3204 1310 3288 Neque
1392 3206 1570 3270 enim

370 3290 726 3373 quisquam
795 3292 950 3357 fidei
1027 3296 1355 3376 promissa
1424 3316 1573 3377 per-

372 3378 611 3460 cipiet:
644 3380 768 3444 nisi
802 3380 1277 3464 professionem
1310 3383 1569 3447 actibus

370 3476 627 3532 servet:
678 3481 797 3535 aut
843 3470 1244 3553 premiorum
1292 3491 1569 3554 compos

370 3564 593 3636 potest
646 3558 935 3623 existere
995 3558 1109 3641 qui
1168 3562 1565 3642 promissam

368 3642 569 3707 fidem
634 3646 920 3711 noluerit
976 3667 1415 3713 conservare:
1492 3659 1567 3713 ut

361 3730 504 3813 jam
567 3742 685 3797 aut
746 3735 1019 3817 implete
1083 3734 1240 3800 fidei
1315 3756 1566 3802 merces

367 3819 621 3884 homini
678 3834 1100 3905 repensetur:
1156 3834 1273 3887 aut
1317 3825 1565 3890 violate

364 3928 539 3990 pena
584 3920 971 3993 competens
1016 3910 1359 3976 tribuatur.
1449 3914 1562 3980 Re.

366 3996 565 4061 Dixit
610 4008 835 4063 autem
883 4000 1193 4064 dominus
1227 4000 1310 4064 ad
1342 4000 1569 4067 Abra·

362 4083 521 4149 ham
546 4107 674 4169 ego
705 4108 851 4151 sum
878 4110 893 4153 :
940 4098 1008 4153 et
1033 4098 1304 4172 pactum
1340 4110 1561 4154 meum

362 4180 603 4239 tecum.
718 4175 1183 4241 Sanctificetur
1243 4178 1309 4241 in
1371 4180 1561 4243 vobis

360 4281 562 4327 omne
610 4265 1091 4331 masculinum:
1137 4275 1205 4329 et
1253 4266 1377 4331 erit
1429 4268 1564 4350 sig-
1656 4265 1875 4346 justos
1936 4263 2187 4328 decem.

2238 445 2396 504 258

1712 568 1763 638 y
1807 551 1924 615 Ex
1969 560 2038 616 te
2091 571 2360 634 nanque
2419 552 2798 634 egredietur
2849 553 2916 618 in

1713 658 1848 721 quo
1879 659 2112 704 omnes
2152 649 2389 722 gentes
2419 641 2914 706 benedicentur.

1712 727 2198 793 Sanctificetur.
2583 729 2798 793 Lectio
2819 731 2918 812 os.

1706 818 2036 949 Hujus
2084 817 2235 881 fidei
2287 817 2372 880 ad
2428 817 2748 881 abraham
2787 821 2910 884 du·

1887 925 2117 970 camus
2163 905 2564 970 exordium:
2610 907 2908 988 quicum

1705 991 1772 1056 in
1841 994 2117 1058 occidua
2194 994 2599 1058 constitutus
2676 1003 2906 1060 etate:

1703 1079 1913 1146 filium
1961 1102 2002 1146 a
2045 1083 2175 1146 deo
2221 1083 2620 1165 promissum
2653 1103 2724 1146 se
2763 1104 2907 1148 cre-

1702 1169 1892 1233 deret
1935 1180 2361 1253 accepturum
2407 1178 2478 1232 et
2523 1170 2677 1234 fidei
2702 1172 2727 1210 ²
2757 1192 2908 1254 pre-

1700 1257 1961 1339 putium
2000 1258 2065 1322 in
2114 1258 2251 1322 filio
2287 1259 2680 1341 prospexit:
2735 1261 2901 1324 etin

1699 1344 2040 1411 stellarum
2104 1367 2454 1411 numerum
2525 1367 2716 1410 suam
2792 1369 2902 1412 so-

1698 1433 1920 1498 bolem
1963 1435 2450 1500 redundantem
2484 1434 2615 1498 fide
2660 1437 2899 1500 eadem

1693 1525 2038 1606 comperit.
2131 1525 2246 1588 Re.
2349 1523 2621 1588 Clamor
2681 1525 2899 1608 inquit

1697 1610 2007 1676 dominus
2037 1612 2466 1676 sodomorum
2498 1621 2566 1676 et
2589 1632 2897 1695 gomorre

1693 1701 1878 1763 venit
1937 1702 2024 1764 ad
2102 1721 2228 1766 me.
2338 1701 2763 1765 Descendam
2825 1713 2897 1767 et

1693 1787 1934 1852 videbo
1995 1797 2218 1852 utrum
2273 1789 2632 1852 clamorem
2693 1810 2895 1873 opere

1691 1876 2188 1960 compleverint.
2276 1894 2327 1964 y
2369 1877 2723 1950 Abraham
2755 1888 2894 1944 sta-

1688 1963 1809 2028 bat
1839 1985 2062 2030 coram
2094 1966 2225 2030 deo
2261 1975 2330 2028 et
2359 1966 2496 2030 ait:
2542 1966 2718 2030 absit
2748 1987 2791 2032 a
2821 1977 2890 2032 te

1687 2052 1963 2118 domine
2023 2064 2098 2118 ut
2145 2053 2386 2136 perdas
2431 2053 2688 2136 justum
2733 2075 2886 2119 cum

1684 2140 1912 2224 impio,
2046 2141 2487 2207 Descendam.
2635 2142 2884 2208 Gloria.

1686 2228 2129 2296 Descendam.
2335 2255 2350 2272 ·

1680 2315 1766 2381 In
1821 2317 1920 2401 iij.
1972 2328 2278 2384 nocturno
2327 2325 2435 2382 αῆ.
2520 2317 2680 2383 Non
2727 2328 2885 2383 sunt

1678 2405 1960 2489 loquele.
2037 2416 2142 2490 pf.
2215 2405 2360 2472 Celi
2414 2417 2741 2471 enarrant.
2834 2425 2885 2495 y

1680 2493 2022 2561 Exaltare.
2253 2494 2622 2561 Secundum
2651 2495 2884 2565 lucam.

1673 2587 1816 2716 ln
1879 2585 1992 2649 illo
2052 2594 2410 2666 tempore:
2490 2585 2882 2668 Assumpsit

1764 2673 1961 2754 Jesus
2064 2674 2420 2737 duodecim
2513 2674 2878 2757 discipulos

1674 2780 1832 2825 suos
1885 2771 1952 2826 et
1999 2763 2092 2827 ait
2140 2761 2306 2826 illis:
2357 2762 2534 2826 Ecce
2577 2764 2880 2827 ascendi-

1674 2868 1824 2913 mus
1856 2850 2373 2933 hierosolymam
2403 2871 2420 2915 :
2465 2860 2536 2915 et
2565 2870 2882 2915 consum-

1674 2939 2037 3003 mabuntur
2112 2939 2341 3003 omnia
2416 2958 2548 3022 que
2605 2940 2874 3023 ‘scripta

1672 3036 1829 3090 sunt
1917 3048 2038 3111 per
2110 3027 2472 3110 prophetas
2558 3028 2644 3093 de
2732 3028 2874 3093 filio

1669 3113 1980 3181 hominis,
2073 3116 2164 3179 Et
2195 3115 2465 3198 reliqua.

1676 3202 1931 3267 Omelia
1961 3203 2136 3268 beati
2149 3203 2452 3287 gregorii
2461 3215 2648 3286 pape.

1833 3293 2162 3357 assionem
2215 3312 2404 3355 suam
2457 3290 2710 3377 [Lectio
2753 3292 2868 3376 vij.

1834 3381 2145 3444 dominus
2212 3381 2558 3463 predicens
2635 3382 2869 3444 fratres

1670 3469 1884 3550 magis
1937 3490 2009 3533 se
2059 3468 2268 3532 filium
2322 3469 2612 3531 hominis
2661 3489 2864 3551 quam

1667 3555 1878 3622 filium
1940 3558 2050 3622 dei
2109 3555 2432 3657 appellari
2482 3556 2730 3621 voluit:
2791 3566 2868 3621 ut

1665 3646 2048 3710 ostenderet
2107 3665 2266 3727 qma
2325 3663 2445 3726 per
2503 3643 2630 3707 hoc
2680 3646 2860 3725 quod

1666 3732 1842 3797 filius
1872 3734 2159 3797 hominis
2183 3732 2344 3796 fuit:
2378 3732 2597 3814 potuit
2619 3733 2862 3799 teneri:

1664 3820 2022 3905 flagellari:
2098 3818 2405 3902 crucifigi.
2530 3820 2864 3885 Divinitas

1665 3920 1892 3981 autem
1940 3909 2361 3992 impassibilis
2408 3911 2671 3974 mansit.
2744 3911 2862 3977 Re.

1662 3999 1790 4063 Ait
1843 4008 2068 4069 autem
2119 3996 2438 4061 abraham
2499 3998 2585 4063 ad
2649 3998 2862 4063 dorni-

1663 4108 1865 4152 num:
1910 4087 2186 4150 obsecro
2230 4086 2500 4151 domine
2543 4088 2679 4151 mi:
2727 4108 2862 4152 non

1661 4176 1890 4239 deleas
1963 4194 2233 4239 omnem
2297 4174 2514 4240 locum
2592 4186 2863 4259 propter

2305 4264 2683 4347 Respondit
2742 4266 2862 4328 do-

362 4370 519 4413 num
580 4352 753 4416 inter
795 4374 905 4417 me
958 4363 1028 4417 et
1078 4374 1304 4419 semen
1350 4364 1559 4422 tuum.
1658 4354 1880 4417 minus
1911 4352 2114 4419 deus:
2161 4372 2294 4417 non
2320 4352 2560 4417 delebo
2592 4363 2864 4436 propter

660 4539 674 4569 ¹
710 4540 967 4589 contenuit
989 4559 1001 4589 :
1038 4540 1099 4593 E.

2080 4540 2101 4569 ²
2135 4538 2235 4588 fide
2253 4556 2265 4587 :
2301 4538 2358 4588 E.
2371 4538 2434 4589 G.

2562 4644 2598 4695 S
