3375 5100
974 336 1235 392 INFRA
1288 334 1496 393 OCTA
1512 334 1611 391 VA
1618 334 1669 390 S
1719 334 2116 391 CORPORIS
2163 334 2508 391 CHRISTI.

1016 446 1169 502 543

478 552 763 619 Gloriosi
809 552 1152 637 principes,
1200 570 1247 639 γ
1295 552 1377 615 In
1407 572 1674 616 omnem

478 652 737 707 terram.
792 641 937 707 Oro.
988 642 1173 705 Deus
1190 642 1305 724 qui
1335 641 1673 705 hodierna.

474 741 543 793 et
571 730 879 794 memoria
920 730 1003 793 de
1048 730 1290 793 octavis
1331 729 1546 793 sancti
1567 728 1675 812 jo-

473 819 731 884 hannis.
821 827 925 882 an‘.
1022 819 1345 902 Ingresso,
1398 836 1445 905 γ
1521 818 1679 882 Fuit

476 908 697 971 homo,
752 907 997 972 Oratio.
1047 908 1233 971 Deus
1264 907 1377 990 qui
1412 926 1679 988 presen-

476 1006 634 1060 tem.
679 1005 743 1059 et
789 996 895 1059 die
951 994 1239 1077 sequenti
1281 992 1546 1058 dicatur
1586 1003 1679 1056 to-

478 1094 619 1148 tum
677 1084 758 1148 de
811 1083 1399 1147 commemoratione
1468 1081 1681 1145 sancti

461 1174 663 1256 pauli
718 1194 861 1236 cum
915 1193 1139 1236 novem
1190 1170 1562 1236 lectionibus
1617 1179 1683 1233 et

479 1262 789 1324 memoria
848 1262 929 1323 de
978 1269 1194 1323 sancto
1266 1260 1466 1322 Petro
1525 1267 1675 1323 aria.

480 1349 679 1416 Solve
719 1349 1013 1432 jubente.
1057 1365 1106 1435 γ
1150 1348 1256 1411 Tu
1318 1368 1388 1411 es
1434 1357 1675 1431 petrus,

487 1438 735 1502 Oratio.
786 1438 971 1501 Deus
1002 1438 1117 1519 qui
1148 1438 1348 1500 beato
1367 1445 1556 1518 petro
1580 1444 1682 1499 :et

478 1526 787 1590 memoria
818 1526 899 1589 de
936 1534 1160 1589 octava
1200 1524 1412 1587 sancti
1431 1523 1677 1606 johan-

476 1615 583 1677 nis
610 1624 714 1678 ari.
776 1614 1109 1697 Apertum
1142 1622 1259 1677 est.
1290 1630 1341 1699 y
1370 1613 1525 1676 Fuit
1556 1612 1679 1676 ho-

479 1724 607 1767 m0.
650 1702 893 1768 Oratio.
930 1704 1115 1766 Deus
1144 1702 1257 1784 qui
1282 1710 1677 1785 presentem.

480 1796 545 1871 (1'
593 1791 681 1855 Si
725 1802 940 1854 autem
983 1791 1239 1873 festum
1298 1790 1533 1872 duplex
1606 1789 1677 1852 in

476 1880 717 1944 octavis
743 1878 1019 1961 corporis
1043 1878 1292 1945 Christi
1304 1877 1680 1959 contigerit:

476 1969 765 2034 videlicet
777 1969 964 2049 festa
990 1966 1204 2031 sancti
1244 1965 1573 2030 willelmi:
1616 1974 1680 2027 et

478 2058 797 2121 nativitas
830 2056 1084 2120 ¹sancti
1134 2053 1425 2138 johanni
1432 2076 1455 2116 s
1475 2077 1499 2118 .·
1542 2053 1683 2116 sive

475 2146 899 2229 apostolorum
924 2144 1103 2229 petri
1144 2152 1207 2207 et
1247 2142 1484 2227 pauli:
1529 2151 1683 2205 tunc

476 2235 862 2317 anticipetur
918 2232 1258 2297 servitium
1303 2241 1677 2295 octavarum

476 2332 541 2388 et
589 2324 729 2405 fiat
784 2322 891 2386 die
946 2319 1252 2385 mercurii
1313 2319 1681 2402 precedente

478 2432 621 2475 cum
712 2410 795 2475 ix.
870 2410 1241 2474 lectionibus
1326 2418 1393 2471 et
1477 2406 1683 2471 medie

479 2500 766 2564 lectiones
808 2497 888 2564 de
914 2498 1090 2580 festo
1136 2498 1233 2580 iij.
1278 2497 1407 2561 lect.
1442 2497 1513 2561 in
1528 2506 1678 2578 pre-

480 2589 687 2652 dictas
727 2588 995 2671 vigilias
1022 2587 1255 2650 scilicet
1298 2586 1363 2649 E
1364 2584 1683 2650 theldrede

483 2677 767 2759 virginis
809 2686 872 2739 et
898 2675 1136 2739 Leonis
1159 2686 1329 2757 pape
1354 2695 1497 2737 cum
1523 2673 1677 2736 mis-

482 2787 561 2829 sa
607 2766 675 2828 in
719 2763 997 2847 capitulo
1040 2763 1119 2826 de
1150 2761 1462 2845 predictis
1508 2763 1616 2844 vig
1625 2761 1679 2824 i-

484 2855 597 2918 liis
617 2876 641 2917 .·
712 2863 777 2916 et
840 2861 993 2915 tunc
1060 2851 1365 2915 dicantur
1420 2849 1687 2932 proprie

484 2941 829 3023 antiphone
868 2952 1058 3022 super
1088 2940 1376 3022 psalmos
1404 2938 1683 3020 feriales

483 3031 563 3094 de
609 3029 801 3094 dictis
843 3028 1046 3110 sestis
1093 3028 1189 3091 ad
1227 3027 1487 3110 primas
1546 3047 1679 3090 ves-

472 3131 669 3202 peras
693 3141 717 3182 .·
761 3138 869 3180 nec
894 3117 1032 3200 fiat
1058 3117 1285 3198 aliqua
1314 3115 1545 3179 mentio
1574 3115 1679 3177 de-

486 3208 695 3288 inceps
722 3206 802 3270 de
828 3206 963 3270 illis
982 3229 1006 3269 .·
1040 3204 1173 3268 nisi
1199 3203 1507 3269 memoria
1539 3213 1683 3266 tan-

488 3307 628 3360 tum
702 3293 800 3358 ad
864 3304 1153 3375 vesperas
1214 3314 1360 3356 cum
1404 3301 1552 3356 ana.
1617 3290 1679 3356 O

486 3404 762 3449 sacrum.
809 3383 973 3447 Item
1002 3381 1067 3445 si
1076 3382 1333 3463 festum
1366 3381 1449 3444 ix.
1480 3379 1685 3444 lectio-

488 3493 649 3538 num
701 3473 769 3535 in
848 3483 1070 3536 octava
1143 3469 1251 3534 die
1306 3468 1643 3550 contigerit
1660 3490 1683 3531 .-

484 3561 838 3643 differatur
879 3560 949 3623 in
991 3560 1349 3624 crastinum
1370 3581 1395 3623 .·
1440 3567 1502 3621 et
1529 3556 1686 3621 inci-

472 3651 712 3734 piatur
748 3649 827 3713 de
884 3659 1100 3712 sancto
1143 3648 1241 3712 ad
1275 3646 1627 3728 capitulum
1660 3668 1686 3708 .·

488 3749 554 3804 et
598 3737 911 3802 memoria
998 3737 1077 3800 de
1146 3737 1326 3819 festo
1412 3735 1692 3817 corporis

495 3827 759 3898 Christi.
810 3826 897 3890 Si
923 3846 1068 3889 vero
1107 3824 1215 3889 die
1256 3824 1508 3888 veneris
1537 3832 1694 3905 post

490 3927 748 3979 octavas
787 3914 1117 3997 predictas
1158 3915 1414 3997 festum
1459 3912 1698 3994 duplex

488 4003 827 4086 contigerit
907 4002 1129 4084 prime
1214 4013 1458 4084 vespere
1545 4010 1698 4064 tunc

490 4102 683 4155 erunt
710 4111 855 4154 cum
904 4089 1273 4173 antiphonis
1307 4089 1694 4172 pertinenti-

492 4181 609 4244 bus
637 4180 732 4242 ad
755 4179 1005 4259 festum
1029 4179 1265 4261 duplex
1280 4201 1303 4242 .·
1333 4188 1399 4241 et
1409 4179 1693 4260 psalmis

476 4268 834 4350 ferialibus
850 4288 992 4330 cum
1018 4266 1287 4331 memori
1287 4266 1345 4331 is
1360 4267 1441 4330 de
1452 4267 1694 4331 octavis

478 4355 813 4440 predictis.

594 4493 609 4522 ¹
646 4491 963 4541 nativitatis:
1000 4491 1070 4541 N.

592 4561 613 4590 ²
651 4557 854 4608 ‘homo’
881 4557 980 4608 add
1008 4575 1019 4608 ς
1057 4557 1215 4608 W.N.

2300 446 2448 498 544

1782 556 1847 631 (1'
1881 550 1948 614 F
1942 552 2082 615 eria
2111 553 2196 636 vj.
2695 552 2912 617 Lectio
2919 554 2987 637 j.

1779 641 1970 773 H
1988 640 2136 722 ujus
2259 640 2654 705 sacramenti
2772 641 2986 724 figura

1986 729 2338 813 precessit:
2386 730 2657 811 quando
2731 750 2982 794 manna

1779 815 1949 901 pluit
2008 819 2171 881 deus
2225 818 2524 901 patribus
2555 818 2622 880 in
2677 818 2980 884 deserto:

1778 906 1894 989 qui
1943 908 2335 990 quotidiano
2383 906 2504 969 celi
2536 908 2981 989 pascebantur

1779 994 2118 1059 aliment0.
2241 994 2445 1060 Unde
2505 994 2758 1058 dictum
2837 1006 2978 1061 est:

1784 1083 2030 1146 Panem
2085 1082 2472 1164 angelorum
2552 1084 2980 1148 manducavit

1779 1170 1998 1236 home.
2093 1171 2228 1238 Sed
2259 1180 2486 1235 tamen
2517 1191 2758 1253 panem
2792 1172 2977 1237 illum

1779 1260 1892 1341 qui
1947 1260 2555 1324 manducaverunt:
2601 1262 2668 1323 in
2715 1260 2979 1325 deserto

1780 1368 2011 1411 omnes
2045 1349 2285 1412 mortui
2317 1358 2490 1412 sunt.
2665 1349 2878 1412 Lectio
2909 1351 2976 1432 ij.

1777 1438 1875 1569 l
1885 1445 1988 1500 sta
2008 1446 2232 1500 autem
2256 1456 2619 1519 escaquam
2645 1438 2940 1521 accipitis
2961 1460 2982 1503 t

1890 1526 2016 1588 iste
2061 1526 2252 1602 panis
2300 1526 2486 1588 vivus
2533 1526 2648 1607 qui
2695 1526 2780 1589 de
2835 1528 2978 1591 celo

1779 1612 2126 1678 descendit
2188 1615 2324 1676 vite
2386 1623 2614 1677 eterne
2669 1614 2980 1679 substan·

1777 1700 1940 1765 tiam
2003 1701 2347 1765 ministrat.
2463 1702 2555 1765 Et
2601 1704 2978 1786 quicunque

1778 1790 1952 1853 hunc
1978 1811 2219 1872 panem
2242 1789 2774 1855 manducaverit²
2801 1814 2816 1856 :
2841 1813 2974 1855 non

1778 1881 2094 1942 morietur
2145 1880 2212 1942 in
2244 1888 2590 1943 eternum:
2636 1880 2793 1962 quia
2833 1900 2974 1944 cor-

1779 1988 1903 2051 pus
1937 1967 2182 2032 Christi
2206 1977 2325 2032 est.
2634 1968 2848 2031 Lectio
2880 1969 2976 2051 iij.

1790 2056 2234 2189 Considera
2300 2065 2522 2119 utrum
2608 2077 2780 2121 nunc
2827 2078 2974 2140 pre-

1926 2145 2206 2209 stantior
2250 2146 2336 2208 sit
2367 2145 2557 2227 panis
2588 2143 2975 2227 angelorum

1780 2252 1865 2295 an
1895 2252 2052 2297 caro
2086 2232 2374 2297 Christi:
2420 2253 2549 2315 que
2597 2235 2826 2315 utique
2873 2243 2977 2298 est

1781 2341 2019 2403 corpus
2088 2322 2240 2385 vite.
2364 2321 2620 2386 Manna
2680 2322 2841 2386 illud
2890 2323 2975 2387 de

1777 2410 1967 2473 celo:
2024 2408 2150 2472 hoc
2197 2430 2396 2492 super
2439 2410 2672 2474 celum.
2795 2410 2975 2474 Illud

1781 2497 1902 2561 celi
1933 2519 1948 2562 :
1994 2497 2121 2562 hoc
2152 2498 2403 2562 domini
2427 2499 2736 2564 celorum.
2801 2499 2976 2564 Illud

1781 2588 2181 2669 corruptioni
2271 2589 2689 2652 obnoxium:
2777 2589 2832 2652 si
2907 2589 2974 2652 in

1781 2676 1960 2739 diem
2031 2676 2311 2739 alterum
2372 2686 2774 2740 servaretur:
2848 2676 2978 2742 hoc

1781 2764 2071 2827 alienum
2105 2765 2190 2827 ab
2220 2765 2403 2827 omni
2436 2766 2868 2848 corruptione.

1784 2857 1849 2932 (1'
1885 2852 2183 2917 Sabbato.

1921 2942 2136 3004 uantis
2157 2941 2358 3023 igitur
2380 2941 2626 3005 utimur
2650 2943 2978 3024 exemplis

1793 2942 1992 3107 Qut
2051 3029 2405 3112 probemus
2466 3031 2592 3094 hoc
2653 3051 2785 3094 non
2836 3052 2980 3095 esse

1783 3118 1960 3201 quod
1995 3127 2229 3182 natura
2248 3117 2558 3182 formavit
2593 3139 2608 3197 ;
2655 3119 2770 3182 sed
2797 3119 2978 3202 quod

1783 3205 2158 3270 benedictio
2210 3208 2634 3271 consecravit.
2732 3209 2980 3289 Major-

1783 3315 2026 3377 emque
2085 3296 2218 3358 vim
2299 3316 2442 3358 esse
2501 3295 2980 3361 benedictionis

1785 3404 1987 3466 quam
2034 3393 2270 3447 nature
2315 3385 2474 3466 quia
2517 3384 2982 3449 benedictione

1787 3473 1988 3536 etiam
2011 3482 2245 3536 natura
2265 3472 2408 3554 ipsa
2422 3482 2730 3558 mutatur.
2782 3473 2982 3539 Unde

1783 3561 2038 3643 virgam
2082 3561 2357 3624 tenebat
2417 3581 2721 3643 moyses:
2769 3562 2982 3644 proje-

1785 3650 1877 3712 cit
1937 3668 2130 3714 eam:
2178 3658 2250 3713 et
2299 3650 2477 3714 sacta
2529 3660 2633 3714 est
2691 3671 2980 3733 serpens,

1790 3738 2080 3801 Rursum
2173 3737 2614 3821 apprehendit
2698 3740 2984 3804 caudam

1789 3827 2157 3909 serpentis:
2204 3835 2272 3890 et
2318 3827 2386 3889 in
2445 3827 2630 3910 virge
2675 3837 2984 3892 naturam

1789 3917 2155 3978 revertitur.
2245 3915 2454 3978 Vides
2509 3936 2669 3998 ergo
2701 3915 2985 4000 prophe-

1789 4003 1922 4067 tica
1953 4005 2169 4086 gratia
2195 4003 2298 4067 bis
2331 4013 2656 4068 mutatam
2695 4025 2838 4068 esse
2869 4025 2986 4069 na-

1788 4101 2046 4157 turam:
2093 4101 2160 4155 et
2189 4093 2512 4175 serpentis
2542 4103 2610 4157 et
2638 4094 2836 4176 virge.

1793 4183 1992 4313 M
2009 4181 2242 4244 arach³
2295 4180 2534 4244 fluvius
2630 4182 2874 4266 [Lectio
2920 4181 2988 4263 ij.

2006 4269 2454 4333 amarissimus
2468 4279 2610 4334 erat
2628 4293 2643 4338 :
2669 4279 2744 4334 ut
2762 4272 2992 4334 sitiens

1795 4356 2081 4441 populus
2114 4357 2334 4422 bibere
2360 4379 2489 4422 non
2515 4369 2755 4442 posset.
2805 4360 2990 4423 Misit

1885 4495 1906 4523 ²
1941 4492 2178 4544 Marathz
2214 4494 2280 4545 N.

2690 2853 2906 2916 Lectio
2915 2803 3002 2936 j..

3315 3381 3342 4026 hurih-„Q—
