3375 5100
1629 369 2049 430 DOMINICA

1125 480 1282 538 468

605 585 690 651 Si·
707 585 1070 651 dixerimus
1099 586 1410 670 quoniam
1441 593 1787 670 peccatum

603 695 736 738 non
775 674 1124 740 habemus:
1193 675 1316 759 ipsi
1371 695 1492 739 nos
1537 675 1791 739 seduci-

603 783 796 830 mus:
869 775 940 828 et
995 764 1236 828 veritas
1285 763 1353 826 in
1411 762 1605 827 nobis
1653 783 1788 826 non

603 859 720 914 est.
1474 850 1691 915 Lectio
1720 850 1789 933 ij.

743 938 764 1002 i
784 937 1216 1004 confiteamur
1231 947 1504 1022 peccata
1527 948 1791 1004 nostra:

743 1027 954 1092 fidelis
995 1037 1062 1092 et
1084 1029 1301 1110 justus
1337 1037 1439 1092 est
1466 1027 1669 1092 deus:
1712 1035 1791 1092 ut

603 1116 901 1180 remittat
929 1115 1118 1180 nobis
1148 1125 1421 1198 peccata
1451 1125 1678 1180 nostra
1720 1123 1791 1180 et

603 1203 920 1268 emundet
951 1224 1072 1268 nos
1095 1204 1181 1268 ab
1210 1205 1390 1268 omni
1421 1204 1787 1286 iniquitate.

605 1291 679 1357 Si
709 1293 1072 1356 dixerimus
1117 1293 1429 1374 quoniam
1473 1311 1608 1356 non
1637 1311 1789 1374 pec-

600 1381 936 1444 cavimus:
983 1381 1368 1446 mendacem
1427 1399 1580 1444 eum
1633 1380 1791 1445 faci-

602 1488 750 1532 mus
779 1478 850 1534 et
880 1469 1152 1534 verbum
1201 1469 1346 1552 ejus
1395 1488 1528 1533 non
1573 1477 1674 1532 est
1722 1468 1791 1532 in

599 1557 808 1622 nobiS.
991 1625 1000 1632 ,
1446 1555 1664 1621 Lectio
1694 1557 1791 1640 aij.

763 1643 922 1709 ilioli
955 1645 1083 1710 mei
1115 1643 1236 1710 hec
1255 1645 1468 1710 scribo
1497 1645 1686 1710 vobis
1718 1655 1793 1711 ut

761 1753 894 1796 non
947 1735 1246 1816 peccetis,
1335 1733 1470 1801 Sed
1539 1733 1596 1798 si
1643 1734 1798 1816 quis

601 1821 1011 1904 peccaverit:
1043 1822 1438 1887 advocatum
1468 1821 1793 1886 habemus

599 1909 780 1993 apud
830 1917 1084 1994 patrem
1163 1911 1392 1993 Joeum
1455 1909 1793 1974 Christum

592 1997 848 2081 justum
880 1998 1110 2082 etipse
1140 2008 1242 2064 est
1263 1998 1650 2082 propiciatio
1670 2017 1795 2081 pro

602 2087 893 2170 peccatis
925 2088 1178 2152 nostris,
1273 2087 1428 2152 Non
1472 2107 1594 2169 pro
1639 2105 1793 2150 nos·

602 2176 721 2240 tris
767 2185 992 2239 autem
1053 2183 1355 2240 tantum:
1417 2175 1536 2240 sed
1587 2174 1791 2240 etiam

597 2284 721 2345 pro
749 2264 954 2327 totius
984 2263 1230 2328 mundi.
1295 2263 1385 2327 Et
1414 2264 1482 2328 in
1513 2261 1638 2328 hoc
1669 2263 1795 2326 sci-

601 2371 749 2415 mus
778 2353 1094 2433 quoniam
1139 2350 1568 2434 cognovimus
1597 2371 1791 2416 eum:

597 2440 654 2502 si
684 2439 1001 2504 mandata
1030 2440 1173 2522 ejus
1217 2439 1659 2504 observemus.
1704 2440 1791 2503 In

597 2548 822 2611 evang.
851 2537 958 2593 aii.
1048 2527 1206 2594 Non
1249 2529 1430 2593 enim
1478 2526 1794 2612 loquetur

595 2638 637 2681 a
667 2618 1022 2700 semetipso
1049 2638 1064 2683 ε
1110 2616 1228 2683 sed
1258 2637 1647 2700 quecunque
1676 2638 1791 2681 au-

600 2705 738 2769 diet
783 2704 1122 2788 loquetur:
1187 2714 1256 2769 et
1299 2725 1430 2787 que
1515 2714 1792 2771 ventura

601 2802 757 2857 sunt
787 2792 1212 2859 annunciabit
1239 2794 1429 2858 vobis
1459 2792 1625 2857 all’a.
1690 2802 1788 2876 pf.

605 2882 1017 2946 Benedictus
1148 2881 1276 2945 Ad
1355 2892 1644 2963 vesperas
1719 2882 1795 2945 in

599 2990 780 3034 evan.
838 2978 944 3034 ari.
1038 2968 1164 3033 Ille
1212 2990 1320 3033 me
1366 2968 1791 3035 clarificabit:

600 3058 757 3139 quia
785 3058 870 3122 de
903 3076 1052 3121 meo
1103 3057 1383 3141 accipiet
1431 3067 1502 3121 et
1533 3078 1789 3122 annun·

593 3146 795 3211 ciabit
823 3145 1013 3211 vobis
1045 3146 1210 3211 all'a.
1247 3154 1344 3227 pff.
1383 3146 1789 3229 Magnificat.

597 3238 659 3313 (Ι
692 3233 890 3297 Feria
969 3233 1092 3317 iiij.
1175 3234 1463 3299 invitato,
1537 3244 1642 3298 etc.
1718 3244 1794 3298 ut

591 3334 806 3404 supra.
853 3323 938 3387 In
967 3332 1270 3386 nocturno
1298 3330 1401 3387 ar'z'.
1476 3320 1788 3387 Alleluia.

586 3420 684 3494 pff.
805 3412 1076 3476 Exaudi
1164 3411 1328 3475 deus
1422 3412 1789 3477 orationem

598 3628 614 3657 ⁸
651 3626 886 3692 Exurge:
919 3626 988 3677 N.

596 3694 619 3726 ⁸
648 3696 909 3778 Propter
947 3692 1080 3758 quod
1119 3690 1356 3742 succincti
1386 3688 1582 3741 lumbos
1605 3690 1785 3741 mentis

742 3768 904 3809 vestre
935 3758 1085 3809 sobrii
1120 3757 1322 3823 perfecti
1358 3764 1551 3822 sperate
1585 3756 1636 3805 in
1671 3772 1783 3805 eam

629 3841 694 3876 ue
714 3826 917 3876 offertur
949 3824 1092 3875 vobis
1123 3823 1332 3889 gratiam
1355 3822 1408 3873 in
1431 3822 1784 3873 revelationem

624 3908 708 3943 esu
733 3892 917 3942 Christi
939 3890 1080 3969 quasi
1103 3890 1191 3939 filii
1223 3889 1502 3939 obedientie
1531 3904 1632 3937 non
1663 3904 1785 3938 con-

593 3958 788 4023 figurati
822 3958 1065 4022 prioribus
1086 3956 1364 4021 ignorantie
1395 3962 1554 4005 vestre
1587 3954 1782 4005 deside-

594 4024 678 4074 riis
722 4022 809 4073 sed
852 4024 1122 4073 secundum
1166 4038 1280 4072 eum
1319 4022 1404 4087 qui
1446 4020 1640 4071 vocavit
1692 4036 1783 4071 vos

591 4096 817 4139 sanctum
839 4096 894 4139 ut
917 4096 967 4139 et
1006 4089 1100 4155 ipsi
1141 4088 1194 4138 in
1233 4088 1370 4138 omni
1407 4086 1781 4137 conversatione

592 4155 752 4205 sancti
773 4154 880 4205 sitis
918 4154 1154 4220 quoniam
1184 4154 1420 4219 scriptum
1443 4160 1532 4205 est.
1609 4152 1781 4202 Sancti

591 4222 728 4271 eritis
749 4221 984 4298 quoniam
1005 4228 1054 4271 et
1077 4236 1172 4285 ego
1194 4228 1391 4270 sanctus
1412 4234 1520 4269 sum
1565 4218 1690 4268 Lect.
1720 4218 1776 4283 ij.

591 4290 709 4371 Et
744 4302 786 4336 sn
823 4295 1010 4351 patrem
1035 4285 1274 4336 invocatis
1297 4301 1410 4335 eum
1432 4284 1516 4351 qui
1539 4284 1646 4334 sine
1667 4300 1779 4349 per-

687 4368 918 4402 sonarum
955 4352 1244 4417 acceptione
1277 4351 1468 4417 judicat
1502 4351 1775 4401 secundum

593 4418 968 4483 uniuscujusque
997 4434 1122 4483 opus
1139 4418 1188 4467 in
1207 4418 1383 4468 timore
1405 4417 1647 4467 incolatus
1669 4433 1775 4467 ves-

589 4486 650 4534 tri
671 4494 891 4550 tempore
912 4484 1270 4534 conversamini
1293 4484 1502 4533 scientes
1523 4483 1656 4548 quod
1675 4498 1779 4533 non

590 4551 990 4619 corruptibilibus
1013 4566 1132 4600 auro
1171 4550 1252 4600 vel
1289 4557 1495 4615 argento
1535 4548 1775 4613 redempti

2396 479 2547 534 464

1884 605 2119 649 meam.
2182 595 2279 668 pf.
2337 585 2628 667 jubilate
2680 585 2808 649 deo
2858 587 3083 651 omnis

1881 683 2073 739 terra.
2121 683 2223 755 pf.
2270 673 2597 757 Exurgat¹
2640 674 2819 738 deus.
2861 691 2908 761 γ
2940 675 3079 738 Re-

1884 763 2167 827 surrexit
2184 763 2506 828 dominus,
2786 761 3000 826 Lectio
3006 763 3073 844 j.

2020 850 2131 915 ui²
2159 850 2323 916 dicit
2352 871 2425 914 se
2468 871 2665 915 nosse
2707 851 2947 916 deum:
3002 860 3077 914 et

2019 939 2337 1003 mandata
2378 938 2521 1020 ejus
2564 959 2699 1002 non
2744 939 3032 1004 custodit
3056 960 3077 1002 ε

1886 1027 2179 1090 mendax
2209 1035 2348 1092 est:
2379 1037 2447 1091 et
2475 1029 2716 1092 veritas
2747 1028 2815 1091 in
2838 1047 2918 1092 eo
2938 1047 3075 1092 non

1885 1120 2007 1179 est.
2095 1114 2229 1197 Qui
2266 1125 2492 1180 autem
2542 1123 2759 1180 servat
2794 1115 3075 1180 verbum

1884 1202 2026 1286 ejus
2047 1223 2199 1267 vere
2244 1205 2311 1268 in
2336 1223 2418 1268 eo
2461 1203 2745 1268 charitas
2788 1203 2895 1267 dei
2924 1223 3073 1286 per-

1884 1291 2059 1357 fecta
2100 1301 2219 1356 est.
2312 1293 2391 1356 In
2439 1292 2565 1357 hoc
2616 1293 2859 1357 scimus
2905 1313 3077 1376 quo-

1884 1381 2063 1444 niam
2087 1381 2153 1442 in
2181 1381 2326 1463 ipso
2344 1401 2571 1445 sumus
2586 1381 2665 1444 :si
2686 1381 2753 1444 in
2772 1381 2917 1463 ipso
2926 1401 3077 1463 per-

1884 1467 2035 1534 fecti
2088 1467 2414 1534 fuerimus
2504 1467 2637 1551 Qui
2682 1469 2843 1532 dicit
2887 1489 2957 1532 se
3003 1469 3075 1534 in

1885 1557 2031 1640 ipso
2052 1577 2335 1622 manere.
2365 1557 2566 1622 debet
2594 1558 2763 1622 sicut
2791 1556 2901 1621 ille
2930 1577 3074 1622 am-

1885 1644 2137 1710 bulavit
2164 1667 2179 1710 :
2210 1647 2437 1729 etipse
2454 1644 2810 1710 ambulare.
2829 1643 2974 1709 Lec.
2998 1647 3073 1729 ij.

2050 1734 2325 1798 arissimi
2355 1753 2491 1798 non
2534 1735 2922 1799 mandatum
2953 1753 3075 1798 no-

2002 1841 2157 1886 vum
2188 1822 2403 1886 scribo
2432 1822 2664 1887 vobis:
2708 1821 2827 1886 sed
2880 1841 3073 1886 man-

1887 1910 2123 1975 datum
2166 1919 2357 1975 vetus
2400 1911 2583 1993 quod
2627 1909 2951 1976 habuistis
2982 1911 3073 1976 ab

1888 1999 2091 2064 initio.
2199 1999 2600 2064 Mandatum
2684 2009 2877 2064 vetus
2966 2009 3073 2066 est

1887 2087 2159 2151 verbum
2246 2087 2425 2170 quod
2513 2087 2809 2154 audistis,
2903 2087 3073 2152 Iter-

1888 2195 2002 2240 um
2080 2176 2470 2240 mandatum
2543 2195 2787 2241 novum
2854 2175 3073 2241 scribo

1885 2263 2072 2328 vobis
2094 2264 2275 2346 quod
2304 2273 2407 2329 est
2432 2284 2701 2328 verum:
2730 2272 2801 2329 et
2830 2265 2898 2328 in
2923 2265 3071 2348 ipso

1886 2362 1954 2417 et
1984 2353 2051 2416 in
2081 2353 2269 2418 vobis
2296 2373 2313 2418 :
2355 2353 2515 2434 quia
2534 2353 2804 2418 tenebre
2834 2353 3073 2418 transi-

1886 2449 2123 2507 erunt:
2209 2449 2279 2506 et
2342 2460 2573 2506 verum
2647 2442 2870 2506 lumen
2925 2443 3071 2525 jam

1886 2527 2077 2595 lucet.
2730 2529 2941 2597 Lectio
2970 2530 3071 2614 iij.

2020 2619 2086 2682 ui
2132 2616 2293 2683 dicit
2350 2638 2422 2682 se
2474 2618 2542 2681 in
2586 2618 2732 2683 luce
2768 2639 2955 2684 esse:
3000 2627 3073 2683 et

2018 2706 2282 2774 fratrem
2326 2725 2517 2771 suum
2563 2707 2747 2773 odit:
2792 2709 2859 2771 in
2888 2716 3073 2772 tene-

1886 2794 2021 2859 bris
2066 2804 2168 2858 est
2198 2814 2407 2877 usque
2434 2794 2669 2860 adhuc.
2759 2794 2894 2879 Qui
2924 2796 3071 2859 dili-

1882 2882 1983 2965 git
2054 2882 2319 2947 fratrem
2393 2903 2587 2947 suum
2682 2883 2749 2947 in
2822 2883 3075 2949 lumine

1886 2980 2112 3036 manet
2138 2992 2154 3036 :
2198 2980 2267 3035 et
2296 2972 2679 3036 scandalum
2724 2972 2792 3035 in
2823 2993 2903 3037 eo
2934 2994 3071 3037 non

1884 3068 2003 3125 est.
2092 3058 2226 3141 Qui
2257 3060 2399 3124 odit
2443 3058 2710 3125 fratrem
2762 3080 2955 3125 suum
3002 3062 3071 3125 in

1883 3147 2171 3214 tenebris
2202 3157 2347 3213 est:
2392 3157 2462 3213 et
2506 3150 2575 3211 in
2606 3149 2899 3214 tenebris
2928 3170 3071 3213 am-

1884 3235 2073 3300 bulat
2124 3244 2193 3300 et
2246 3236 2454 3300 nescit
2500 3256 2635 3319 quo
2682 3247 2835 3302 eat:
2904 3258 3072 3319 quo-

1888 3323 2067 3388 niam
2201 3324 2471 3390 tenebre
2590 3324 3073 3389 obcecaverunt

1886 3412 2114 3479 oculos
2186 3411 2343 3496 ejus,
2460 3410 2547 3476 In
2618 3432 2871 3497 evange.
2962 3422 3069 3479 aii.

1882 3623 2001 3675 estis
2022 3624 2086 3675 de
2111 3640 2239 3675 vana
2277 3632 2439 3675 vestra
2458 3625 2831 3674 conversatione
2868 3630 3073 3689 paterne

1882 3690 2197 3741 traditionis:
2243 3690 2330 3741 sed
2366 3692 2589 3755 precioso
2638 3689 2877 3755 sanguine
2931 3692 3073 3755 quasi

1882 3756 1999 3821 agni
2038 3756 2411 3807 incontaminati
2453 3764 2505 3807 et
2548 3756 2849 3807 immaculati
2884 3756 3068 3807 Christi

1878 3823 1998 3888 Jesu
2036 3823 2310 3888 precogniti
2350 3823 2552 3889 quidem
2599 3830 2715 3873 ante
2760 3822 3070 3873 constitutio-

1882 3905 1997 3939 nem
2013 3890 2199 3940 mundi.
2808 3889 2968 3938 Lectio
2987 3890 3066 3953 iij.

1881 3958 2002 4041 M
2008 3955 2269 4005 anisestavi
2294 3954 2625 4019 [Manifestati
2650 3974 2664 4005 ε
2688 3952 2785 4019 Ν.]
2798 3962 2966 4005 autem
2982 3970 3071 4004 no-

2006 4022 2219 4071 vissimis
2242 4022 2543 4086 temporibus
2566 4028 2769 4086 propter
2789 4036 2893 4071 vos.
2968 4020 3073 4085 Qui

1881 4100 1972 4149 per
2008 4086 2173 4153 ipsum
2194 4088 2365 4138 fideles
2396 4088 2514 4137 estis
2536 4088 2589 4136 in
2618 4086 2823 4137 domino
2855 4086 2941 4152 qui
2964 4102 3072 4136 sus·

1879 4150 2051 4203 citavit
2084 4169 2199 4204 eum
2228 4169 2259 4203 a
2288 4153 2493 4203 mortuis
2526 4160 2576 4203 et
2598 4153 2738 4203 dedit
2772 4152 2820 4203 ei
2858 4153 3071 4217 gloriam

1880 4224 1937 4267 ut
1976 4218 2099 4269 fides
2130 4227 2291 4269 vestra
2321 4228 2371 4269 et
2394 4235 2507 4299 spes
2528 4228 2655 4270 esset
2677 4220 2728 4269 in
2760 4218 2856 4269 deo
2879 4220 3072 4269 animas

1881 4291 2065 4335 vestras
2080 4285 2405 4336 castificantes
2423 4301 2473 4335 tn
2488 4286 2771 4335 obedientia
2782 4284 3003 4335 caritatis
3017 4286 3070 4334 in

1876 4348 2192 4403 fraternitatis
2224 4368 2392 4403 amore
2424 4352 2637 4416 simplici
2671 4352 2820 4401 corde
2854 4352 3069 4401 invicem

1878 4416 2071 4482 diligite
2120 4419 2356 4468 attentius
2401 4418 2556 4467 renati
2612 4434 2713 4467 non
2760 4434 2822 4467 ex
2879 4419 3071 4467 semine

1875 4484 2181 4548 corruptibili
2214 4499 2304 4549 per
2326 4485 2528 4533 verbum
2564 4484 2643 4532 dei
2673 4484 2769 4533 vivi
2801 4490 2849 4533 et
2875 4500 3068 4549 perma-

1878 4551 2050 4599 nentis,
2120 4552 2188 4599 In
2208 4566 2348 4599 evan.
2377 4557 2486 4600 cta:
2524 4550 2676 4599 W.N.
