<?xml version="1.0" encoding="UTF-8"?>
<!DOCTYPE html PUBLIC "-//W3C//DTD XHTML 1.0 Transitional//EN"
    "http://www.w3.org/TR/xhtml1/DTD/xhtml1-transitional.dtd">
<html xmlns="http://www.w3.org/1999/xhtml" xml:lang="en" lang="en">
 <head>
  <title>
</title>
<meta http-equiv="Content-Type" content="text/html;charset=utf-8" />
  <meta name='ocr-system' content='tesseract 3.04.00' />
  <meta name='ocr-capabilities' content='ocr_page ocr_carea ocr_par ocr_line ocrx_word'/>
</head>
<body>
  <div class='ocr_page' id='page_1' title='image "./publicationssur05unkngoog_0436.png"; bbox 0 0 3375 5100; ppageno 0'>
   <div class='ocr_carea' id='block_1_1' title="bbox 182 508 227 561">
    <p class='ocr_par' dir='ltr' id='par_1_1' title="bbox 182 508 227 561">
     <span class='ocr_line' id='line_1_1' title="bbox 182 508 227 561; baseline 0 -3"><span class='ocrx_word' id='word_1_1' title='bbox 182 508 227 561; x_wconf 70' lang='lat'><strong>31</strong></span> 
     </span>
    </p>
   </div>
   <div class='ocr_carea' id='block_1_2' title="bbox 121 587 1498 680">
    <p class='ocr_par' dir='ltr' id='par_1_2' title="bbox 121 587 1498 680">
     <span class='ocr_line' id='line_1_2' title="bbox 121 587 1498 680; baseline -0.001 -28"><span class='ocrx_word' id='word_1_2' title='bbox 121 624 221 680; x_wconf 43' lang='lat'><strong>..5352</strong></span> <span class='ocrx_word' id='word_1_3' title='bbox 283 590 413 653; x_wconf 87' lang='lat' dir='ltr'><strong>iste</strong></span> <span class='ocrx_word' id='word_1_4' title='bbox 462 609 581 652; x_wconf 87' lang='lat' dir='ltr'><strong>rex</strong></span> <span class='ocrx_word' id='word_1_5' title='bbox 631 587 879 671; x_wconf 90' lang='lat' dir='ltr'><strong>glorie:</strong></span> <span class='ocrx_word' id='word_1_6' title='bbox 946 587 1257 652; x_wconf 91' lang='lat' dir='ltr'><strong>dominus</strong></span> <span class='ocrx_word' id='word_1_7' title='bbox 1310 588 1498 651; x_wconf 88' lang='lat' dir='ltr'><strong>fortis</strong></span> 
     </span>
    </p>
   </div>
   <div class='ocr_carea' id='block_1_3' title="bbox 253 0 2876 28">
    <p class='ocr_par' dir='ltr' id='par_1_3' title="bbox 253 0 2876 28">
     <span class='ocr_line' id='line_1_3' title="bbox 253 0 2876 28; baseline 0 5072"><span class='ocrx_word' id='word_1_8' title='bbox 253 0 2876 28; x_wconf 95' lang='lat' dir='ltr'><strong> </strong></span> 
     </span>
    </p>
   </div>
   <div class='ocr_carea' id='block_1_4' title="bbox 1208 372 1910 429">
    <p class='ocr_par' dir='ltr' id='par_1_4' title="bbox 1208 372 1910 429">
     <span class='ocr_line' id='line_1_4' title="bbox 1208 372 1910 429; baseline 0.001 -2"><span class='ocrx_word' id='word_1_9' title='bbox 1208 372 1332 427; x_wconf 84' lang='lat' dir='ltr'><strong>AD</strong></span> <span class='ocrx_word' id='word_1_10' title='bbox 1380 373 1509 427; x_wconf 82' lang='lat' dir='ltr'><strong>MA</strong></span> <span class='ocrx_word' id='word_1_11' title='bbox 1523 372 1910 429; x_wconf 80' lang='lat' dir='ltr'><strong>TUTJNAS.</strong></span> 
     </span>
    </p>
   </div>
   <div class='ocr_carea' id='block_1_5' title="bbox 816 484 967 537">
    <p class='ocr_par' dir='ltr' id='par_1_5' title="bbox 816 484 967 537">
     <span class='ocr_line' id='line_1_5' title="bbox 816 484 967 537; baseline 0 0"><span class='ocrx_word' id='word_1_12' title='bbox 816 484 967 537; x_wconf 74' lang='lat'><strong>755</strong></span> 
     </span>
    </p>
   </div>
   <div class='ocr_carea' id='block_1_6' title="bbox 174 678 1499 763">
    <p class='ocr_par' dir='ltr' id='par_1_6' title="bbox 174 678 1499 763">
     <span class='ocr_line' id='line_1_6' title="bbox 174 678 1499 763; baseline -0.002 -22"><span class='ocrx_word' id='word_1_13' title='bbox 174 734 190 763; x_wconf 38' lang='grc' dir='ltr'><em>Γ</em></span> <span class='ocrx_word' id='word_1_14' title='bbox 284 687 358 741; x_wconf 89' lang='lat' dir='ltr'><strong>et</strong></span> <span class='ocrx_word' id='word_1_15' title='bbox 388 688 624 761; x_wconf 92' lang='lat' dir='ltr'><strong>potens</strong></span> <span class='ocrx_word' id='word_1_16' title='bbox 656 678 967 743; x_wconf 90' lang='lat' dir='ltr'><strong>dominus</strong></span> <span class='ocrx_word' id='word_1_17' title='bbox 988 687 1225 760; x_wconf 91' lang='lat' dir='ltr'><strong>potens</strong></span> <span class='ocrx_word' id='word_1_18' title='bbox 1250 678 1319 740; x_wconf 91' lang='lat' dir='ltr'><strong>in</strong></span> <span class='ocrx_word' id='word_1_19' title='bbox 1350 697 1499 760; x_wconf 91' lang='lat' dir='ltr'><strong>pre-</strong></span> 
     </span>
    </p>
   </div>
   <div class='ocr_carea' id='block_1_7' title="bbox 120 760 401 863">
    <p class='ocr_par' dir='ltr' id='par_1_7' title="bbox 120 760 401 863">
     <span class='ocr_line' id='line_1_7' title="bbox 120 760 401 863; baseline 0 -34"><span class='ocrx_word' id='word_1_20' title='bbox 120 760 234 863; x_wconf 39' lang='lat' dir='ltr'><strong>ag..</strong></span> <span class='ocrx_word' id='word_1_21' title='bbox 288 767 401 830; x_wconf 94' lang='lat' dir='ltr'><strong>lio.</strong></span> 
     </span>
    </p>
   </div>
   <div class='ocr_carea' id='block_1_8' title="bbox 121 1078 206 1115">
    <p class='ocr_par' dir='ltr' id='par_1_8' title="bbox 121 1078 206 1115">
     <span class='ocr_line' id='line_1_8' title="bbox 121 1078 206 1115; baseline 0 -16"><span class='ocrx_word' id='word_1_22' title='bbox 121 1078 206 1115; x_wconf 45' lang='grc' dir='ltr'><strong>Τῇ,</strong></span> 
     </span>
    </p>
   </div>
   <div class='ocr_carea' id='block_1_9' title="bbox 121 1120 1499 1207">
    <p class='ocr_par' dir='ltr' id='par_1_9' title="bbox 121 1120 1499 1207">
     <span class='ocr_line' id='line_1_9' title="bbox 121 1120 1499 1207; baseline -0.002 -22"><span class='ocrx_word' id='word_1_23' title='bbox 121 1125 213 1207; x_wconf 54' lang='lat'><strong>242⁰-</strong></span> <span class='ocrx_word' id='word_1_24' title='bbox 292 1142 417 1184; x_wconf 86' lang='lat' dir='ltr'><strong>nus</strong></span> <span class='ocrx_word' id='word_1_25' title='bbox 448 1120 767 1184; x_wconf 88' lang='lat' dir='ltr'><strong>virtutum</strong></span> <span class='ocrx_word' id='word_1_26' title='bbox 798 1121 940 1203; x_wconf 91' lang='lat' dir='ltr'><strong>ipse</strong></span> <span class='ocrx_word' id='word_1_27' title='bbox 971 1129 1071 1184; x_wconf 91' lang='lat' dir='ltr'><strong>est</strong></span> <span class='ocrx_word' id='word_1_28' title='bbox 1102 1141 1223 1183; x_wconf 85' lang='lat' dir='ltr'><strong>rex</strong></span> <span class='ocrx_word' id='word_1_29' title='bbox 1269 1121 1499 1201; x_wconf 89' lang='lat' dir='ltr'><strong>glorie.</strong></span> 
     </span>
    </p>
   </div>
   <div class='ocr_carea' id='block_1_10' title="bbox 120 1302 211 1319">
    <p class='ocr_par' dir='ltr' id='par_1_10' title="bbox 120 1302 211 1319">
     <span class='ocr_line' id='line_1_10' title="bbox 120 1302 211 1319; baseline -0.033 -2"><span class='ocrx_word' id='word_1_30' title='bbox 120 1302 211 1319; x_wconf 57' lang='lat'><strong>5555555</strong></span> 
     </span>
    </p>
   </div>
   <div class='ocr_carea' id='block_1_11' title="bbox 124 2621 168 2668">
    <p class='ocr_par' dir='ltr' id='par_1_11' title="bbox 124 2621 168 2668">
     <span class='ocr_line' id='line_1_11' title="bbox 144 2621 168 2635; baseline 0 -2"><span class='ocrx_word' id='word_1_31' title='bbox 144 2621 168 2635; x_wconf 65' lang='lat' dir='ltr'><strong>-a</strong></span> 
     </span>
     <span class='ocr_line' id='line_1_12' title="bbox 124 2643 165 2668; baseline 0 -6"><span class='ocrx_word' id='word_1_32' title='bbox 124 2643 165 2668; x_wconf 61' lang='lat' dir='ltr'><strong>b.»</strong></span> 
     </span>
    </p>
   </div>
   <div class='ocr_carea' id='block_1_12' title="bbox 286 765 1501 937">
    <p class='ocr_par' dir='ltr' id='par_1_12' title="bbox 286 765 1501 937">
     <span class='ocr_line' id='line_1_13' title="bbox 500 765 1501 849; baseline -0.001 -20"><span class='ocrx_word' id='word_1_33' title='bbox 500 765 818 830; x_wconf 86' lang='lat' dir='ltr'><strong>Attollite</strong></span> <span class='ocrx_word' id='word_1_34' title='bbox 879 775 1105 849; x_wconf 89' lang='lat' dir='ltr'><strong>portas</strong></span> <span class='ocrx_word' id='word_1_35' title='bbox 1166 766 1501 849; x_wconf 84' lang='lat' dir='ltr'>principes</span> 
     </span>
     <span class='ocr_line' id='line_1_14' title="bbox 286 854 1501 937; baseline -0.002 -18"><span class='ocrx_word' id='word_1_36' title='bbox 286 864 543 919; x_wconf 89' lang='lat' dir='ltr'><strong>vestras</strong></span> <span class='ocrx_word' id='word_1_37' title='bbox 574 865 642 918; x_wconf 90' lang='lat' dir='ltr'><strong>et</strong></span> <span class='ocrx_word' id='word_1_38' title='bbox 690 854 1039 919; x_wconf 89' lang='lat' dir='ltr'><strong>elevamini</strong></span> <span class='ocrx_word' id='word_1_39' title='bbox 1093 864 1283 937; x_wconf 90' lang='lat' dir='ltr'><strong>porte</strong></span> <span class='ocrx_word' id='word_1_40' title='bbox 1328 864 1501 917; x_wconf 88' lang='lat' dir='ltr'><strong>eter-</strong></span> 
     </span>
    </p>
   </div>
   <div class='ocr_carea' id='block_1_13' title="bbox 180 942 1496 1025">
    <p class='ocr_par' dir='ltr' id='par_1_13' title="bbox 180 942 1496 1025">
     <span class='ocr_line' id='line_1_15' title="bbox 180 942 1496 1025; baseline 0.001 -20"><span class='ocrx_word' id='word_1_41' title='bbox 180 985 221 1015; x_wconf 82' lang='lat'><strong>-,</strong></span> <span class='ocrx_word' id='word_1_42' title='bbox 292 943 517 1007; x_wconf 89' lang='lat' dir='ltr'><strong>nales:</strong></span> <span class='ocrx_word' id='word_1_43' title='bbox 592 953 661 1007; x_wconf 93' lang='lat' dir='ltr'><strong>et</strong></span> <span class='ocrx_word' id='word_1_44' title='bbox 724 944 1023 1008; x_wconf 88' lang='lat' dir='ltr'><strong>introibit</strong></span> <span class='ocrx_word' id='word_1_45' title='bbox 1084 963 1204 1007; x_wconf 87' lang='lat' dir='ltr'><strong>rex</strong></span> <span class='ocrx_word' id='word_1_46' title='bbox 1270 942 1496 1025; x_wconf 90' lang='lat' dir='ltr'><strong>glorie.</strong></span> 
     </span>
    </p>
   </div>
   <div class='ocr_carea' id='block_1_14' title="bbox 298 1031 1498 1114">
    <p class='ocr_par' dir='ltr' id='par_1_14' title="bbox 298 1031 1498 1114">
     <span class='ocr_line' id='line_1_16' title="bbox 298 1031 1498 1114; baseline -0.003 -18"><span class='ocrx_word' id='word_1_47' title='bbox 298 1032 461 1111; x_wconf 79' lang='lat' dir='ltr'><strong>Quis</strong></span> <span class='ocrx_word' id='word_1_48' title='bbox 492 1042 593 1095; x_wconf 89' lang='lat' dir='ltr'><strong>est</strong></span> <span class='ocrx_word' id='word_1_49' title='bbox 636 1033 761 1095; x_wconf 88' lang='lat' dir='ltr'><strong>iste</strong></span> <span class='ocrx_word' id='word_1_50' title='bbox 814 1053 933 1095; x_wconf 84' lang='lat' dir='ltr'><strong>rex</strong></span> <span class='ocrx_word' id='word_1_51' title='bbox 986 1031 1238 1114; x_wconf 89' lang='lat' dir='ltr'><strong>glorie:</strong></span> <span class='ocrx_word' id='word_1_52' title='bbox 1284 1032 1498 1094; x_wconf 90' lang='lat' dir='ltr'><strong>domi-</strong></span> 
     </span>
    </p>
   </div>
   <div class='ocr_carea' id='block_1_15' title="bbox 290 1207 1513 4374">
    <p class='ocr_par' dir='ltr' id='par_1_15' title="bbox 460 1207 1497 1292">
     <span class='ocr_line' id='line_1_17' title="bbox 460 1207 1497 1292; baseline -0.002 -19"><span class='ocrx_word' id='word_1_53' title='bbox 460 1210 505 1273; x_wconf 93' lang='lat' dir='ltr'><strong>d</strong></span> <span class='ocrx_word' id='word_1_54' title='bbox 538 1219 605 1273; x_wconf 92' lang='lat' dir='ltr'><strong>te</strong></span> <span class='ocrx_word' id='word_1_55' title='bbox 651 1210 920 1273; x_wconf 87' lang='lat' dir='ltr'><strong>domine</strong></span> <span class='ocrx_word' id='word_1_56' title='bbox 952 1208 1041 1272; x_wconf 92' lang='lat' dir='ltr'><strong>le-</strong></span> <span class='ocrx_word' id='word_1_57' title='bbox 1120 1207 1497 1292; x_wconf 86' lang='lat' dir='ltr'><strong>[Psalmus.¹</strong></span> 
     </span>
    </p>

    <p class='ocr_par' dir='ltr' id='par_1_16' title="bbox 290 1297 1513 4374">
     <span class='ocr_line' id='line_1_18' title="bbox 460 1297 1501 1362; baseline -0.002 -1"><span class='ocrx_word' id='word_1_58' title='bbox 460 1298 607 1361; x_wconf 90' lang='lat' dir='ltr'><strong>vavi</strong></span> <span class='ocrx_word' id='word_1_59' title='bbox 668 1298 961 1362; x_wconf 89' lang='lat' dir='ltr'><strong>animam</strong></span> <span class='ocrx_word' id='word_1_60' title='bbox 1024 1317 1289 1361; x_wconf 88' lang='lat' dir='ltr'><strong>meam:</strong></span> <span class='ocrx_word' id='word_1_61' title='bbox 1334 1297 1501 1360; x_wconf 89' lang='lat' dir='ltr'><strong>deus</strong></span> 
     </span>
     <span class='ocr_line' id='line_1_19' title="bbox 296 1386 1501 1450; baseline -0.001 -1"><span class='ocrx_word' id='word_1_62' title='bbox 296 1406 485 1450; x_wconf 91' lang='lat' dir='ltr'><strong>meus</strong></span> <span class='ocrx_word' id='word_1_63' title='bbox 533 1388 599 1449; x_wconf 90' lang='lat' dir='ltr'><strong>in</strong></span> <span class='ocrx_word' id='word_1_64' title='bbox 654 1395 722 1450; x_wconf 92' lang='lat' dir='ltr'><strong>te</strong></span> <span class='ocrx_word' id='word_1_65' title='bbox 768 1386 1036 1450; x_wconf 86' lang='lat' dir='ltr'><strong>confido</strong></span> <span class='ocrx_word' id='word_1_66' title='bbox 1068 1406 1202 1449; x_wconf 90' lang='lat' dir='ltr'><strong>non</strong></span> <span class='ocrx_word' id='word_1_67' title='bbox 1234 1386 1501 1449; x_wconf 88' lang='lat' dir='ltr'><strong>erubes-</strong></span> 
     </span>
     <span class='ocr_line' id='line_1_20' title="bbox 290 1474 1503 1558; baseline -0.001 -20"><span class='ocrx_word' id='word_1_68' title='bbox 290 1495 461 1539; x_wconf 90' lang='lat' dir='ltr'><strong>cam.</strong></span> <span class='ocrx_word' id='word_1_69' title='bbox 570 1476 816 1558; x_wconf 85' lang='lat' dir='ltr'><strong>Neque</strong></span> <span class='ocrx_word' id='word_1_70' title='bbox 877 1474 1188 1538; x_wconf 90' lang='lat' dir='ltr'><strong>irrideant</strong></span> <span class='ocrx_word' id='word_1_71' title='bbox 1242 1494 1351 1538; x_wconf 91' lang='lat' dir='ltr'><strong>me</strong></span> <span class='ocrx_word' id='word_1_72' title='bbox 1381 1474 1503 1537; x_wconf 91' lang='lat' dir='ltr'><strong>ini-</strong></span> 
     </span>
     <span class='ocr_line' id='line_1_21' title="bbox 296 1562 1503 1644; baseline -0.002 -17"><span class='ocrx_word' id='word_1_73' title='bbox 296 1565 449 1627; x_wconf 89' lang='lat' dir='ltr'><strong>mici</strong></span> <span class='ocrx_word' id='word_1_74' title='bbox 513 1564 683 1629; x_wconf 89' lang='lat' dir='ltr'><strong>mei:</strong></span> <span class='ocrx_word' id='word_1_75' title='bbox 746 1564 991 1627; x_wconf 86' lang='lat' dir='ltr'><strong>etenim</strong></span> <span class='ocrx_word' id='word_1_76' title='bbox 1054 1563 1335 1626; x_wconf 91' lang='lat' dir='ltr'><strong>universi</strong></span> <span class='ocrx_word' id='word_1_77' title='bbox 1390 1562 1503 1644; x_wconf 91' lang='lat' dir='ltr'><strong>qui</strong></span> 
     </span>
     <span class='ocr_line' id='line_1_22' title="bbox 296 1651 1503 1716; baseline -0.002 -1"><span class='ocrx_word' id='word_1_78' title='bbox 296 1654 626 1716; x_wconf 90' lang='lat' dir='ltr'><strong>sustinent</strong></span> <span class='ocrx_word' id='word_1_79' title='bbox 679 1662 747 1715; x_wconf 92' lang='lat' dir='ltr'><strong>te</strong></span> <span class='ocrx_word' id='word_1_80' title='bbox 807 1672 940 1715; x_wconf 92' lang='lat' dir='ltr'><strong>non</strong></span> <span class='ocrx_word' id='word_1_81' title='bbox 1002 1651 1503 1715; x_wconf 87' lang='lat' dir='ltr'><strong>confundentur.</strong></span> 
     </span>
     <span class='ocr_line' id='line_1_23' title="bbox 304 1740 1507 1822; baseline -0.004 -15"><span class='ocrx_word' id='word_1_82' title='bbox 304 1740 809 1807; x_wconf 85' lang='lat' dir='ltr'><strong>Confundantur</strong></span> <span class='ocrx_word' id='word_1_83' title='bbox 926 1760 1159 1803; x_wconf 87' lang='lat' dir='ltr'><strong>omnes</strong></span> <span class='ocrx_word' id='word_1_84' title='bbox 1280 1740 1507 1822; x_wconf 90' lang='lat' dir='ltr'><strong>iniqua</strong></span> 
     </span>
     <span class='ocr_line' id='line_1_24' title="bbox 296 1827 1509 1911; baseline 0 -20"><span class='ocrx_word' id='word_1_85' title='bbox 296 1838 615 1911; x_wconf 86' lang='lat' dir='ltr'><strong>agentes:</strong></span> <span class='ocrx_word' id='word_1_86' title='bbox 660 1848 1084 1910; x_wconf 87' lang='lat' dir='ltr'><strong>supervacue.</strong></span> <span class='ocrx_word' id='word_1_87' title='bbox 1182 1827 1339 1893; x_wconf 88' lang='lat' dir='ltr'><strong>Vias</strong></span> <span class='ocrx_word' id='word_1_88' title='bbox 1358 1838 1509 1891; x_wconf 88' lang='lat' dir='ltr'><strong>tuas</strong></span> 
     </span>
     <span class='ocr_line' id='line_1_25' title="bbox 296 1916 1507 1981; baseline -0.001 -1"><span class='ocrx_word' id='word_1_89' title='bbox 296 1918 567 1980; x_wconf 90' lang='lat' dir='ltr'><strong>domine</strong></span> <span class='ocrx_word' id='word_1_90' title='bbox 656 1918 1043 1981; x_wconf 90' lang='lat' dir='ltr'><strong>demonstra</strong></span> <span class='ocrx_word' id='word_1_91' title='bbox 1134 1916 1337 1980; x_wconf 88' lang='lat' dir='ltr'><strong>mihi:</strong></span> <span class='ocrx_word' id='word_1_92' title='bbox 1439 1924 1507 1979; x_wconf 90' lang='lat' dir='ltr'><strong>et</strong></span> 
     </span>
     <span class='ocr_line' id='line_1_26' title="bbox 296 2004 1509 2087; baseline -0.001 -19"><span class='ocrx_word' id='word_1_93' title='bbox 296 2007 571 2069; x_wconf 89' lang='lat' dir='ltr'><strong>semitas</strong></span> <span class='ocrx_word' id='word_1_94' title='bbox 600 2015 750 2069; x_wconf 90' lang='lat' dir='ltr'><strong>tuas</strong></span> <span class='ocrx_word' id='word_1_95' title='bbox 802 2006 1007 2069; x_wconf 89' lang='lat' dir='ltr'><strong>edoce</strong></span> <span class='ocrx_word' id='word_1_96' title='bbox 1058 2024 1183 2069; x_wconf 89' lang='lat' dir='ltr'><strong>me.</strong></span> <span class='ocrx_word' id='word_1_97' title='bbox 1274 2004 1509 2087; x_wconf 84' lang='lat' dir='ltr'><strong>Dirige</strong></span> 
     </span>
     <span class='ocr_line' id='line_1_27' title="bbox 300 2094 1507 2158; baseline 0.001 -2"><span class='ocrx_word' id='word_1_98' title='bbox 300 2114 409 2158; x_wconf 90' lang='lat' dir='ltr'><strong>me</strong></span> <span class='ocrx_word' id='word_1_99' title='bbox 441 2094 507 2156; x_wconf 92' lang='lat' dir='ltr'><strong>in</strong></span> <span class='ocrx_word' id='word_1_100' title='bbox 555 2095 836 2158; x_wconf 87' lang='lat' dir='ltr'><strong>veritate</strong></span> <span class='ocrx_word' id='word_1_101' title='bbox 881 2104 999 2157; x_wconf 90' lang='lat' dir='ltr'><strong>tua</strong></span> <span class='ocrx_word' id='word_1_102' title='bbox 1043 2101 1111 2157; x_wconf 91' lang='lat' dir='ltr'><strong>et</strong></span> <span class='ocrx_word' id='word_1_103' title='bbox 1160 2094 1327 2157; x_wconf 92' lang='lat' dir='ltr'><strong>doce</strong></span> <span class='ocrx_word' id='word_1_104' title='bbox 1362 2114 1507 2157; x_wconf 91' lang='lat' dir='ltr'><strong>me:</strong></span> 
     </span>
     <span class='ocr_line' id='line_1_28' title="bbox 297 2180 1509 2264; baseline 0 -18"><span class='ocrx_word' id='word_1_105' title='bbox 297 2183 457 2264; x_wconf 92' lang='lat' dir='ltr'><strong>quia</strong></span> <span class='ocrx_word' id='word_1_106' title='bbox 487 2191 557 2245; x_wconf 94' lang='lat' dir='ltr'><strong>tu</strong></span> <span class='ocrx_word' id='word_1_107' title='bbox 590 2202 662 2244; x_wconf 89' lang='lat' dir='ltr'><strong>es</strong></span> <span class='ocrx_word' id='word_1_108' title='bbox 692 2180 857 2245; x_wconf 92' lang='lat' dir='ltr'><strong>deus</strong></span> <span class='ocrx_word' id='word_1_109' title='bbox 903 2182 1193 2245; x_wconf 90' lang='lat' dir='ltr'><strong>salvator</strong></span> <span class='ocrx_word' id='word_1_110' title='bbox 1223 2202 1410 2246; x_wconf 90' lang='lat' dir='ltr'><strong>meus</strong></span> <span class='ocrx_word' id='word_1_111' title='bbox 1442 2192 1509 2247; x_wconf 92' lang='lat' dir='ltr'><strong>et</strong></span> 
     </span>
     <span class='ocr_line' id='line_1_29' title="bbox 299 2270 1511 2335; baseline -0.002 0"><span class='ocrx_word' id='word_1_112' title='bbox 299 2280 369 2335; x_wconf 93' lang='lat' dir='ltr'><strong>te</strong></span> <span class='ocrx_word' id='word_1_113' title='bbox 428 2272 711 2335; x_wconf 89' lang='lat' dir='ltr'><strong>sustinui</strong></span> <span class='ocrx_word' id='word_1_114' title='bbox 770 2280 917 2334; x_wconf 90' lang='lat' dir='ltr'><strong>tota</strong></span> <span class='ocrx_word' id='word_1_115' title='bbox 961 2272 1085 2335; x_wconf 89' lang='lat' dir='ltr'><strong>die.</strong></span> <span class='ocrx_word' id='word_1_116' title='bbox 1174 2270 1511 2335; x_wconf 85' lang='lat' dir='ltr'><strong>Reminis-</strong></span> 
     </span>
     <span class='ocr_line' id='line_1_30' title="bbox 299 2359 1509 2424; baseline -0.001 -1"><span class='ocrx_word' id='word_1_117' title='bbox 299 2380 447 2423; x_wconf 88' lang='lat' dir='ltr'><strong>cere</strong></span> <span class='ocrx_word' id='word_1_118' title='bbox 502 2360 1002 2424; x_wconf 87' lang='lat' dir='ltr'><strong>miserationum</strong></span> <span class='ocrx_word' id='word_1_119' title='bbox 1064 2369 1329 2423; x_wconf 91' lang='lat' dir='ltr'><strong>tuarum</strong></span> <span class='ocrx_word' id='word_1_120' title='bbox 1391 2359 1509 2422; x_wconf 90' lang='lat' dir='ltr'><strong>do·-</strong></span> 
     </span>
     <span class='ocr_line' id='line_1_31' title="bbox 302 2449 1511 2513; baseline 0 -2"><span class='ocrx_word' id='word_1_121' title='bbox 302 2450 525 2513; x_wconf 90' lang='lat' dir='ltr'><strong>mine:</strong></span> <span class='ocrx_word' id='word_1_122' title='bbox 576 2458 643 2511; x_wconf 89' lang='lat' dir='ltr'><strong>et</strong></span> <span class='ocrx_word' id='word_1_123' title='bbox 704 2449 1301 2512; x_wconf 88' lang='lat' dir='ltr'><strong>misericordiarum</strong></span> <span class='ocrx_word' id='word_1_124' title='bbox 1362 2456 1511 2511; x_wconf 79' lang='lat' dir='ltr'><strong>tua·</strong></span> 
     </span>
     <span class='ocr_line' id='line_1_32' title="bbox 298 2536 1513 2620; baseline 0.001 -20"><span class='ocrx_word' id='word_1_125' title='bbox 298 2557 445 2602; x_wconf 86' lang='lat' dir='ltr'><strong>rum</strong></span> <span class='ocrx_word' id='word_1_126' title='bbox 491 2559 621 2620; x_wconf 92' lang='lat' dir='ltr'><strong>que</strong></span> <span class='ocrx_word' id='word_1_127' title='bbox 656 2559 695 2602; x_wconf 92' lang='lat' dir='ltr'><strong>a</strong></span> <span class='ocrx_word' id='word_1_128' title='bbox 724 2536 949 2602; x_wconf 89' lang='lat' dir='ltr'><strong>seculo</strong></span> <span class='ocrx_word' id='word_1_129' title='bbox 980 2545 1151 2602; x_wconf 91' lang='lat' dir='ltr'><strong>sunt.</strong></span> <span class='ocrx_word' id='word_1_130' title='bbox 1242 2536 1513 2601; x_wconf 88' lang='lat' dir='ltr'><strong>Delicta</strong></span> 
     </span>
     <span class='ocr_line' id='line_1_33' title="bbox 291 2626 1511 2710; baseline 0.001 -21"><span class='ocrx_word' id='word_1_131' title='bbox 291 2626 661 2708; x_wconf 90' lang='lat' dir='ltr'><strong>juventutis</strong></span> <span class='ocrx_word' id='word_1_132' title='bbox 710 2647 895 2692; x_wconf 88' lang='lat' dir='ltr'><strong>mee:</strong></span> <span class='ocrx_word' id='word_1_133' title='bbox 957 2636 1027 2691; x_wconf 91' lang='lat' dir='ltr'><strong>et</strong></span> <span class='ocrx_word' id='word_1_134' title='bbox 1102 2627 1511 2710; x_wconf 86' lang='lat' dir='ltr'><strong>ignorantias</strong></span> 
     </span>
     <span class='ocr_line' id='line_1_34' title="bbox 298 2716 1508 2780; baseline 0 -2"><span class='ocrx_word' id='word_1_135' title='bbox 298 2735 484 2779; x_wconf 89' lang='lat' dir='ltr'><strong>meas</strong></span> <span class='ocrx_word' id='word_1_136' title='bbox 514 2736 599 2779; x_wconf 89' lang='lat' dir='ltr'><strong>ne</strong></span> <span class='ocrx_word' id='word_1_137' title='bbox 632 2716 1025 2780; x_wconf 70' lang='lat' dir='ltr'><strong>memineris</strong></span> <span class='ocrx_word' id='word_1_138' title='bbox 1120 2716 1508 2780; x_wconf 79' lang='lat' dir='ltr'><strong>Secundum</strong></span> 
     </span>
     <span class='ocr_line' id='line_1_35' title="bbox 300 2804 1510 2868; baseline 0 -2"><span class='ocrx_word' id='word_1_139' title='bbox 300 2804 817 2868; x_wconf 89' lang='lat' dir='ltr'><strong>misericordiam</strong></span> <span class='ocrx_word' id='word_1_140' title='bbox 893 2814 1079 2867; x_wconf 89' lang='lat' dir='ltr'><strong>tuam</strong></span> <span class='ocrx_word' id='word_1_141' title='bbox 1171 2813 1510 2867; x_wconf 89' lang='lat' dir='ltr'><strong>memento</strong></span> 
     </span>
     <span class='ocr_line' id='line_1_36' title="bbox 298 2892 1509 2976; baseline 0.002 -22"><span class='ocrx_word' id='word_1_142' title='bbox 298 2893 469 2956; x_wconf 90' lang='lat' dir='ltr'><strong>mei:</strong></span> <span class='ocrx_word' id='word_1_143' title='bbox 514 2902 587 2957; x_wconf 88' lang='lat' dir='ltr'><strong>tu</strong></span> <span class='ocrx_word' id='word_1_144' title='bbox 621 2901 893 2976; x_wconf 89' lang='lat' dir='ltr'><strong>propter</strong></span> <span class='ocrx_word' id='word_1_145' title='bbox 922 2892 1289 2956; x_wconf 88' lang='lat' dir='ltr'><strong>bonitatem</strong></span> <span class='ocrx_word' id='word_1_146' title='bbox 1321 2901 1509 2956; x_wconf 89' lang='lat' dir='ltr'><strong>tuam</strong></span> 
     </span>
     <span class='ocr_line' id='line_1_37' title="bbox 299 2980 1507 3046; baseline -0.001 -2"><span class='ocrx_word' id='word_1_147' title='bbox 299 2981 587 3046; x_wconf 91' lang='lat' dir='ltr'><strong>domine.</strong></span> <span class='ocrx_word' id='word_1_148' title='bbox 638 2980 871 3045; x_wconf 92' lang='lat' dir='ltr'><strong>Dulcis</strong></span> <span class='ocrx_word' id='word_1_149' title='bbox 890 2981 915 3018; x_wconf 79' lang='lat'>²</span> <span class='ocrx_word' id='word_1_150' title='bbox 946 2991 1015 3044; x_wconf 89' lang='lat' dir='ltr'><strong>et</strong></span> <span class='ocrx_word' id='word_1_151' title='bbox 1047 2991 1262 3044; x_wconf 89' lang='lat' dir='ltr'><strong>rectus</strong></span> <span class='ocrx_word' id='word_1_152' title='bbox 1292 2981 1507 3044; x_wconf 90' lang='lat' dir='ltr'><strong>domi-</strong></span> 
     </span>
     <span class='ocr_line' id='line_1_38' title="bbox 300 3069 1509 3154; baseline 0.002 -22"><span class='ocrx_word' id='word_1_153' title='bbox 300 3089 463 3134; x_wconf 91' lang='lat' dir='ltr'><strong>nus:</strong></span> <span class='ocrx_word' id='word_1_154' title='bbox 520 3079 795 3154; x_wconf 90' lang='lat' dir='ltr'><strong>propter</strong></span> <span class='ocrx_word' id='word_1_155' title='bbox 850 3069 979 3134; x_wconf 89' lang='lat' dir='ltr'><strong>hoc</strong></span> <span class='ocrx_word' id='word_1_156' title='bbox 1040 3069 1257 3152; x_wconf 88' lang='lat' dir='ltr'><strong>legem</strong></span> <span class='ocrx_word' id='word_1_157' title='bbox 1319 3069 1509 3134; x_wconf 90' lang='lat' dir='ltr'><strong>dabit</strong></span> 
     </span>
     <span class='ocr_line' id='line_1_39' title="bbox 299 3157 1509 3241; baseline 0 -19"><span class='ocrx_word' id='word_1_158' title='bbox 299 3157 799 3241; x_wconf 87' lang='lat' dir='ltr'><strong>deliquentibus</strong></span> <span class='ocrx_word' id='word_1_159' title='bbox 852 3157 921 3221; x_wconf 91' lang='lat' dir='ltr'><strong>in</strong></span> <span class='ocrx_word' id='word_1_160' title='bbox 980 3158 1105 3222; x_wconf 89' lang='lat' dir='ltr'><strong>via.</strong></span> <span class='ocrx_word' id='word_1_161' title='bbox 1244 3157 1509 3240; x_wconf 89' lang='lat' dir='ltr'><strong>Diriget</strong></span> 
     </span>
     <span class='ocr_line' id='line_1_40' title="bbox 300 3245 1509 3328; baseline 0.001 -18"><span class='ocrx_word' id='word_1_162' title='bbox 300 3257 685 3311; x_wconf 89' lang='lat' dir='ltr'><strong>mansuetos</strong></span> <span class='ocrx_word' id='word_1_163' title='bbox 758 3247 827 3310; x_wconf 92' lang='lat' dir='ltr'><strong>in</strong></span> <span class='ocrx_word' id='word_1_164' title='bbox 882 3245 1179 3328; x_wconf 87' lang='lat' dir='ltr'><strong>judicio:</strong></span> <span class='ocrx_word' id='word_1_165' title='bbox 1240 3246 1509 3311; x_wconf 89' lang='lat' dir='ltr'><strong>docebit</strong></span> 
     </span>
     <span class='ocr_line' id='line_1_41' title="bbox 300 3335 1509 3400; baseline -0.001 0"><span class='ocrx_word' id='word_1_166' title='bbox 300 3337 495 3400; x_wconf 90' lang='lat' dir='ltr'><strong>mites</strong></span> <span class='ocrx_word' id='word_1_167' title='bbox 556 3337 696 3400; x_wconf 86' lang='lat' dir='ltr'><strong>vias</strong></span> <span class='ocrx_word' id='word_1_168' title='bbox 749 3355 917 3400; x_wconf 72' lang='lat' dir='ltr'><strong>suas</strong></span> <span class='ocrx_word' id='word_1_169' title='bbox 1038 3335 1355 3400; x_wconf 89' lang='lat' dir='ltr'><strong>Universe</strong></span> <span class='ocrx_word' id='word_1_170' title='bbox 1402 3335 1509 3399; x_wconf 87' lang='lat' dir='ltr'><strong>vie</strong></span> 
     </span>
     <span class='ocr_line' id='line_1_42' title="bbox 298 3423 1509 3488; baseline 0 0"><span class='ocrx_word' id='word_1_171' title='bbox 298 3425 552 3488; x_wconf 92' lang='lat' dir='ltr'><strong>domini</strong></span> <span class='ocrx_word' id='word_1_172' title='bbox 602 3423 1049 3488; x_wconf 88' lang='lat' dir='ltr'><strong>misericordia</strong></span> <span class='ocrx_word' id='word_1_173' title='bbox 1106 3433 1175 3488; x_wconf 91' lang='lat' dir='ltr'><strong>et</strong></span> <span class='ocrx_word' id='word_1_174' title='bbox 1226 3425 1509 3488; x_wconf 90' lang='lat' dir='ltr'><strong>veritas:</strong></span> 
     </span>
     <span class='ocr_line' id='line_1_43' title="bbox 300 3512 1509 3595; baseline 0.001 -20"><span class='ocrx_word' id='word_1_175' title='bbox 300 3513 786 3595; x_wconf 85' lang='lat' dir='ltr'><strong>requirentibus</strong></span> <span class='ocrx_word' id='word_1_176' title='bbox 833 3520 1313 3576; x_wconf 90' lang='lat' dir='ltr'><strong>testamentum</strong></span> <span class='ocrx_word' id='word_1_177' title='bbox 1363 3512 1509 3594; x_wconf 90' lang='lat' dir='ltr'><strong>ejus</strong></span> 
     </span>
     <span class='ocr_line' id='line_1_44' title="bbox 299 3601 1507 3684; baseline 0.001 -19"><span class='ocrx_word' id='word_1_178' title='bbox 299 3611 368 3665; x_wconf 90' lang='lat' dir='ltr'><strong>et</strong></span> <span class='ocrx_word' id='word_1_179' title='bbox 401 3601 781 3666; x_wconf 89' lang='lat' dir='ltr'><strong>testimonia</strong></span> <span class='ocrx_word' id='word_1_180' title='bbox 813 3601 973 3683; x_wconf 79' lang='lat' dir='ltr'><strong>ejuS.</strong></span> <span class='ocrx_word' id='word_1_181' title='bbox 1065 3602 1359 3684; x_wconf 87' lang='lat' dir='ltr'><strong>Propter</strong></span> <span class='ocrx_word' id='word_1_182' title='bbox 1389 3621 1507 3666; x_wconf 88' lang='lat' dir='ltr'><strong>no-</strong></span> 
     </span>
     <span class='ocr_line' id='line_1_45' title="bbox 300 3691 1507 3772; baseline 0.001 -19"><span class='ocrx_word' id='word_1_183' title='bbox 300 3711 453 3754; x_wconf 89' lang='lat' dir='ltr'><strong>men</strong></span> <span class='ocrx_word' id='word_1_184' title='bbox 487 3701 677 3755; x_wconf 90' lang='lat' dir='ltr'><strong>tuum</strong></span> <span class='ocrx_word' id='word_1_185' title='bbox 723 3691 993 3754; x_wconf 91' lang='lat' dir='ltr'><strong>domine</strong></span> <span class='ocrx_word' id='word_1_186' title='bbox 1047 3691 1507 3772; x_wconf 85' lang='lat' dir='ltr'><strong>propitiaberis</strong></span> 
     </span>
     <span class='ocr_line' id='line_1_46' title="bbox 298 3777 1509 3862; baseline 0.001 -20"><span class='ocrx_word' id='word_1_187' title='bbox 298 3789 576 3862; x_wconf 89' lang='lat' dir='ltr'><strong>peccato</strong></span> <span class='ocrx_word' id='word_1_188' title='bbox 608 3799 797 3843; x_wconf 87' lang='lat' dir='ltr'><strong>meo:</strong></span> <span class='ocrx_word' id='word_1_189' title='bbox 846 3777 1130 3842; x_wconf 92' lang='lat' dir='ltr'><strong>multum</strong></span> <span class='ocrx_word' id='word_1_190' title='bbox 1178 3787 1279 3842; x_wconf 89' lang='lat' dir='ltr'><strong>est</strong></span> <span class='ocrx_word' id='word_1_191' title='bbox 1310 3780 1509 3844; x_wconf 87' lang='lat' dir='ltr'><strong>enim.</strong></span> 
     </span>
     <span class='ocr_line' id='line_1_47' title="bbox 305 3867 1509 3951; baseline 0 -21"><span class='ocrx_word' id='word_1_192' title='bbox 305 3867 467 3947; x_wconf 81' lang='lat' dir='ltr'><strong>Quis</strong></span> <span class='ocrx_word' id='word_1_193' title='bbox 496 3877 600 3932; x_wconf 89' lang='lat' dir='ltr'><strong>est</strong></span> <span class='ocrx_word' id='word_1_194' title='bbox 638 3867 843 3932; x_wconf 90' lang='lat' dir='ltr'><strong>homo</strong></span> <span class='ocrx_word' id='word_1_195' title='bbox 874 3868 987 3951; x_wconf 91' lang='lat' dir='ltr'><strong>qui</strong></span> <span class='ocrx_word' id='word_1_196' title='bbox 1042 3868 1236 3930; x_wconf 88' lang='lat' dir='ltr'><strong>timet</strong></span> <span class='ocrx_word' id='word_1_197' title='bbox 1294 3867 1509 3930; x_wconf 90' lang='lat' dir='ltr'><strong>domi-</strong></span> 
     </span>
     <span class='ocr_line' id='line_1_48' title="bbox 300 3954 1511 4039; baseline -0.001 -20"><span class='ocrx_word' id='word_1_198' title='bbox 300 3977 499 4020; x_wconf 90' lang='lat' dir='ltr'><strong>num:</strong></span> <span class='ocrx_word' id='word_1_199' title='bbox 578 3956 792 4039; x_wconf 89' lang='lat' dir='ltr'><strong>legem</strong></span> <span class='ocrx_word' id='word_1_200' title='bbox 844 3955 1079 4020; x_wconf 87' lang='lat' dir='ltr'><strong>statuit</strong></span> <span class='ocrx_word' id='word_1_201' title='bbox 1138 3957 1197 4018; x_wconf 93' lang='lat' dir='ltr'><strong>ei</strong></span> <span class='ocrx_word' id='word_1_202' title='bbox 1258 3954 1325 4018; x_wconf 87' lang='lat' dir='ltr'><strong>in</strong></span> <span class='ocrx_word' id='word_1_203' title='bbox 1402 3957 1511 4019; x_wconf 91' lang='lat' dir='ltr'><strong>via</strong></span> 
     </span>
     <span class='ocr_line' id='line_1_49' title="bbox 298 4043 1507 4128; baseline 0 -20"><span class='ocrx_word' id='word_1_204' title='bbox 298 4065 501 4128; x_wconf 89' lang='lat' dir='ltr'><strong>quam</strong></span> <span class='ocrx_word' id='word_1_205' title='bbox 568 4044 790 4127; x_wconf 90' lang='lat' dir='ltr'><strong>elegit.</strong></span> <span class='ocrx_word' id='word_1_206' title='bbox 891 4045 1145 4108; x_wconf 85' lang='lat' dir='ltr'><strong>Anima</strong></span> <span class='ocrx_word' id='word_1_207' title='bbox 1220 4043 1363 4125; x_wconf 91' lang='lat' dir='ltr'><strong>ejus</strong></span> <span class='ocrx_word' id='word_1_208' title='bbox 1440 4045 1507 4108; x_wconf 92' lang='lat' dir='ltr'><strong>in</strong></span> 
     </span>
     <span class='ocr_line' id='line_1_50' title="bbox 296 4133 1509 4198; baseline 0.001 -3"><span class='ocrx_word' id='word_1_209' title='bbox 296 4133 489 4196; x_wconf 88' lang='lat' dir='ltr'><strong>bonis</strong></span> <span class='ocrx_word' id='word_1_210' title='bbox 564 4133 1057 4198; x_wconf 86' lang='lat' dir='ltr'><strong>demorabitur:</strong></span> <span class='ocrx_word' id='word_1_211' title='bbox 1136 4141 1203 4196; x_wconf 93' lang='lat' dir='ltr'><strong>et</strong></span> <span class='ocrx_word' id='word_1_212' title='bbox 1278 4153 1509 4196; x_wconf 90' lang='lat' dir='ltr'><strong>semen</strong></span> 
     </span>
     <span class='ocr_line' id='line_1_51' title="bbox 292 4221 1511 4304; baseline -0.002 -18"><span class='ocrx_word' id='word_1_213' title='bbox 292 4222 437 4304; x_wconf 90' lang='lat' dir='ltr'><strong>ejus</strong></span> <span class='ocrx_word' id='word_1_214' title='bbox 468 4221 866 4286; x_wconf 88' lang='lat' dir='ltr'><strong>hereditabit</strong></span> <span class='ocrx_word' id='word_1_215' title='bbox 896 4231 1157 4286; x_wconf 90' lang='lat' dir='ltr'><strong>terram.</strong></span> <span class='ocrx_word' id='word_1_216' title='bbox 1250 4221 1511 4284; x_wconf 89' lang='lat' dir='ltr'><strong>Firma-</strong></span> 
     </span>
     <span class='ocr_line' id='line_1_52' title="bbox 296 4310 1509 4374; baseline -0.001 0"><span class='ocrx_word' id='word_1_217' title='bbox 296 4320 597 4374; x_wconf 90' lang='lat' dir='ltr'><strong>mentum</strong></span> <span class='ocrx_word' id='word_1_218' title='bbox 631 4320 732 4374; x_wconf 88' lang='lat' dir='ltr'><strong>est</strong></span> <span class='ocrx_word' id='word_1_219' title='bbox 762 4311 1073 4374; x_wconf 87' lang='lat' dir='ltr'><strong>dominus</strong></span> <span class='ocrx_word' id='word_1_220' title='bbox 1118 4310 1509 4373; x_wconf 87' lang='lat' dir='ltr'><strong>timentibus</strong></span> 
     </span>
    </p>
   </div>
   <div class='ocr_carea' id='block_1_16' title="bbox 2127 482 2276 539">
    <p class='ocr_par' dir='ltr' id='par_1_17' title="bbox 2127 482 2276 539">
     <span class='ocr_line' id='line_1_53' title="bbox 2127 482 2276 539; baseline 0.013 -2"><span class='ocrx_word' id='word_1_221' title='bbox 2127 482 2276 539; x_wconf 78' lang='lat'><strong>756</strong></span> 
     </span>
    </p>
   </div>
   <div class='ocr_carea' id='block_1_17' title="bbox 1599 586 2884 4392">
    <p class='ocr_par' dir='ltr' id='par_1_18' title="bbox 1599 586 2884 2247">
     <span class='ocr_line' id='line_1_54' title="bbox 1600 586 2809 655; baseline -0.002 -4"><span class='ocrx_word' id='word_1_222' title='bbox 1600 588 2061 653; x_wconf 88' lang='lat' dir='ltr'><strong>manifestetur</strong></span> <span class='ocrx_word' id='word_1_223' title='bbox 2135 588 2278 655; x_wconf 87' lang='lat' dir='ltr'><strong>illis.</strong></span> <span class='ocrx_word' id='word_1_224' title='bbox 2413 586 2601 653; x_wconf 90' lang='lat' dir='ltr'><strong>Oculi</strong></span> <span class='ocrx_word' id='word_1_225' title='bbox 2679 587 2809 650; x_wconf 91' lang='lat' dir='ltr'><strong>mei</strong></span> 
     </span>
     <span class='ocr_line' id='line_1_55' title="bbox 1600 678 2810 759; baseline -0.002 -18"><span class='ocrx_word' id='word_1_226' title='bbox 1600 697 1866 759; x_wconf 91' lang='lat' dir='ltr'><strong>semper</strong></span> <span class='ocrx_word' id='word_1_227' title='bbox 1908 678 1994 741; x_wconf 90' lang='lat' dir='ltr'><strong>ad</strong></span> <span class='ocrx_word' id='word_1_228' title='bbox 2056 678 2444 741; x_wconf 89' lang='lat' dir='ltr'><strong>dominum:</strong></span> <span class='ocrx_word' id='word_1_229' title='bbox 2493 678 2810 758; x_wconf 90' lang='lat' dir='ltr'><strong>quoniam</strong></span> 
     </span>
     <span class='ocr_line' id='line_1_56' title="bbox 1601 765 2811 848; baseline -0.001 -20"><span class='ocrx_word' id='word_1_230' title='bbox 1601 767 1744 848; x_wconf 90' lang='lat' dir='ltr'><strong>ipse</strong></span> <span class='ocrx_word' id='word_1_231' title='bbox 1819 765 2058 829; x_wconf 89' lang='lat' dir='ltr'><strong>evellet</strong></span> <span class='ocrx_word' id='word_1_232' title='bbox 2131 766 2218 829; x_wconf 89' lang='lat' dir='ltr'><strong>de</strong></span> <span class='ocrx_word' id='word_1_233' title='bbox 2287 766 2529 848; x_wconf 91' lang='lat' dir='ltr'><strong>laqueo</strong></span> <span class='ocrx_word' id='word_1_234' title='bbox 2605 765 2811 847; x_wconf 90' lang='lat' dir='ltr'><strong>pedes</strong></span> 
     </span>
     <span class='ocr_line' id='line_1_57' title="bbox 1602 855 2814 937; baseline -0.002 -20"><span class='ocrx_word' id='word_1_235' title='bbox 1602 875 1802 919; x_wconf 71' lang='lat' dir='ltr'><strong>meos</strong></span> <span class='ocrx_word' id='word_1_236' title='bbox 1879 855 2168 937; x_wconf 86' lang='lat' dir='ltr'><strong>Respice</strong></span> <span class='ocrx_word' id='word_1_237' title='bbox 2192 856 2260 917; x_wconf 92' lang='lat' dir='ltr'><strong>in</strong></span> <span class='ocrx_word' id='word_1_238' title='bbox 2287 874 2392 917; x_wconf 88' lang='lat' dir='ltr'><strong>me</strong></span> <span class='ocrx_word' id='word_1_239' title='bbox 2414 864 2481 917; x_wconf 91' lang='lat' dir='ltr'><strong>et</strong></span> <span class='ocrx_word' id='word_1_240' title='bbox 2507 855 2814 917; x_wconf 89' lang='lat' dir='ltr'><strong>miserere</strong></span> 
     </span>
     <span class='ocr_line' id='line_1_58' title="bbox 1602 942 2810 1025; baseline -0.001 -20"><span class='ocrx_word' id='word_1_241' title='bbox 1602 943 1772 1006; x_wconf 89' lang='lat' dir='ltr'><strong>mei:</strong></span> <span class='ocrx_word' id='word_1_242' title='bbox 1821 942 1980 1025; x_wconf 90' lang='lat' dir='ltr'><strong>quia</strong></span> <span class='ocrx_word' id='word_1_243' title='bbox 2011 944 2242 1007; x_wconf 92' lang='lat' dir='ltr'><strong>unicus</strong></span> <span class='ocrx_word' id='word_1_244' title='bbox 2275 952 2341 1006; x_wconf 86' lang='lat' dir='ltr'><strong>et</strong></span> <span class='ocrx_word' id='word_1_245' title='bbox 2379 963 2632 1025; x_wconf 90' lang='lat' dir='ltr'><strong>pauper</strong></span> <span class='ocrx_word' id='word_1_246' title='bbox 2661 962 2810 1005; x_wconf 89' lang='lat' dir='ltr'><strong>sum</strong></span> 
     </span>
     <span class='ocr_line' id='line_1_59' title="bbox 1599 1030 2812 1113; baseline -0.002 -19"><span class='ocrx_word' id='word_1_247' title='bbox 1599 1052 1751 1113; x_wconf 79' lang='lat' dir='ltr'><strong>ego,</strong></span> <span class='ocrx_word' id='word_1_248' title='bbox 1854 1030 2339 1095; x_wconf 90' lang='lat' dir='ltr'><strong>Tribulationes</strong></span> <span class='ocrx_word' id='word_1_249' title='bbox 2398 1031 2618 1094; x_wconf 90' lang='lat' dir='ltr'><strong>cordis</strong></span> <span class='ocrx_word' id='word_1_250' title='bbox 2681 1030 2812 1093; x_wconf 84' lang='lat' dir='ltr'><strong>mei</strong></span> 
     </span>
     <span class='ocr_line' id='line_1_60' title="bbox 1602 1118 2816 1203; baseline -0.002 -21"><span class='ocrx_word' id='word_1_251' title='bbox 1602 1118 2043 1203; x_wconf 87' lang='lat' dir='ltr'><strong>multiplicate</strong></span> <span class='ocrx_word' id='word_1_252' title='bbox 2089 1129 2280 1184; x_wconf 91' lang='lat' dir='ltr'><strong>sunt:</strong></span> <span class='ocrx_word' id='word_1_253' title='bbox 2328 1120 2414 1182; x_wconf 89' lang='lat' dir='ltr'><strong>de</strong></span> <span class='ocrx_word' id='word_1_254' title='bbox 2459 1120 2816 1183; x_wconf 88' lang='lat' dir='ltr'><strong>necessita-</strong></span> 
     </span>
     <span class='ocr_line' id='line_1_61' title="bbox 1602 1206 2813 1272; baseline -0.002 -1"><span class='ocrx_word' id='word_1_255' title='bbox 1602 1209 1780 1272; x_wconf 87' lang='lat' dir='ltr'><strong>tibus</strong></span> <span class='ocrx_word' id='word_1_256' title='bbox 1801 1209 1966 1272; x_wconf 89' lang='lat' dir='ltr'><strong>meis</strong></span> <span class='ocrx_word' id='word_1_257' title='bbox 1997 1229 2151 1272; x_wconf 86' lang='lat' dir='ltr'><strong>erue</strong></span> <span class='ocrx_word' id='word_1_258' title='bbox 2177 1229 2298 1271; x_wconf 91' lang='lat' dir='ltr'><strong>me.</strong></span> <span class='ocrx_word' id='word_1_259' title='bbox 2409 1206 2574 1272; x_wconf 88' lang='lat' dir='ltr'><strong>Vide</strong></span> <span class='ocrx_word' id='word_1_260' title='bbox 2599 1207 2813 1271; x_wconf 90' lang='lat' dir='ltr'><strong>humi-</strong></span> 
     </span>
     <span class='ocr_line' id='line_1_62' title="bbox 1602 1296 2816 1361; baseline 0 -2"><span class='ocrx_word' id='word_1_261' title='bbox 1602 1296 1862 1361; x_wconf 87' lang='lat' dir='ltr'><strong>litatem</strong></span> <span class='ocrx_word' id='word_1_262' title='bbox 1890 1317 2106 1360; x_wconf 91' lang='lat' dir='ltr'><strong>meam</strong></span> <span class='ocrx_word' id='word_1_263' title='bbox 2139 1307 2207 1361; x_wconf 91' lang='lat' dir='ltr'><strong>et</strong></span> <span class='ocrx_word' id='word_1_264' title='bbox 2238 1298 2530 1361; x_wconf 90' lang='lat' dir='ltr'><strong>laborem</strong></span> <span class='ocrx_word' id='word_1_265' title='bbox 2557 1316 2816 1361; x_wconf 89' lang='lat' dir='ltr'><strong>meum:</strong></span> 
     </span>
     <span class='ocr_line' id='line_1_63' title="bbox 1603 1386 2816 1450; baseline -0.002 -1"><span class='ocrx_word' id='word_1_266' title='bbox 1603 1396 1671 1450; x_wconf 88' lang='lat' dir='ltr'><strong>et</strong></span> <span class='ocrx_word' id='word_1_267' title='bbox 1704 1386 1967 1450; x_wconf 87' lang='lat' dir='ltr'><strong>dimitte</strong></span> <span class='ocrx_word' id='word_1_268' title='bbox 2009 1387 2310 1449; x_wconf 89' lang='lat' dir='ltr'><strong>universa</strong></span> <span class='ocrx_word' id='word_1_269' title='bbox 2345 1386 2591 1449; x_wconf 88' lang='lat' dir='ltr'><strong>delicta</strong></span> <span class='ocrx_word' id='word_1_270' title='bbox 2646 1404 2816 1448; x_wconf 89' lang='lat' dir='ltr'><strong>mea.</strong></span> 
     </span>
     <span class='ocr_line' id='line_1_64' title="bbox 1604 1474 2814 1558; baseline 0 -21"><span class='ocrx_word' id='word_1_271' title='bbox 1604 1474 1894 1557; x_wconf 89' lang='lat' dir='ltr'><strong>Respice</strong></span> <span class='ocrx_word' id='word_1_272' title='bbox 1919 1475 2220 1538; x_wconf 90' lang='lat' dir='ltr'><strong>inimicos</strong></span> <span class='ocrx_word' id='word_1_273' title='bbox 2251 1494 2436 1537; x_wconf 89' lang='lat' dir='ltr'><strong>meos</strong></span> <span class='ocrx_word' id='word_1_274' title='bbox 2497 1474 2814 1558; x_wconf 90' lang='lat' dir='ltr'><strong>quoniam</strong></span> 
     </span>
     <span class='ocr_line' id='line_1_65' title="bbox 1608 1563 2818 1645; baseline 0 -20"><span class='ocrx_word' id='word_1_275' title='bbox 1608 1563 2030 1645; x_wconf 89' lang='lat' dir='ltr'><strong>multiplicati</strong></span> <span class='ocrx_word' id='word_1_276' title='bbox 2061 1573 2217 1627; x_wconf 86' lang='lat' dir='ltr'><strong>sunt</strong></span> <span class='ocrx_word' id='word_1_277' title='bbox 2245 1585 2258 1627; x_wconf 93' lang='lat'><strong>:</strong></span> <span class='ocrx_word' id='word_1_278' title='bbox 2301 1572 2369 1627; x_wconf 87' lang='lat' dir='ltr'><strong>et</strong></span> <span class='ocrx_word' id='word_1_279' title='bbox 2399 1563 2556 1625; x_wconf 94' lang='lat' dir='ltr'><strong>odio</strong></span> <span class='ocrx_word' id='word_1_280' title='bbox 2588 1564 2818 1645; x_wconf 91' lang='lat' dir='ltr'><strong>iniquo</strong></span> 
     </span>
     <span class='ocr_line' id='line_1_66' title="bbox 1607 1651 2884 1717; baseline -0.001 -3"><span class='ocrx_word' id='word_1_281' title='bbox 1607 1652 1894 1715; x_wconf 88' lang='lat' dir='ltr'><strong>oderunt</strong></span> <span class='ocrx_word' id='word_1_282' title='bbox 1954 1672 2077 1716; x_wconf 89' lang='lat' dir='ltr'><strong>me.</strong></span> <span class='ocrx_word' id='word_1_283' title='bbox 2198 1651 2471 1717; x_wconf 87' lang='lat' dir='ltr'><strong>Custodi</strong></span> <span class='ocrx_word' id='word_1_284' title='bbox 2521 1651 2816 1714; x_wconf 85' lang='lat' dir='ltr'><strong>animam</strong></span> <span class='ocrx_word' id='word_1_285' title='bbox 2875 1664 2884 1683; x_wconf 84' lang='lat'><strong><em>¹</em></strong></span> 
     </span>
     <span class='ocr_line' id='line_1_67' title="bbox 1609 1740 2819 1804; baseline 0 -1"><span class='ocrx_word' id='word_1_286' title='bbox 1609 1760 1830 1804; x_wconf 89' lang='lat' dir='ltr'><strong>meam</strong></span> <span class='ocrx_word' id='word_1_287' title='bbox 1875 1748 1944 1803; x_wconf 90' lang='lat' dir='ltr'><strong>et</strong></span> <span class='ocrx_word' id='word_1_288' title='bbox 1997 1760 2150 1804; x_wconf 88' lang='lat' dir='ltr'><strong>erue</strong></span> <span class='ocrx_word' id='word_1_289' title='bbox 2183 1761 2332 1804; x_wconf 89' lang='lat' dir='ltr'><strong>me:</strong></span> <span class='ocrx_word' id='word_1_290' title='bbox 2387 1760 2520 1804; x_wconf 94' lang='lat' dir='ltr'><strong>non</strong></span> <span class='ocrx_word' id='word_1_291' title='bbox 2554 1740 2819 1804; x_wconf 85' lang='lat' dir='ltr'><strong>erubes-</strong></span> 
     </span>
     <span class='ocr_line' id='line_1_68' title="bbox 1609 1828 2820 1911; baseline -0.001 -19"><span class='ocrx_word' id='word_1_292' title='bbox 1609 1848 1757 1893; x_wconf 89' lang='lat' dir='ltr'><strong>cam</strong></span> <span class='ocrx_word' id='word_1_293' title='bbox 1791 1830 2108 1911; x_wconf 92' lang='lat' dir='ltr'><strong>quoniam</strong></span> <span class='ocrx_word' id='word_1_294' title='bbox 2135 1830 2392 1910; x_wconf 85' lang='lat' dir='ltr'><strong>speravi</strong></span> <span class='ocrx_word' id='word_1_295' title='bbox 2425 1830 2491 1891; x_wconf 91' lang='lat' dir='ltr'><strong>in</strong></span> <span class='ocrx_word' id='word_1_296' title='bbox 2525 1838 2608 1892; x_wconf 90' lang='lat' dir='ltr'><strong>te.</strong></span> <span class='ocrx_word' id='word_1_297' title='bbox 2700 1828 2820 1891; x_wconf 93' lang='lat' dir='ltr'><strong>In-</strong></span> 
     </span>
     <span class='ocr_line' id='line_1_69' title="bbox 1610 1916 2820 1981; baseline -0.001 -2"><span class='ocrx_word' id='word_1_298' title='bbox 1610 1926 1928 1980; x_wconf 89' lang='lat' dir='ltr'><strong>nocentes</strong></span> <span class='ocrx_word' id='word_1_299' title='bbox 2003 1926 2073 1981; x_wconf 88' lang='lat' dir='ltr'><strong>et</strong></span> <span class='ocrx_word' id='word_1_300' title='bbox 2163 1919 2324 1981; x_wconf 89' lang='lat' dir='ltr'><strong>recti</strong></span> <span class='ocrx_word' id='word_1_301' title='bbox 2415 1916 2820 1981; x_wconf 90' lang='lat' dir='ltr'><strong>adheserunt</strong></span> 
     </span>
     <span class='ocr_line' id='line_1_70' title="bbox 1612 2005 2822 2087; baseline 0.001 -21"><span class='ocrx_word' id='word_1_302' title='bbox 1612 2005 1819 2068; x_wconf 87' lang='lat' dir='ltr'><strong>mihi:</strong></span> <span class='ocrx_word' id='word_1_303' title='bbox 1865 2006 2022 2087; x_wconf 89' lang='lat' dir='ltr'><strong>quia</strong></span> <span class='ocrx_word' id='word_1_304' title='bbox 2063 2006 2346 2069; x_wconf 89' lang='lat' dir='ltr'><strong>sustinui</strong></span> <span class='ocrx_word' id='word_1_305' title='bbox 2393 2016 2478 2070; x_wconf 88' lang='lat' dir='ltr'><strong>te.</strong></span> <span class='ocrx_word' id='word_1_306' title='bbox 2569 2005 2822 2067; x_wconf 87' lang='lat' dir='ltr'><strong>Libera</strong></span> 
     </span>
     <span class='ocr_line' id='line_1_71' title="bbox 1612 2092 2820 2158; baseline -0.001 -2"><span class='ocrx_word' id='word_1_307' title='bbox 1612 2094 1778 2156; x_wconf 92' lang='lat' dir='ltr'><strong>deus</strong></span> <span class='ocrx_word' id='word_1_308' title='bbox 1809 2094 2040 2157; x_wconf 90' lang='lat' dir='ltr'><strong>israel:</strong></span> <span class='ocrx_word' id='word_1_309' title='bbox 2087 2114 2175 2156; x_wconf 87' lang='lat' dir='ltr'><strong>ex</strong></span> <span class='ocrx_word' id='word_1_310' title='bbox 2209 2094 2518 2158; x_wconf 90' lang='lat' dir='ltr'><strong>omnibus</strong></span> <span class='ocrx_word' id='word_1_311' title='bbox 2549 2092 2820 2157; x_wconf 88' lang='lat' dir='ltr'><strong>tribula-</strong></span> 
     </span>
     <span class='ocr_line' id='line_1_72' title="bbox 1612 2181 2822 2247; baseline -0.001 -2"><span class='ocrx_word' id='word_1_312' title='bbox 1612 2182 1906 2246; x_wconf 92' lang='lat' dir='ltr'><strong>tionibus</strong></span> <span class='ocrx_word' id='word_1_313' title='bbox 1938 2183 2090 2246; x_wconf 80' lang='lat' dir='ltr'><strong>suiS.</strong></span> <span class='ocrx_word' id='word_1_314' title='bbox 2145 2182 2386 2247; x_wconf 86' lang='lat' dir='ltr'><strong>Gloria.</strong></span> <span class='ocrx_word' id='word_1_315' title='bbox 2461 2181 2822 2246; x_wconf 84' lang='lat' dir='ltr'><strong>Psalmus.⁸</strong></span> 
     </span>
    </p>

    <p class='ocr_par' dir='ltr' id='par_1_19' title="bbox 1608 2271 2827 4392">
     <span class='ocr_line' id='line_1_73' title="bbox 1783 2271 2819 2354; baseline 0 -21"><span class='ocrx_word' id='word_1_316' title='bbox 1783 2272 1978 2335; x_wconf 89' lang='lat' dir='ltr'><strong>udica</strong></span> <span class='ocrx_word' id='word_1_317' title='bbox 2039 2291 2148 2334; x_wconf 90' lang='lat' dir='ltr'><strong>me</strong></span> <span class='ocrx_word' id='word_1_318' title='bbox 2178 2271 2449 2334; x_wconf 91' lang='lat' dir='ltr'><strong>domine</strong></span> <span class='ocrx_word' id='word_1_319' title='bbox 2499 2272 2819 2354; x_wconf 89' lang='lat' dir='ltr'><strong>quoniam</strong></span> 
     </span>
     <span class='ocr_line' id='line_1_74' title="bbox 1611 2272 2827 2446; baseline -0.001 -23"><span class='ocrx_word' id='word_1_320' title='bbox 1611 2272 1768 2446; x_wconf 79' lang='lat' dir='ltr'><em>J</em></span> <span class='ocrx_word' id='word_1_321' title='bbox 1783 2380 1910 2442; x_wconf 88' lang='lat' dir='ltr'><strong>ego</strong></span> <span class='ocrx_word' id='word_1_322' title='bbox 1962 2360 2030 2422; x_wconf 89' lang='lat' dir='ltr'><strong>in</strong></span> <span class='ocrx_word' id='word_1_323' title='bbox 2092 2360 2472 2423; x_wconf 89' lang='lat' dir='ltr'><strong>innocentia</strong></span> <span class='ocrx_word' id='word_1_324' title='bbox 2521 2379 2674 2422; x_wconf 91' lang='lat' dir='ltr'><strong>mea</strong></span> <span class='ocrx_word' id='word_1_325' title='bbox 2721 2360 2827 2422; x_wconf 86' lang='lat' dir='ltr'><strong>in-</strong></span> 
     </span>
     <span class='ocr_line' id='line_1_75' title="bbox 1612 2448 2822 2530; baseline 0.001 -20"><span class='ocrx_word' id='word_1_326' title='bbox 1612 2468 1878 2530; x_wconf 89' lang='lat' dir='ltr'><strong>gressus</strong></span> <span class='ocrx_word' id='word_1_327' title='bbox 1907 2468 2094 2512; x_wconf 91' lang='lat' dir='ltr'><strong>sum:</strong></span> <span class='ocrx_word' id='word_1_328' title='bbox 2142 2458 2211 2511; x_wconf 93' lang='lat' dir='ltr'><strong>et</strong></span> <span class='ocrx_word' id='word_1_329' title='bbox 2242 2450 2310 2511; x_wconf 90' lang='lat' dir='ltr'><strong>in</strong></span> <span class='ocrx_word' id='word_1_330' title='bbox 2364 2448 2637 2512; x_wconf 91' lang='lat' dir='ltr'><strong>domino</strong></span> <span class='ocrx_word' id='word_1_331' title='bbox 2667 2467 2822 2530; x_wconf 90' lang='lat' dir='ltr'><strong>spe-</strong></span> 
     </span>
     <span class='ocr_line' id='line_1_76' title="bbox 1614 2536 2822 2602; baseline 0.002 -2"><span class='ocrx_word' id='word_1_332' title='bbox 1614 2557 1766 2601; x_wconf 91' lang='lat' dir='ltr'><strong>rans</strong></span> <span class='ocrx_word' id='word_1_333' title='bbox 1799 2558 1930 2601; x_wconf 91' lang='lat' dir='ltr'><strong>non</strong></span> <span class='ocrx_word' id='word_1_334' title='bbox 1965 2536 2362 2602; x_wconf 87' lang='lat' dir='ltr'><strong>infirmabor.</strong></span> <span class='ocrx_word' id='word_1_335' title='bbox 2454 2538 2681 2602; x_wconf 86' lang='lat' dir='ltr'><strong>Proba</strong></span> <span class='ocrx_word' id='word_1_336' title='bbox 2715 2557 2822 2602; x_wconf 89' lang='lat' dir='ltr'><strong>me</strong></span> 
     </span>
     <span class='ocr_line' id='line_1_77' title="bbox 1612 2627 2818 2690; baseline 0 0"><span class='ocrx_word' id='word_1_337' title='bbox 1612 2627 1885 2690; x_wconf 90' lang='lat' dir='ltr'><strong>domine</strong></span> <span class='ocrx_word' id='word_1_338' title='bbox 1916 2637 1986 2690; x_wconf 88' lang='lat' dir='ltr'><strong>et</strong></span> <span class='ocrx_word' id='word_1_339' title='bbox 2033 2635 2222 2690; x_wconf 90' lang='lat' dir='ltr'><strong>tenta</strong></span> <span class='ocrx_word' id='word_1_340' title='bbox 2271 2647 2416 2690; x_wconf 91' lang='lat' dir='ltr'><strong>me:</strong></span> <span class='ocrx_word' id='word_1_341' title='bbox 2467 2647 2580 2690; x_wconf 94' lang='lat' dir='ltr'><strong>ure</strong></span> <span class='ocrx_word' id='word_1_342' title='bbox 2628 2646 2818 2690; x_wconf 90' lang='lat' dir='ltr'><strong>renes</strong></span> 
     </span>
     <span class='ocr_line' id='line_1_78' title="bbox 1614 2714 2822 2794; baseline 0.001 -16"><span class='ocrx_word' id='word_1_343' title='bbox 1614 2735 1800 2780; x_wconf 88' lang='lat' dir='ltr'><strong>meos</strong></span> <span class='ocrx_word' id='word_1_344' title='bbox 1859 2723 1928 2779; x_wconf 92' lang='lat' dir='ltr'><strong>et</strong></span> <span class='ocrx_word' id='word_1_345' title='bbox 1986 2735 2102 2779; x_wconf 93' lang='lat' dir='ltr'><strong>cor</strong></span> <span class='ocrx_word' id='word_1_346' title='bbox 2153 2736 2392 2780; x_wconf 88' lang='lat' dir='ltr'><strong>meum.</strong></span> <span class='ocrx_word' id='word_1_347' title='bbox 2493 2714 2822 2794; x_wconf 80' lang='lat' dir='ltr'><strong>Quoniam</strong></span> 
     </span>
     <span class='ocr_line' id='line_1_79' title="bbox 1614 2803 2824 2868; baseline 0.001 -2"><span class='ocrx_word' id='word_1_348' title='bbox 1614 2804 2064 2868; x_wconf 88' lang='lat' dir='ltr'><strong>misericordia</strong></span> <span class='ocrx_word' id='word_1_349' title='bbox 2143 2814 2262 2868; x_wconf 89' lang='lat' dir='ltr'><strong>tua</strong></span> <span class='ocrx_word' id='word_1_350' title='bbox 2350 2812 2507 2868; x_wconf 88' lang='lat' dir='ltr'><strong>ante</strong></span> <span class='ocrx_word' id='word_1_351' title='bbox 2596 2803 2824 2868; x_wconf 89' lang='lat' dir='ltr'><strong>oculos</strong></span> 
     </span>
     <span class='ocr_line' id='line_1_80' title="bbox 1614 2893 2822 2975; baseline -0.002 -20"><span class='ocrx_word' id='word_1_352' title='bbox 1614 2913 1800 2956; x_wconf 90' lang='lat' dir='ltr'><strong>meos</strong></span> <span class='ocrx_word' id='word_1_353' title='bbox 1831 2903 1972 2957; x_wconf 90' lang='lat' dir='ltr'><strong>est:</strong></span> <span class='ocrx_word' id='word_1_354' title='bbox 2018 2903 2087 2957; x_wconf 90' lang='lat' dir='ltr'><strong>et</strong></span> <span class='ocrx_word' id='word_1_355' title='bbox 2145 2893 2518 2975; x_wconf 88' lang='lat' dir='ltr'><strong>complacui</strong></span> <span class='ocrx_word' id='word_1_356' title='bbox 2557 2893 2622 2956; x_wconf 89' lang='lat' dir='ltr'><strong>in</strong></span> <span class='ocrx_word' id='word_1_357' title='bbox 2657 2893 2822 2955; x_wconf 89' lang='lat' dir='ltr'><strong>veri-</strong></span> 
     </span>
     <span class='ocr_line' id='line_1_81' title="bbox 1610 2979 2826 3046; baseline -0.002 0"><span class='ocrx_word' id='word_1_358' title='bbox 1610 2991 1752 3046; x_wconf 88' lang='lat' dir='ltr'><strong>tate</strong></span> <span class='ocrx_word' id='word_1_359' title='bbox 1783 2991 1916 3045; x_wconf 88' lang='lat' dir='ltr'><strong>tua.</strong></span> <span class='ocrx_word' id='word_1_360' title='bbox 1964 2981 2126 3045; x_wconf 90' lang='lat' dir='ltr'><strong>Non</strong></span> <span class='ocrx_word' id='word_1_361' title='bbox 2148 2982 2290 3045; x_wconf 89' lang='lat' dir='ltr'><strong>sedi</strong></span> <span class='ocrx_word' id='word_1_362' title='bbox 2321 3001 2472 3044; x_wconf 90' lang='lat' dir='ltr'><strong>cum</strong></span> <span class='ocrx_word' id='word_1_363' title='bbox 2505 2979 2826 3045; x_wconf 86' lang='lat' dir='ltr'><strong>consilio⁴</strong></span> 
     </span>
     <span class='ocr_line' id='line_1_82' title="bbox 1610 3070 2822 3153; baseline -0.001 -20"><span class='ocrx_word' id='word_1_364' title='bbox 1610 3070 1964 3136; x_wconf 87' lang='lat' dir='ltr'><strong>vanitatis:</strong></span> <span class='ocrx_word' id='word_1_365' title='bbox 2009 3079 2079 3134; x_wconf 90' lang='lat' dir='ltr'><strong>et</strong></span> <span class='ocrx_word' id='word_1_366' title='bbox 2109 3091 2259 3136; x_wconf 91' lang='lat' dir='ltr'><strong>cum</strong></span> <span class='ocrx_word' id='word_1_367' title='bbox 2280 3071 2508 3153; x_wconf 88' lang='lat' dir='ltr'><strong>iniqua</strong></span> <span class='ocrx_word' id='word_1_368' title='bbox 2537 3071 2822 3153; x_wconf 87' lang='lat' dir='ltr'><strong>gerenti-</strong></span> 
     </span>
     <span class='ocr_line' id='line_1_83' title="bbox 1612 3159 2824 3224; baseline 0 -2"><span class='ocrx_word' id='word_1_369' title='bbox 1612 3159 1736 3222; x_wconf 89' lang='lat' dir='ltr'><strong>bus</strong></span> <span class='ocrx_word' id='word_1_370' title='bbox 1782 3179 1916 3223; x_wconf 92' lang='lat' dir='ltr'><strong>non</strong></span> <span class='ocrx_word' id='word_1_371' title='bbox 1978 3159 2282 3224; x_wconf 78' lang='lat' dir='ltr'><strong>introibo,</strong></span> <span class='ocrx_word' id='word_1_372' title='bbox 2378 3159 2571 3224; x_wconf 89' lang='lat' dir='ltr'><strong>Odivi</strong></span> <span class='ocrx_word' id='word_1_373' title='bbox 2617 3159 2824 3222; x_wconf 88' lang='lat' dir='ltr'><strong>eccle-</strong></span> 
     </span>
     <span class='ocr_line' id='line_1_84' title="bbox 1611 3247 2821 3329; baseline -0.001 -19"><span class='ocrx_word' id='word_1_374' title='bbox 1611 3247 1780 3310; x_wconf 89' lang='lat' dir='ltr'><strong>siam</strong></span> <span class='ocrx_word' id='word_1_375' title='bbox 1817 3247 2368 3329; x_wconf 89' lang='lat' dir='ltr'><strong>malignantium:</strong></span> <span class='ocrx_word' id='word_1_376' title='bbox 2399 3257 2470 3311; x_wconf 90' lang='lat' dir='ltr'><strong>et</strong></span> <span class='ocrx_word' id='word_1_377' title='bbox 2508 3267 2661 3310; x_wconf 91' lang='lat' dir='ltr'><strong>cum</strong></span> <span class='ocrx_word' id='word_1_378' title='bbox 2696 3248 2821 3310; x_wconf 86' lang='lat' dir='ltr'><strong>im-</strong></span> 
     </span>
     <span class='ocr_line' id='line_1_85' title="bbox 1608 3336 2825 3420; baseline 0 -22"><span class='ocrx_word' id='word_1_379' title='bbox 1608 3336 1738 3420; x_wconf 90' lang='lat' dir='ltr'><strong>piis</strong></span> <span class='ocrx_word' id='word_1_380' title='bbox 1785 3355 1916 3400; x_wconf 90' lang='lat' dir='ltr'><strong>non</strong></span> <span class='ocrx_word' id='word_1_381' title='bbox 1965 3336 2232 3400; x_wconf 88' lang='lat' dir='ltr'><strong>sedebo.</strong></span> <span class='ocrx_word' id='word_1_382' title='bbox 2322 3336 2601 3400; x_wconf 88' lang='lat' dir='ltr'><strong>Lavabo</strong></span> <span class='ocrx_word' id='word_1_383' title='bbox 2655 3336 2825 3398; x_wconf 90' lang='lat' dir='ltr'><strong>inter</strong></span> 
     </span>
     <span class='ocr_line' id='line_1_86' title="bbox 1610 3424 2820 3488; baseline 0 -2"><span class='ocrx_word' id='word_1_384' title='bbox 1610 3424 1994 3488; x_wconf 89' lang='lat' dir='ltr'><strong>innoeentes</strong></span> <span class='ocrx_word' id='word_1_385' title='bbox 2028 3444 2264 3487; x_wconf 90' lang='lat' dir='ltr'><strong>manus</strong></span> <span class='ocrx_word' id='word_1_386' title='bbox 2311 3443 2537 3488; x_wconf 88' lang='lat' dir='ltr'><strong>meas:</strong></span> <span class='ocrx_word' id='word_1_387' title='bbox 2583 3434 2652 3487; x_wconf 92' lang='lat' dir='ltr'><strong>et</strong></span> <span class='ocrx_word' id='word_1_388' title='bbox 2697 3425 2820 3486; x_wconf 87' lang='lat' dir='ltr'><strong>cir-</strong></span> 
     </span>
     <span class='ocr_line' id='line_1_87' title="bbox 1609 3511 2813 3576; baseline 0 0"><span class='ocrx_word' id='word_1_389' title='bbox 1609 3513 1921 3576; x_wconf 88' lang='lat' dir='ltr'><strong>cundabo</strong></span> <span class='ocrx_word' id='word_1_390' title='bbox 1993 3511 2202 3576; x_wconf 87' lang='lat' dir='ltr'><strong>altare</strong></span> <span class='ocrx_word' id='word_1_391' title='bbox 2273 3523 2464 3576; x_wconf 88' lang='lat' dir='ltr'><strong>tuum</strong></span> <span class='ocrx_word' id='word_1_392' title='bbox 2525 3512 2813 3576; x_wconf 87' lang='lat' dir='ltr'><strong>domine.</strong></span> 
     </span>
     <span class='ocr_line' id='line_1_88' title="bbox 1621 3599 2820 3667; baseline -0.002 -1"><span class='ocrx_word' id='word_1_393' title='bbox 1621 3602 1716 3667; x_wconf 89' lang='lat' dir='ltr'><strong>Ut</strong></span> <span class='ocrx_word' id='word_1_394' title='bbox 1775 3601 2044 3666; x_wconf 88' lang='lat' dir='ltr'><strong>audiam</strong></span> <span class='ocrx_word' id='word_1_395' title='bbox 2077 3621 2310 3666; x_wconf 89' lang='lat' dir='ltr'><strong>vocem</strong></span> <span class='ocrx_word' id='word_1_396' title='bbox 2358 3599 2659 3664; x_wconf 75' lang='lat' dir='ltr'><strong>laudis⁶2</strong></span> <span class='ocrx_word' id='word_1_397' title='bbox 2750 3609 2820 3664; x_wconf 91' lang='lat' dir='ltr'><strong>et</strong></span> 
     </span>
     <span class='ocr_line' id='line_1_89' title="bbox 1610 3689 2821 3754; baseline 0 0"><span class='ocrx_word' id='word_1_398' title='bbox 1610 3710 1911 3754; x_wconf 88' lang='lat' dir='ltr'><strong>enarrem</strong></span> <span class='ocrx_word' id='word_1_399' title='bbox 1947 3691 2252 3753; x_wconf 90' lang='lat' dir='ltr'><strong>universa</strong></span> <span class='ocrx_word' id='word_1_400' title='bbox 2301 3689 2627 3754; x_wconf 90' lang='lat' dir='ltr'><strong>mirabilia</strong></span> <span class='ocrx_word' id='word_1_401' title='bbox 2686 3698 2821 3754; x_wconf 88' lang='lat' dir='ltr'><strong>tua.</strong></span> 
     </span>
     <span class='ocr_line' id='line_1_90' title="bbox 1612 3777 2822 3844; baseline -0.003 0"><span class='ocrx_word' id='word_1_402' title='bbox 1612 3779 1906 3844; x_wconf 90' lang='lat' dir='ltr'><strong>Domine</strong></span> <span class='ocrx_word' id='word_1_403' title='bbox 1965 3777 2176 3843; x_wconf 87' lang='lat' dir='ltr'><strong>dilexi</strong></span> <span class='ocrx_word' id='word_1_404' title='bbox 2238 3777 2548 3842; x_wconf 89' lang='lat' dir='ltr'><strong>decorem</strong></span> <span class='ocrx_word' id='word_1_405' title='bbox 2581 3777 2822 3841; x_wconf 87' lang='lat' dir='ltr'><strong>domus</strong></span> 
     </span>
     <span class='ocr_line' id='line_1_91' title="bbox 1608 3866 2825 3948; baseline -0.002 -16"><span class='ocrx_word' id='word_1_406' title='bbox 1608 3877 1762 3932; x_wconf 89' lang='lat' dir='ltr'><strong>tue:</strong></span> <span class='ocrx_word' id='word_1_407' title='bbox 1808 3877 1877 3930; x_wconf 93' lang='lat' dir='ltr'><strong>et</strong></span> <span class='ocrx_word' id='word_1_408' title='bbox 1908 3867 2126 3931; x_wconf 90' lang='lat' dir='ltr'><strong>locum</strong></span> <span class='ocrx_word' id='word_1_409' title='bbox 2156 3866 2586 3931; x_wconf 89' lang='lat' dir='ltr'><strong>habitationis</strong></span> <span class='ocrx_word' id='word_1_410' title='bbox 2617 3866 2825 3948; x_wconf 87' lang='lat' dir='ltr'><strong>glorie</strong></span> 
     </span>
     <span class='ocr_line' id='line_1_92' title="bbox 1609 3954 2823 4038; baseline -0.001 -19"><span class='ocrx_word' id='word_1_411' title='bbox 1609 3965 1739 4020; x_wconf 91' lang='lat' dir='ltr'><strong>tue.</strong></span> <span class='ocrx_word' id='word_1_412' title='bbox 1830 3957 1945 4019; x_wconf 91' lang='lat' dir='ltr'><strong>Ne</strong></span> <span class='ocrx_word' id='word_1_413' title='bbox 1974 3954 2214 4038; x_wconf 91' lang='lat' dir='ltr'><strong>perdas</strong></span> <span class='ocrx_word' id='word_1_414' title='bbox 2233 3975 2384 4019; x_wconf 89' lang='lat' dir='ltr'><strong>cum</strong></span> <span class='ocrx_word' id='word_1_415' title='bbox 2420 3955 2638 4038; x_wconf 90' lang='lat' dir='ltr'><strong>impiis</strong></span> <span class='ocrx_word' id='word_1_416' title='bbox 2656 3955 2823 4018; x_wconf 86' lang='lat' dir='ltr'><strong>deus</strong></span> 
     </span>
     <span class='ocr_line' id='line_1_93' title="bbox 1610 4045 2824 4109; baseline -0.002 0"><span class='ocrx_word' id='word_1_417' title='bbox 1610 4045 1906 4109; x_wconf 87' lang='lat' dir='ltr'><strong>animam</strong></span> <span class='ocrx_word' id='word_1_418' title='bbox 1973 4064 2231 4108; x_wconf 89' lang='lat' dir='ltr'><strong>meam:</strong></span> <span class='ocrx_word' id='word_1_419' title='bbox 2309 4054 2376 4108; x_wconf 91' lang='lat' dir='ltr'><strong>et</strong></span> <span class='ocrx_word' id='word_1_420' title='bbox 2437 4064 2588 4107; x_wconf 90' lang='lat' dir='ltr'><strong>cum</strong></span> <span class='ocrx_word' id='word_1_421' title='bbox 2665 4045 2824 4108; x_wconf 89' lang='lat' dir='ltr'><strong>viris</strong></span> 
     </span>
     <span class='ocr_line' id='line_1_94' title="bbox 1610 4133 2821 4216; baseline -0.002 -19"><span class='ocrx_word' id='word_1_422' title='bbox 1610 4133 2009 4216; x_wconf 89' lang='lat' dir='ltr'><strong>sanguinum</strong></span> <span class='ocrx_word' id='word_1_423' title='bbox 2035 4133 2239 4196; x_wconf 90' lang='lat' dir='ltr'><strong>vitam</strong></span> <span class='ocrx_word' id='word_1_424' title='bbox 2268 4152 2506 4197; x_wconf 88' lang='lat' dir='ltr'><strong>meam.</strong></span> <span class='ocrx_word' id='word_1_425' title='bbox 2549 4133 2634 4196; x_wconf 92' lang='lat' dir='ltr'><strong>In</strong></span> <span class='ocrx_word' id='word_1_426' title='bbox 2657 4153 2821 4216; x_wconf 92' lang='lat' dir='ltr'><strong>quo-</strong></span> 
     </span>
     <span class='ocr_line' id='line_1_95' title="bbox 1614 4221 2822 4305; baseline 0.001 -20"><span class='ocrx_word' id='word_1_427' title='bbox 1614 4241 1758 4285; x_wconf 91' lang='lat' dir='ltr'><strong>rum</strong></span> <span class='ocrx_word' id='word_1_428' title='bbox 1815 4221 2124 4286; x_wconf 90' lang='lat' dir='ltr'><strong>manibus</strong></span> <span class='ocrx_word' id='word_1_429' title='bbox 2178 4221 2563 4305; x_wconf 89' lang='lat' dir='ltr'><strong>iniquitates</strong></span> <span class='ocrx_word' id='word_1_430' title='bbox 2625 4231 2822 4286; x_wconf 90' lang='lat' dir='ltr'><strong>sunt:</strong></span> 
     </span>
     <span class='ocr_line' id='line_1_96' title="bbox 1612 4309 2820 4392; baseline 0 -18"><span class='ocrx_word' id='word_1_431' title='bbox 1612 4311 1896 4374; x_wconf 88' lang='lat' dir='ltr'><strong>dextera</strong></span> <span class='ocrx_word' id='word_1_432' title='bbox 1925 4329 2154 4373; x_wconf 90' lang='lat' dir='ltr'><strong>eorum</strong></span> <span class='ocrx_word' id='word_1_433' title='bbox 2195 4309 2446 4392; x_wconf 91' lang='lat' dir='ltr'><strong>repleta</strong></span> <span class='ocrx_word' id='word_1_434' title='bbox 2475 4319 2576 4374; x_wconf 90' lang='lat' dir='ltr'><strong>est</strong></span> <span class='ocrx_word' id='word_1_435' title='bbox 2591 4326 2820 4374; x_wconf 90' lang='lat' dir='ltr'><strong>mune-</strong></span> 
     </span>
    </p>
   </div>
   <div class='ocr_carea' id='block_1_18' title="bbox 292 4399 2824 4651">
    <p class='ocr_par' dir='ltr' id='par_1_20' title="bbox 292 4399 2824 4651">
     <span class='ocr_line' id='line_1_97' title="bbox 292 4399 2824 4481; baseline 0 -18"><span class='ocrx_word' id='word_1_436' title='bbox 292 4420 480 4464; x_wconf 92' lang='lat' dir='ltr'><strong>eum:</strong></span> <span class='ocrx_word' id='word_1_437' title='bbox 527 4408 596 4462; x_wconf 91' lang='lat' dir='ltr'><strong>et</strong></span> <span class='ocrx_word' id='word_1_438' title='bbox 648 4408 1127 4462; x_wconf 89' lang='lat' dir='ltr'><strong>testamentum</strong></span> <span class='ocrx_word' id='word_1_439' title='bbox 1181 4399 1387 4481; x_wconf 90' lang='lat' dir='ltr'><strong>ipsius</strong></span> <span class='ocrx_word' id='word_1_440' title='bbox 1436 4407 1509 4462; x_wconf 91' lang='lat' dir='ltr'><strong>ut</strong></span> <span class='ocrx_word' id='word_1_441' title='bbox 1613 4400 1812 4463; x_wconf 91' lang='lat' dir='ltr'><strong>ribus.</strong></span> <span class='ocrx_word' id='word_1_442' title='bbox 1902 4401 2060 4481; x_wconf 79' lang='lat' dir='ltr'><strong>L&#39;go</strong></span> <span class='ocrx_word' id='word_1_443' title='bbox 2092 4409 2317 4462; x_wconf 89' lang='lat' dir='ltr'><strong>autem</strong></span> <span class='ocrx_word' id='word_1_444' title='bbox 2340 4401 2404 4462; x_wconf 92' lang='lat' dir='ltr'><strong>in</strong></span> <span class='ocrx_word' id='word_1_445' title='bbox 2446 4401 2824 4464; x_wconf 87' lang='lat' dir='ltr'><strong>innocentia</strong></span> 
     </span>
     <span class='ocr_line' id='line_1_98' title="bbox 398 4533 2716 4650; baseline 0.001 -66"><span class='ocrx_word' id='word_1_446' title='bbox 398 4537 518 4601; x_wconf 68' lang='lat' dir='ltr'><strong>¹p3.</strong></span> <span class='ocrx_word' id='word_1_447' title='bbox 542 4547 641 4596; x_wconf 86' lang='lat'><strong>24:</strong></span> <span class='ocrx_word' id='word_1_448' title='bbox 664 4535 811 4631; x_wconf 62' lang='lat' dir='ltr'><strong>EG.⁴</strong></span> <span class='ocrx_word' id='word_1_449' title='bbox 852 4535 1025 4648; x_wconf 60' lang='lat' dir='ltr'><strong>xxiifjlr}</strong></span> <span class='ocrx_word' id='word_1_450' title='bbox 1052 4548 1069 4582; x_wconf 93' lang='lat'><strong>.·</strong></span> <span class='ocrx_word' id='word_1_451' title='bbox 1091 4534 1161 4649; x_wconf 64' lang='grc' dir='ltr'><strong>δὲ</strong></span> <span class='ocrx_word' id='word_1_452' title='bbox 1185 4599 1231 4650; x_wconf 80' lang='lat' dir='ltr'>G</span> <span class='ocrx_word' id='word_1_453' title='bbox 1422 4535 1443 4564; x_wconf 83' lang='lat'>¹</span> <span class='ocrx_word' id='word_1_454' title='bbox 1476 4533 1663 4585; x_wconf 80' lang='lat' dir='ltr'><strong>Dulcia</strong></span> <span class='ocrx_word' id='word_1_455' title='bbox 1684 4554 1699 4585; x_wconf 77' lang='lat' dir='ltr'><strong><em>z</em></strong></span> <span class='ocrx_word' id='word_1_456' title='bbox 1738 4535 1790 4586; x_wconf 91' lang='lat' dir='ltr'><strong>S.</strong></span> <span class='ocrx_word' id='word_1_457' title='bbox 1839 4604 1859 4632; x_wconf 47' lang='grc' dir='ltr'>ι</span> <span class='ocrx_word' id='word_1_458' title='bbox 1899 4605 1949 4650; x_wconf 56' lang='lat' dir='ltr'><strong>‘t</strong></span> <span class='ocrx_word' id='word_1_459' title='bbox 1984 4536 2198 4650; x_wconf 49' lang='lat'><strong>’45:2135</strong></span> <span class='ocrx_word' id='word_1_460' title='bbox 2215 4534 2406 4650; x_wconf 83' lang='lat' dir='ltr'><strong>.·GE.G.</strong></span> <span class='ocrx_word' id='word_1_461' title='bbox 2478 4551 2600 4586; x_wconf 73' lang='lat' dir='ltr'><strong>xxv.</strong></span> <span class='ocrx_word' id='word_1_462' title='bbox 2622 4551 2640 4584; x_wconf 90' lang='lat'><strong>.·</strong></span> <span class='ocrx_word' id='word_1_463' title='bbox 2663 4536 2716 4586; x_wconf 68' lang='grc' dir='ltr'><strong>ὁ.</strong></span> 
     </span>
     <span class='ocr_line' id='line_1_99' title="bbox 843 4615 2292 4651; baseline 0.001 -1"><span class='ocrx_word' id='word_1_464' title='bbox 843 4615 987 4650; x_wconf 80' lang='lat' dir='ltr'><strong>concl</strong></span> <span class='ocrx_word' id='word_1_465' title='bbox 1008 4615 1090 4648; x_wconf 81' lang='lat'><strong>10:</strong></span> <span class='ocrx_word' id='word_1_466' title='bbox 1164 4636 1177 4649; x_wconf 86' lang='grc'><strong>.</strong></span> <span class='ocrx_word' id='word_1_467' title='bbox 1238 4636 1251 4650; x_wconf 86' lang='grc'><strong>.</strong></span> <span class='ocrx_word' id='word_1_468' title='bbox 1951 4617 2014 4650; x_wconf 73' lang='lat' dir='ltr'><strong>ue</strong></span> <span class='ocrx_word' id='word_1_469' title='bbox 2107 4619 2110 4622; x_wconf 85' lang='grc'><strong><em>’</em></strong></span> <span class='ocrx_word' id='word_1_470' title='bbox 2183 4619 2195 4651; x_wconf 87' lang='lat'><strong>:</strong></span> <span class='ocrx_word' id='word_1_471' title='bbox 2280 4638 2292 4651; x_wconf 83' lang='lat'><strong>.</strong></span> 
     </span>
    </p>
   </div>
   <div class='ocr_carea' id='block_1_19' title="bbox 2423 4684 2556 4751">
    <p class='ocr_par' dir='ltr' id='par_1_21' title="bbox 2423 4684 2556 4751">
     <span class='ocr_line' id='line_1_100' title="bbox 2423 4684 2556 4751; baseline 0 -18"><span class='ocrx_word' id='word_1_472' title='bbox 2423 4684 2556 4751; x_wconf 84' lang='lat' dir='ltr'><strong>3G</strong></span> 
     </span>
    </p>
   </div>
  </div>
 </body>
</html>
