3375 5100
1147 355 1210 410 S.
1259 352 1562 410 THOME
1601 353 1999 411 EPISCOPI.

871 463 1016 518 125

326 569 604 636 castris:
650 569 864 635 cultor
900 573 966 635 in
1005 591 1175 637 area.
1269 571 1523 637 Celum.

331 661 580 725 Gloria.
673 659 928 726 Celum.

317 776 320 779 ·
419 751 506 812 In
523 748 708 812 tertio
737 759 1036 812 nocturno
1051 758 1155 813 αῆ.
1233 748 1528 815 Sathane

331 838 660 903 satellites
718 839 1153 920 irrumpentes
1201 838 1524 920 templum

327 929 701 990 inauditum
793 935 1174 1009 perpetrant
1263 927 1524 990 sceleris

329 1015 738 1098 exemplum.
772 1025 870 1097 pff.
923 1016 1003 1078 In
1049 1016 1323 1078 domino
1367 1035 1523 1078 con-

331 1104 486 1168 fido.
603 1113 712 1167 aii.
807 1103 1067 1169 Strictis
1097 1103 1360 1168 thomas
1409 1123 1521 1166 en-

331 1194 515 1257 sibus
589 1193 854 1256 obviam
948 1193 1282 1274 procedit:
1386 1212 1520 1256 non

332 1283 530 1344 minis
555 1301 689 1344 non
710 1281 978 1364 gladiis:
1025 1281 1142 1344 sed
1175 1301 1296 1344 nec
1321 1283 1517 1345 morti

332 1371 526 1434 cedit.
581 1379 682 1452 pf.
749 1370 1039 1433 Domine
1098 1371 1246 1451 quis
1305 1369 1522 1434 habit-

330 1459 488 1522 abit.
577 1467 684 1522 ανῖ.
725 1459 924 1523 Hosti
971 1459 1206 1540 pandit
1236 1459 1520 1522 ostium:

329 1547 550 1611 hostia
610 1546 906 1610 futurus:
981 1556 1050 1610 et
1119 1567 1243 1630 pro
1317 1547 1522 1611 domo

327 1636 582 1699 domini
613 1644 748 1698 stat
772 1636 839 1698 in
869 1634 1092 1699 hostes
1125 1656 1366 1701 murus,
1415 1645 1518 1718 pff.

331 1725 622 1788 Domine
652 1724 718 1786 in
749 1725 1007 1787 virtute.
1043 1741 1086 1810 γ
1111 1724 1364 1806 Magna
1400 1733 1518 1788 est.

329 1814 698 1878 Secundum
708 1813 1077 1894 johannem.

327 1904 426 2034 l
431 1922 474 1964 n
524 1901 638 1965 illo
691 1910 1026 1983 tempore:
1073 1901 1272 1964 Dixit
1321 1901 1518 1983 Jesus

429 1989 767 2072 discipulis
797 1989 968 2054 suis:
1017 1989 1167 2071 Ego
1195 2010 1342 2053 sum
1367 2011 1517 2072 pas-

327 2088 434 2141 tor
451 2079 681 2143 bonus,
737 2079 960 2141 Bonus
980 2087 1206 2160 pastor
1223 2079 1513 2142 animam

327 2187 521 2230 suam
573 2167 691 2231 dat
742 2187 862 2248 pro
902 2167 1135 2230 ovibus
1178 2167 1330 2231 suiS.
1422 2168 1516 2230 Et

327 2255 588 2319 cetera.¹
683 2255 934 2320 Omelia
993 2255 1165 2318 beati
1223 2256 1520 2337 gregrorii

312 2354 493 2426 pape.
565 2343 794 2407 Bonus
824 2353 1051 2425 pastor
1082 2342 1381 2409 Christus
1412 2353 1514 2408 est

325 2431 606 2496 fratres²
690 2432 972 2513 Require
1000 2433 1070 2494 in
1101 2432 1422 2495 dominica
1458 2433 1522 2515 {j

309 2531 463 2603 post
473 2519 733 2604 pascha.
780 2521 894 2585 Re.
943 2521 1179 2584 Mundi
1213 2519 1439 2585 florem
1471 2541 1513 2585 a

326 2612 581 2674 mundo
634 2609 920 2673 conteri:
976 2609 1193 2673 rachel
1246 2611 1510 2692 plorans

317 2699 461 2781 jam
538 2718 722 2762 cessa
796 2700 1148 2779 conqueri:
1212 2698 1511 2762 Thomas

323 2808 512 2851 cesus
559 2787 719 2850 dum
761 2787 958 2850 datur
1009 2786 1250 2850 funeri:
1301 2808 1511 2851 novus

323 2876 476 2940 abel
551 2876 842 2939 succedit
915 2876 1136 2939 veteri.
1229 2892 1275 2962 γ
1347 2876 1510 2941 Vox

323 2964 568 3028 cruoris
587 2984 722 3027 vox
747 2964 954 3046 sparsi
981 2964 1259 3028 cerebri:
1291 2964 1508 3028 celum

323 3053 534 3135 replet
563 3053 850 3115 clamore
881 3050 1134 3115 celebri.
1212 3052 1509 3117 Thomas

319 3162 512 3205 cesus
540 3142 700 3205 dum
739 3142 950 3204 datur.
1126 3140 1338 3204 Lectio
1367 3142 1505 3224 vig‘j.

335 3231 561 3362 Vix
593 3250 711 3312 per
739 3248 1034 3292 mensem
1066 3239 1254 3311 pater
1288 3230 1355 3292 in
1399 3250 1506 3293 ec-

487 3319 684 3382 clesia
741 3338 861 3381 sua
921 3338 1174 3380 moram
1223 3318 1506 3382 fecerat:

315 3418 386 3471 et
431 3428 584 3471 ecce
632 3407 861 3490 quinta
892 3406 1222 3470 dominice
1271 3408 1505 3471 nativi-

317 3498 476 3559 tatis
553 3496 660 3559 die
733 3495 1006 3558 veniunt
1095 3497 1502 3560 cantuariam

313 3594 630 3667 quattuor
697 3584 939 3647 milites
1013 3582 1288 3646 sathane
1349 3604 1502 3648 con-

315 3675 475 3737 dicti
521 3672 854 3737 satellites,
946 3672 1298 3755 Precipites
1345 3693 1504 3755 ergo

312 3772 382 3825 et
409 3762 659 3845 stupidi
692 3762 1110 3843 insequentes
1153 3760 1501 3844 archiepis-

313 3872 557 3933 copum
599 3851 918 3913 extractis
965 3848 1206 3931 gladiis
1254 3850 1502 3914 intrant

309 3940 656 4003 ecclesiam
677 3939 917 4002 furiose
935 3939 1332 4002 clamantes:
1360 3938 1497 4003 Ubi

309 4038 412 4092 est
443 4030 741 4111 proditor
776 4028 932 4091 ille?
1025 4028 1312 4089 Nemine
1342 4046 1500 4090 vero

302 4116 788 4201 respondente:
864 4116 1277 4198 ingeminant
1358 4115 1450 4179 illi
1481 4138 1536 4200 ε,

397 4322 414 4351 ¹
449 4320 660 4384 reliqua:
695 4318 756 4368 G.
767 4318 850 4367 W.

393 4390 415 4418 ²
439 4388 585 4435 Haec
601 4385 785 4435 omelia
803 4385 950 4447 longe
963 4390 1014 4433 et
1029 4382 1204 4432 diffuse
1220 4382 1494 4447 perscripta

295 4462 372 4504 est
398 4456 450 4501 in
476 4452 701 4501 E.G.W.
767 4451 958 4499 Eadem
979 4464 1099 4498 vero
1121 4458 1196 4498 est
1219 4465 1318 4513 qua
1339 4450 1494 4499 utitur

293 4523 395 4571 hoc
431 4520 634 4568 Brev¹¹¹¹·¹
659 4517 806 4567 infra:
840 4532 932 4581 pro
969 4515 1208 4565 Lectione
1239 4524 1317 4563 1¹¹¹·
1339 4523 1389 4565 et
1426 4517 1496 4564 τ’·

290 4588 343 4637 in
379 4584 636 4636 matutinis
671 4583 968 4634 Dominicae
997 4583 1086 4631 2⁴³·
1120 4590 1232 4646 post
1267 4582 1472 4632 Pascha.

2138 465 2280 520 126

1631 571 1769 638 Ubi
1800 581 1903 635 est
1930 571 2459 655 archiepiscopus
2485 572 2509 636 ?
2558 571 2825 638 sciens-

1627 681 1760 742 que
1810 661 2054 726 Christi
2102 661 2475 725 confessor:
2528 671 2599 726 eet
2648 682 2822 726 mox

1627 749 1885 814 futurus
1914 759 2169 832 martyr
2198 751 2397 833 priori
2429 751 2697 813 nomine
2742 771 2824 814 se

1626 838 1795 901 falso
1843 840 2112 921 impeti:
2159 839 2439 903 alterum
2484 859 2640 902 vero
2687 839 2819 902 sibi

1623 947 1746 1008 pro
1777 928 1993 991 officio
2022 937 2436 1009 competere:
2483 927 2558 990 a³
2592 928 2820 1010 gradi-

1623 1016 1749 1079 bus
1780 1016 2045 1079 obviam
2078 1015 2205 1079 illis
2228 1017 2626 1099 procedens:
2659 1036 2821 1080 ecce

1622 1104 1838 1186 inquit
1886 1125 2123 1169 assum.
2219 1105 2298 1168 In
2348 1113 2535 1168 tanta
2586 1114 2817 1168 autem

1622 1213 1695 1256 se
1725 1193 2089 1257 exhibebat
2117 1193 2530 1257 constantia:
2578 1203 2651 1257 ut
2688 1212 2816 1257 nec

1619 1283 1880 1344 animus
1926 1282 2069 1364 ejus
2118 1302 2391 1364 pavore:
2423 1301 2543 1344 nec
2574 1302 2820 1364 corpus

1619 1370 1889 1434 horrore
1946 1372 2210 1436 concuti
2255 1371 2601 1435 videretur.
2690 1371 2805 1435 Re.

1625 1459 1885 1524 Christe
1914 1459 2073 1542 Jesu
2102 1481 2222 1542 per
2261 1459 2490 1523 thome
2536 1459 2818 1524 vulnera

1621 1568 1753 1629 que
1812 1568 1933 1612 nos
1986 1549 2197 1631 ligant
2257 1547 2487 1612 relaxa
2543 1548 2815 1613 scelera.

1622 1636 1731 1699 Ne
1804 1637 2103 1719 captivos
2176 1637 2390 1700 serant
2450 1637 2535 1700 ad
2597 1637 2815 1701 infera

1619 1723 1831 1788 hostis
1862 1726 2149 1789 mundus
2178 1725 2283 1789 vel
2326 1726 2540 1788 carnis
2585 1745 2811 1807 opera.

1619 1829 1668 1899 γ
1712 1813 1834 1876 Per
1850 1823 1918 1878 te
1941 1814 2173 1878 thoma
2190 1823 2343 1896 post
2367 1813 2510 1877 leve
2534 1833 2813 1878 munera

1620 1901 2041 1983 amplexetur
2062 1923 2184 1965 nos
2214 1903 2322 1967 dei
2352 1903 2648 1966 dextera.
2697 1902 2813 1966 Ne·

1617 1991 1917 2071 captivos
1940 1990 2170 2056 serant.
2464 1990 2682 2053 Lectio
2710 1991 2797 2056 ix.

1628 2079 1968 2212 Cunque
2000 2099 2167 2143 unus
2216 2097 2305 2142 ex
2335 2078 2430 2141 eis
2459 2078 2803 2143 brachium

1746 2167 2119 2230 extendens
2164 2167 2453 2231 vibraret
2504 2166 2801 2248 gladium

1615 2253 1682 2316 in
1704 2264 1905 2337 caput
1922 2255 2425 2338 archiepiscopi:
2461 2255 2801 2318 brachium

1612 2342 1958 2424 cujusdam
1990 2346 2104 2426 qui
2135 2345 2398 2408 astabat
2422 2343 2636 2408 clerici
2666 2343 2807 2408 fere·

1614 2431 1931 2497 abscidit:
2007 2443 2075 2497 et
2135 2433 2351 2515 ipsum
2427 2433 2673 2514 pariter
2731 2433 2800 2495 in

1611 2523 1830 2603 capite
1880 2521 2245 2586 vulneravit
2306 2520 2620 2586 christum
2680 2519 2800 2585 do-

1611 2610 1790 2674 mini.
1884 2610 2126 2676 Stabat
2156 2610 2373 2674 adhuc
2413 2612 2633 2693 justus
2677 2630 2799 2692 pro

1604 2698 1912 2779 justicia:
1974 2699 2157 2763 velut
2212 2718 2423 2781 agnus
2482 2700 2807 2762 innocens-

1611 2788 1752 2850 sine
1778 2808 2143 2851 murmure:
2190 2790 2330 2851 sine
2352 2787 2797 2869 querimonia:

1609 2884 1677 2938 et
1701 2896 1772 2939 se
1795 2877 2011 2958 ipsum
2034 2876 2492 2940 holocaustum
2517 2875 2802 2939 offerens

1609 2964 1923 3028 domino:
1984 2974 2363 3029 sanctorum
2432 2965 2797 3047 patrocinia

1609 3052 2025 3134 implorabat.
2090 3054 2436 3118 Secundus
2467 3062 2534 3117 et
2564 3053 2797 3116 tertius

1607 3140 1868 3221 gladios
1926 3162 2083 3205 suos
2141 3142 2369 3205 vertici
2428 3142 2796 3206 constantis

1607 3228 1857 3293 athlete
1887 3230 2195 3293 atrociter
2234 3230 2593 3293 illiserunt:
2640 3250 2795 3293 con-

1606 3317 1980 3400 fregerunt:
2028 3326 2095 3382 et
2124 3320 2392 3401 spiritus
2422 3318 2633 3382 sancti
2663 3319 2799 3381 vic-

1605 3406 1840 3469 timam
1860 3408 2004 3471 solo
2016 3415 2208 3470 tenus
2222 3408 2793 3489 precipitaverunt.

1607 3494 1903 3577 Quartus
1918 3494 2067 3577 plus
2086 3516 2288 3577 quam
2307 3494 2553 3558 ferali⁴:
2587 3494 2795 3558 immo

1603 3583 1817 3646 furiali
1838 3583 1863 3621 ⁶
1886 3582 2274 3647 crudelitate
2305 3581 2713 3647 debachatus
2727 3581 2753 3619 ⁸
2776 3604 2791 3647 :

1598 3669 1778 3753 jam⁷
1826 3681 2157 3753 prostrato
2225 3672 2365 3754 jam
2412 3670 2791 3751 expiranti:

1603 3778 1915 3823 coronam
1929 3759 2191 3824 rasilem
2212 3759 2523 3823 abscidit:
2548 3766 2792 3821 testam

1601 3850 1839 3931 capitis
1897 3848 2275 3930 dissipavit:
2350 3856 2420 3909 et
2478 3866 2793 3910 mucrone

1600 3937 1827 4000 vertici
1888 3936 2179 4001 intruso:
2240 3934 2577 3999 cerebrum
2640 3955 2792 3999 cum

1599 4026 1922 4107 sanguine
1958 4046 2156 4107 super
2199 4026 2657 4108 pavimentum
2698 4023 2793 4088 la-

1598 4114 1869 4197 pideum
1902 4113 2151 4178 effudit.
2230 4114 2343 4179 Sic
2366 4115 2461 4178 sic
2485 4134 2602 4197 per
2622 4134 2796 4177 mar·

1857 4316 1880 4345 ⁸
1918 4315 2159 4367 ‘a’om.:
2194 4317 2417 4369 E.G.W.

1864 4384 1883 4413 ⁴
1916 4381 2103 4431 feralis:
2140 4384 2198 4434 E.

1862 4450 1883 4479 ⁸
1915 4448 2094 4498 feriali:
2131 4450 2213 4499 W.

1860 4516 1881 4544 ⁸
1914 4515 2267 4567 debacchatus:
2303 4518 2366 4567 G.

1863 4584 1881 4611 ⁷
1922 4582 2079 4645 ‘jam'
2104 4598 2231 4633 om.:
2268 4582 2495 4633 E.G.W.
