3375 5100
1162 300 1432 358 PRIMA
1470 299 1944 358 ADVENTUS.

889 411 970 466 13

317 527 618 584 montem
649 518 914 583 oliveti:
945 527 1102 582 tunc
1136 517 1321 582 misit
1343 517 1512 581 duos

309 609 674 691 discipulos
699 609 924 672 dicens
957 608 1090 672 eis:
1139 608 1242 670 Ite
1274 607 1342 670 in
1373 626 1515 671 cas-

315 697 549 762 tellum
582 697 763 781 quod
796 707 1026 760 contra
1055 716 1175 759 vos
1211 704 1328 760 est.
1422 695 1516 758 Et

215 837 246 872 ,Ι
318 786 588 868 reliqua.

216 929 236 955 1,
411 873 662 940 Omelia
693 873 863 938 beati
894 871 1226 948 Jolzannis
1253 871 1520 954 episcopi

313 963 396 1026 de
422 963 638 1026 eadem
668 963 932 1026 lectione.
1154 961 1372 1024 Lectio
1401 960 1516 1043 vij.

313 1054 819 1184 Frequenter
836 1051 1107 1133 quidem
1125 1049 1307 1112 venit
1324 1050 1516 1131 Jesus

471 1141 538 1204 in
585 1140 1018 1204 hierusalem:
1065 1139 1234 1202 sicut
1277 1137 1516 1219 johan-

319 1249 438 1292 nes
497 1238 820 1292 testatur:
891 1247 1230 1309 nunquam
1291 1229 1516 1290 tamen

317 1317 441 1381 sibi
495 1317 798 1381 adhibuit
849 1315 1209 1378 ministeria
1254 1315 1518 1398 jumen-

318 1416 538 1469 torum
569 1427 584 1469 :
633 1425 752 1469 nec
800 1424 1132 1467 ramorum
1163 1403 1514 1467 virentium

318 1496 490 1559 circa
550 1515 622 1557 se
679 1503 1071 1558 ornamenta
1129 1492 1516 1556 constituit:

319 1603 441 1646 nec
511 1583 598 1646 ad
652 1580 1007 1645 terribilem
1061 1581 1326 1644 laudem
1399 1601 1518 1644 sue

317 1671 682 1735 divinitatis
713 1671 970 1734 animos
1007 1668 1234 1752 populi
1266 1670 1518 1732 excita-

318 1761 442 1823 vit:
476 1761 600 1823 nisi
635 1759 836 1822 modo
856 1758 1126 1841 quando
1156 1767 1230 1821 ut
1261 1766 1516 1840 patere-

326 1857 436 1912 tur
488 1848 802 1912 ascendit.
908 1847 1022 1910 Re.
1080 1846 1256 1910 Ecce
1329 1847 1516 1928 virgo

319 1938 648 2018 concipiet
709 1936 768 2000 &
816 1936 1025 2018 pariet
1085 1934 1295 1997 filium
1356 1935 1518 1999 dicit

320 2026 648 2098 dominus·
743 2025 837 2088 Et
884 2022 1227 2088 vocabitur
1272 2043 1514 2086 nomen

273 2155 280 2160 ι
319 2105 464 2194 ejus
510 2112 916 2176 admirabilis
965 2112 1128 2175 deus
1176 2111 1378 2175 sortis».
1469 2128 1517 2197 γ

324 2202 540 2285 Super
597 2200 836 2264 solium
911 2201 1107 2264 david
1188 2199 1247 2263 8(
1322 2221 1518 2283 super

323 2310 599 2373 regnum
630 2289 774 2370 ejus
804 2289 1062 2353 sedebit
1098 2289 1164 2351 in
1196 2299 1514 2354 eternum.

323 2379 416 2442 Et
446 2378 807 2443 vocabitur.
1133 2377 1346 2440 Lectio
1375 2376 1514 2458 viij.

319 2468 543 2601 Ideo
575 2487 731 2548 ergo
762 2486 913 2530 cum
943 2474 1136 2529 tanta
1156 2464 1368 2548 gloria
1387 2465 1512 2530 est¹

421 2558 788 2638 ingressus:
833 2565 904 2619 ut
939 2555 1222 2637 amplius
1254 2554 1515 2618 illorum

320 2646 632 2710 adversus
676 2666 746 2709 se
793 2645 1115 2707 excitaret
1159 2644 1516 2708 invidiam:

317 2736 479 2817 quia
517 2734 658 2815 jam
703 2742 968 2815 tempus
1014 2732 1338 2814 passionis
1375 2731 1516 2812 ejus

321 2822 650 2887 instabat:
699 2821 758 2884 &
791 2841 924 2884 non
957 2840 1134 2883 mors
1154 2840 1305 2883 eum
1327 2840 1518 2901 urge-

319 2912 475 2975 bat:
521 2912 637 2974 sed
692 2911 833 2992 ipse
895 2910 1109 2990 magis
1166 2908 1514 2972 adversum

319 3021 392 3064 se
411 2997 854 3080 compellebat
873 3007 1176 3060 mortem.
1226 2995 1516 3078 Quando

316 3109 473 3153 vero
513 3088 695 3169 judei
761 3086 1096 3151 Christum
1165 3084 1514 3148 voluerunt

313 3177 656 3241 occidere:
743 3184 1018 3255 tangere
1122 3193 1274 3236 eum
1379 3194 1511 3237 non

313 3272 688 3348 potuerunt.
862 3261 1150 3344 Quando
1285 3271 1510 3325 autem

317 3354 620 3418 Christus
693 3360 956 3415 secutus
1021 3359 1123 3413 est
1185 3359 1509 3415 mortem:

316 3461 583 3525 parcere
629 3440 688 3503 ei
726 3440 912 3522 judei
953 3459 1085 3501 non
1133 3447 1508 3521 potuerunt.

317 3532 430 3595 Re.
523 3529 819 3593 Obsecro
915 3527 1226 3591 domine:
1317 3528 1510 3591 mitte

318 3638 518 3702 quem
573 3618 888 3681 missurus
937 3636 1048 3679 es:
1100 3615 1250 3679 vide
1310 3615 1511 3678 affiic-

317 3710 568 3772 tionem
593 3704 820 3787 populi
853 3706 968 3768 tui.
1044 3704 1232 3769 Sicut
1257 3702 1512 3767 locutus

319 3818 390 3860 es
421 3795 571 3859 veni
602 3804 668 3858 et
701 3793 907 3857 libera
937 3813 1076 3857 nos,
1165 3809 1213 3878 γ
1259 3792 1328 3855 Α
1357 3792 1512 3855 solis

318 3894 468 3948 ortu
519 3883 578 3946 &
624 3902 900 3947 occasu:
945 3882 1033 3944 ab
1079 3880 1386 3963 aquilone
1445 3890 1514 3944 et

322 3972 504 4036 mari.
595 3971 783 4037 Sicut
823 3970 1098 4034 locutus,
1186 3970 1398 4031 Lectio
1427 3969 1512 4033 ix.

319 4060 634 4195 Duos²
664 4068 888 4122 autem
913 4056 1271 4140 discipulos
1301 4057 1515 4121 domi-

477 4168 599 4211 nus
631 4148 848 4212 misit:
895 4147 1051 4229 quia
1088 4165 1205 4229 per
1239 4145 1374 4208 duo
1402 4166 1516 4227 ge-

321 4236 572 4301 neralia
644 4237 964 4300 mandata
1037 4255 1234 4297 omne
1307 4254 1516 4315 genus

321 4328 686 4391 humanum
763 4346 804 4388 a
877 4334 1152 4407 peccato
1214 4322 1515 4387 absolvit.

403 4530 416 4558 ¹
457 4527 596 4577 ‘est’
619 4542 719 4575 om.
750 4544 764 4576 :
800 4524 1025 4575 E.G.W.

1223 4524 1246 4552 ²
1281 4522 1418 4583 Quos
1441 4539 1454 4572 :
1487 4522 1570 4572 W.

2174 413 2256 468 14

1613 515 1901 599 Qualia?
1966 517 2223 601 Diliges
2242 515 2587 584 dominum
2607 521 2806 585 deum

1610 613 1805 668 tuum
1880 627 1971 670 ex
2036 616 2181 672 toto
2241 609 2439 672 corde
2511 619 2669 675 tuo:
2747 610 2808 673 &

1611 695 1995 776 proximum
2037 704 2229 760 tuum
2274 697 2443 761 sicut
2474 699 2807 782 teipsum.

1615 782 1973 847 Invenietis
1994 783 2210 866 inquit
2225 785 2535 851 dominus
2555 788 2807 851 asinam

1613 870 1995 952 alligatam:
2059 872 2120 935 &
2180 872 2436 955 pullum
2497 895 2649 939 cum
2710 897 2807 940 ea.

1611 957 1831 1023 Asina
1878 959 1937 1023 8(
2000 960 2258 1043 pullus:
2314 961 2499 1044 judei
2546 973 2700 1027 sunt
2748 964 2807 1028 8(

1613 1057 1867 1129 genteS.
1954 1048 2172 1129 Judea
2219 1049 2395 1114 enim
2444 1051 2809 1116 secundum

1613 1135 1853 1200 deum:
1902 1147 2115 1201 mater
2144 1148 2245 1202 est
2274 1141 2593 1222 gentium.
2663 1140 2812 1205 Sol·

1613 1224 1749 1288 vite
1838 1225 2071 1308 inquit.
2186 1225 2597 1308 Quomodo?
2689 1229 2813 1293 Per

1614 1313 1985 1377 doctrinam
2032 1325 2319 1379 vestram
2377 1316 2436 1380 &
2498 1318 2813 1382 miracula

1613 1411 1873 1466 vestra:
1960 1403 2116 1484 quia
2189 1424 2422 1469 omnes
2488 1407 2671 1489 judei
2750 1406 2810 1470 8(

1613 1500 1849 1572 gentes
1897 1511 2018 1573 per
2062 1494 2399 1574 apostolos
2446 1504 2602 1559 sunt
2649 1495 2813 1559 libe-

1615 1578 1758 1642 rati.
1847 1579 2187 1644 Adducite
2236 1582 2396 1646 mihi
2448 1582 2531 1647 ad
2588 1585 2812 1648 minis-

1613 1667 1893 1731 terium:
1941 1668 2010 1731 id
2040 1679 2143 1733 est
2174 1671 2257 1734 ad
2288 1669 2567 1753 gloriam
2612 1673 2809 1736 corri-

1612 1755 1753 1836 gite
1827 1755 1991 1820 illos.
2094 1757 2207 1822 Re.
2285 1759 2608 1823 Letentur
2688 1761 2809 1824 celi

1594 1842 1676 1906 “8(
1710 1843 1969 1908 exultet
1997 1853 2207 1910 terra:
2244 1846 2525 1928 jubilate
2548 1859 2810 1912 montes

1614 1931 1921 1997 laudem:
1988 1934 2146 2016 quia
2218 1935 2528 2000 dominus
2589 1946 2811 2001 noster

1611 2021 1849 2083 veniet.
1964 2020 2057 2084 Et
2114 2043 2480 2105 pauperum
2541 2046 2808 2089 suorum

1615 2109 2047 2174 miserebitur.
2137 2127 2185 2196 γ
2230 2111 2500 2176 Orietur
2555 2115 2623 2177 in
2671 2115 2809 2177 die-

1613 2196 1739 2260 bus
1786 2197 1929 2278 ejus
1972 2198 2235 2279 justitia
2282 2208 2350 2263 et
2403 2201 2810 2267 abundantia

1613 2285 1813 2367 pacis,
1906 2285 1998 2349 Et
2058 2307 2439 2370 pauperum.
2530 2290 2809 2372 Respon-

1611 2373 1861 2436 sorium
1921 2375 2355 2457 reincz'piatur.
2443 2377 2547 2440 Et
2587 2379 2682 2442 sic
2737 2380 2807 2442 in

1613 2461 1908 2526 omnibus
1934 2463 2139 2544 festis
2183 2465 2258 2527 ix
2308 2465 2640 2530 lectionum
2688 2468 2811 2531 du-

1597 2550 1880 2633 plicibus
1925 2555 1995 2616 ἃ
2038 2553 2434 2635 simplicibus
2464 2580 2488 2619 .·
2550 2566 2685 2620 tam
2734 2558 2815 2620 de

1616 2640 1952 2721 temporali
1978 2662 2173 2723 quam
2217 2644 2298 2706 de
2322 2644 2525 2723 sestis·
2565 2656 2811 2709 sancto-

1615 2750 1765 2791 rum
1784 2751 1808 2791 .·
1836 2730 2091 2810 quando
2116 2752 2241 2793 non
2263 2732 2510 2796 dicitur
2507 2735 2811 2814 psalmus

1615 2816 1717 2879 Te
1754 2817 1971 2883 deum.
2068 2818 2417 2883 Sciendum
2460 2832 2557 2885 est
2595 2833 2810 2886 autem

1612 2904 1788 2985 quod
1848 2926 2179 2988 nunquam
2241 2909 2311 2971 in
2369 2910 2649 2974 adventu
2712 2911 2821 2974 vel

1615 2992 1686 3055 in
1752 2996 2219 3075 septuagesima
2292 2996 2435 3060 sive
2508 2999 2579 3062 in
2652 3020 2810 3082 qua-

1611 3082 1986 3163 dragesima
2072 3083 2250 3147 debet
2340 3086 2478 3150 dici
2534 3097 2631 3169 pf.
2709 3089 2810 3151 Te

1611 3170 1829 3235 deum.
1874 3170 1974 3233 ad
1996 3172 2371 3237 matutinas.
2464 3175 2809 3257 Responso-

1612 3258 1791 3321 rium
1858 3258 2147 3338 feriale.⁸
2253 3260 2371 3327 Re.
2436 3264 2811 3349 Erumpant

1611 3355 1871 3410 montes
1925 3345 2453 3431 jocunditatem:
2513 3362 2581 3417 et
2614 3354 2813 3417 colles

1603 3434 1948 3518 justitiam.
2039 3436 2217 3519 Quia
2248 3437 2363 3501 lux
2419 3442 2645 3505 mundi
2692 3442 2811 3505 do-

1611 3524 1829 3587 minus
1887 3544 2038 3587 cum
2108 3528 2411 3607 potentia
2468 3531 2667 3593 venit.
2764 3548 2811 3617 7

1614 3611 1797 3675 Leva
1840 3612 2235 3677 hierusalem
2282 3615 2547 3679 oculos:
2603 3626 2671 3680 et
2714 3620 2808 3682 vi-

1611 3701 1700 3763 de
1763 3701 2129 3783 potentiam
2196 3703 2387 3785 regis·
2478 3704 2669 3787 Quia.
2762 3725 2810 3794 γ

1615 3790 1872 3852 Emitte
1902 3809 2145 3870 agnum
2194 3791 2463 3856 domine
2508 3794 2810 3859 domina-

1613 3886 1826 3941 torem
1894 3886 2081 3941 terre.
2176 3879 2283 3943 De
2335 3890 2522 3961 petra
2568 3884 2808 3949 deserti

1615 3965 1701 4029 ad
1752 3974 2048 4029 montem
2110 3965 2243 4031 filie
2288 3988 2474 4050 syon.
2564 3972 2668 4035 Et
2706 3974 2810 4036 di-

1613 4053 1845 4117 cendus
1916 4064 2009 4117 est
2080 4055 2200 4118 iste
2256 4058 2607 4123 versiculus
2664 4073 2816 4125 ante

1612 4142 1837 4205 laudes
1864 4142 2147 4223 quotidie
2172 4165 2373 4227 usque
2388 4148 2487 4209 ad
2509 4149 2813 4230 vigiliam

1617 4230 1862 4293 natalis
1894 4231 2187 4295 domini:
2233 4255 2375 4297 cum
2420 4236 2499 4299 de
2530 4237 2811 4301 adventu

1616 4319 1857 4402 agitur.
1950 4320 2034 4383 In
2066 4319 2371 4386 laudibus
2396 4324 2762 4406 antiphona.

1774 4522 1794 4549 ⁸
1832 4518 1951 4567 ‘Ad
1969 4527 2088 4568 mat.
2118 4520 2399 4587 Resp.fir.'
2422 4540 2516 4572 om.
2548 4540 2566 4575 .·
2602 4524 2667 4575 E.
2681 4525 2738 4575 G.
