3375 5100
1093 309 1715 365 EXPOSITIONES
1758 308 2435 366 EVANGELIORUM

1057 421 1196 475 619

528 527 643 611 qui
715 526 931 591 aliena
1003 526 1227 608 diripit
1263 549 1278 591 ;
1358 527 1413 590 si
1489 525 1723 589 inferni

529 616 958 680 damnatione
988 616 1384 697 percutitur:
1432 616 1542 696 qui
1576 634 1727 696 pro-

530 705 675 786 pria
708 724 839 767 non
872 703 1160 785 largitur.
1344 703 1556 766 Lectio
1585 703 1726 785 viij.

533 794 712 923 Et
741 801 895 855 sunt
925 791 1268 856 nonnulli:
1315 792 1428 874 qui
1475 791 1727 854 cultum

684 882 1121 963 preciosarum
1144 879 1428 944 vestium
1451 899 1582 943 non
1608 899 1728 962 pu-

531 978 682 1032 tant
711 989 854 1033 esse
885 978 1244 1050 peccatum.
1323 967 1521 1051 Quod
1554 968 1732 1032 vide-

537 1057 688 1120 licet
720 1058 775 1121 si
820 1057 1015 1138 culpa
1059 1077 1192 1119 non
1229 1065 1436 1120 esset:
1483 1077 1731 1138 nequa-

536 1166 738 1228 quam
788 1165 1006 1208 sermo
1051 1145 1304 1207 domini
1369 1153 1512 1208 tam
1565 1145 1733 1227 vigi-

540 1231 752 1296 lanter
774 1235 1172 1315 exprimeret
1191 1231 1370 1314 quod
1402 1233 1586 1296 dives
1617 1232 1730 1316 qui

537 1330 882 1404 torquetur
910 1323 1088 1402 apud
1135 1319 1376 1384 inferos
1421 1322 1620 1402 bysso
1662 1330 1729 1385 et

537 1430 830 1492 purpura
878 1410 1144 1472 indutus
1175 1407 1418 1472 suisset.
1510 1409 1731 1473 Nemo

539 1498 786 1580 quippe
810 1498 1202 1561 vestimenta
1223 1497 1534 1580 precipua
1560 1497 1578 1535 ¹
1605 1499 1730 1562 nisi

542 1585 626 1650 ad
661 1587 924 1649 inanem
947 1585 1228 1668 gloriam
1257 1587 1490 1669 querit.

539 1677 834 1806 Nam
881 1695 1031 1737 ecce
1079 1674 1312 1757 plenus
1358 1673 1600 1757 [Lectio
1637 1674 1731 1738 ix.

707 1763 1028 1826 ulceribus
1071 1762 1412 1826 mendicus
1441 1761 1731 1827 lazarus:

542 1860 696 1914 ante
741 1850 980 1932 januas
1036 1851 1258 1915 divitis
1301 1851 1497 1933 jacet.
1589 1851 1733 1915 Ha-

539 1939 788 2003 buisset
848 1939 1124 2004 fortasse
1195 1941 1372 2004 enim
1437 1939 1729 2022 aliquam

541 2029 1036 2092 excusationem
1086 2027 1268 2092 dives
1303 2050 1320 2094 :
1383 2029 1436 2091 si
1479 2028 1731 2092 lazarus

541 2137 793 2199 pauper
848 2125 917 2180 et
982 2117 1313 2180 ulcerosus
1374 2126 1532 2181 ante
1588 2116 1733 2199 ejus

535 2205 808 2287 januam
841 2225 972 2268 non
997 2205 1348 2286 jacuisset:
1390 2213 1458 2268 et
1493 2205 1550 2268 si
1590 2205 1733 2288 ejus

544 2293 766 2376 inopia
810 2294 876 2356 in
925 2294 1060 2357 suis
1105 2294 1312 2357 oculis
1356 2293 1734 2376 importuna

543 2401 676 2444 non
710 2392 898 2446 esset.
946 2381 1030 2444 In
1060 2402 1312 2465 evange.
1337 2391 1442 2445 αῆ.
1504 2381 1733 2445 Homo

544 2469 816 2553 quidam
849 2479 988 2533 erat
1018 2470 1204 2534 dives
1243 2480 1312 2532 et
1341 2470 1737 2543 induebatur

543 2580 833 2643 purpura
877 2569 947 2623 et
986 2559 1186 2641 bysso
1233 2568 1299 2623 et
1344 2558 1737 2642 epulabatur

544 2648 840 2729 quotidie
885 2647 1229 2729 splendide
1289 2656 1358 2711 et
1404 2656 1544 2711 erat
1593 2649 1736 2730 qui-

544 2737 702 2799 dam
745 2736 1084 2799 mendicus
1131 2736 1398 2799 nomine
1444 2734 1735 2801 lazarus:

547 2823 792 2887 factum
842 2824 944 2887 est'
987 2832 1210 2887 autem
1259 2832 1332 2887 ut
1378 2834 1739 2888 moreretur

547 2912 886 2975 mendicus
925 2920 994 2975 et
1021 2921 1392 2995 portaretur
1422 2912 1507 2977 ab
1538 2933 1737 2996 ange-

547 3000 626 3063 lis
672 3002 738 3062 in
770 3000 987 3064 sinum
1033 3000 1294 3065 abrahe.
1366 3010 1470 3083 pi.
1530 3002 1739 3065 Bene-

547 3090 780 3152 dictuS.
1494 3088 1741 3153 Oratio.

545 3180 818 3309 Deus
848 3176 914 3241 in
945 3184 1018 3241 te
1042 3178 1449 3261 sperantium
1482 3178 1740 3242 fortitu·

701 3265 790 3328 do
837 3266 1070 3330 adesto
1116 3267 1436 3349 propitius
1477 3268 1739 3331 invoca-

546 3354 836 3417 tionibus
883 3356 1124 3418 nostris
1169 3365 1237 3419 et
1281 3356 1438 3439 quia
1485 3356 1626 3419 sine
1671 3364 1739 3421 te

547 3442 706 3507 nihil
767 3451 986 3525 potest
1041 3444 1334 3507 mortalis
1395 3443 1741 3509 infirmitas

545 3540 770 3614 presta
813 3530 1136 3595 auxilium
1181 3533 1392 3615 gratie
1423 3542 1537 3596 tue
1568 3542 1640 3595 ut
1672 3533 1741 3595 in

547 3620 959 3703 exequendis
1006 3622 1338 3684 mandatis
1367 3622 1498 3684 tuis
1528 3630 1595 3686 et
1625 3641 1741 3685 vo-

548 3706 803 3773 luntate
821 3710 944 3777 tibi
967 3717 1034 3773 et
1059 3710 1318 3773 actione
1343 3708 1740 3792 placeamus,

549 3798 674 3861 Per
731 3796 1094 3861 dominum.
1167 3798 1292 3861 Ad
1335 3808 1624 3880 vesperas
1670 3798 1741 3861 in

544 3888 871 3968 evangelio
913 3896 1018 3949 αῆ.
1087 3886 1283 3968 Rogo
1330 3894 1397 3950 te
1441 3896 1632 3970 pater
1667 3895 1743 3951 ut

548 3976 776 4037 mittas
809 3974 1096 4039 lazarum
1128 3975 1196 4038 in
1227 3975 1502 4038 domum
1535 3976 1742 4057 patris

548 4064 678 4125 mei
717 4062 930 4126 habeo
977 4064 1152 4127 enirn
1186 4064 1477 4145 quinque
1509 4063 1741 4127 fratres

549 4159 624 4214 ut
655 4159 932 4214 testetur
962 4151 1088 4215 illis
1121 4172 1203 4213 ne
1235 4162 1304 4216 et
1326 4153 1448 4234 ipsi
1473 4153 1743 4216 veniant

549 4240 615 4301 in
647 4238 823 4302 hunc
854 4239 1073 4303 locum
1107 4250 1605 4305 tormentorum.
1638 4249 1741 4323 pi.

549 4326 954 4409 Magnificat.

653 4470 668 4567 ἱ
702 4468 1107 4599 ῩξῗέῗεῖἆᾱῖῗϊἘ

1443 4470 1466 4499 ²
1497 4469 1807 4519 dulcedinis:
1842 4470 1921 4520 W.
1934 4471 1997 4523 N.

1449 4540 1466 4565 ⁵
1501 4536 1669 4585 laudi:
1708 4536 1787 4585 W.

2319 419 2489 474 620

1828 530 1891 603 (I
1937 523 2283 589 Dominica
2312 524 2383 608 ᾔ.
2488 523 2757 588 Secund.
2786 524 3025 588 lucam.

1825 616 1975 748 ln
2025 613 2139 676 illo
2191 623 2531 697 tempore:
2586 613 2782 676 Dixit
2823 613 3025 694 Jesus

1932 700 2270 785 discipulis
2328 703 2461 766 suis
2520 701 3021 765 similitudinem

1827 791 2021 856 hanc.
2110 791 2337 854 Homo
2385 789 2658 874 quidam
2712 789 2868 853 fecit
2915 809 3024 853 ce-

1829 899 1985 942 nam
2018 899 2330 962 magnam
2360 889 2431 943 et
2456 878 2719 943 vocavit
2757 877 3022 942 multos

1832 968 1922 1031 Et
1955 966 2217 1050 reliqua.

1834 1056 2088 1120 Omelia
2118 1055 2287 1119 beati
2299 1055 2597 1138 gregorii
2608 1064 2785 1137 pape.

2024 1164 2179 1208 omo
2222 1145 2347 1208 iste
2377 1143 2606 1208 fratres
2638 1141 2875 1227 [Lectio
2902 1144 3023 1226 vij.

2009 1232 2308 1297 Christus
2340 1243 2442 1297 est
2463 1233 2577 1316 qui
2608 1231 2764 1295 fecit
2786 1251 3022 1296 cenam

1832 1341 2142 1404 magnam
2172 1343 2189 1385 τ
2229 1321 2385 1404 quia
2415 1321 2797 1384 sacietatem
2828 1320 3025 1384 nobis

1831 1409 2217 1473 dulcidinis²
2276 1409 2530 1472 interne
2548 1409 2573 1448 ⁸
2630 1409 3023 1492 preparavit.

1832 1497 2097 1582 Quique
2136 1507 2333 1562 vocat
2377 1496 2625 1561 multos
2665 1498 2781 1561 sed
2828 1498 3023 1580 pauci

1829 1587 2189 1651 veniunt⁴:
2236 1585 2394 1668 quia
2434 1605 2864 1668 nonunquam
2897 1586 3025 1668 ipsi

1830 1675 1945 1758 qui
1990 1675 2051 1738 ei
2093 1696 2210 1759 per
2253 1674 2454 1738 fidem
2502 1674 2781 1756 subjecti
2826 1683 3025 1738 sunt:

1829 1773 2058 1827 eterno
2088 1763 2228 1844 ejus
2268 1763 2569 1828 convivio
2599 1761 2771 1826 male
2800 1762 3026 1826 viven-

1830 1853 1919 1915 do
1950 1851 2426 1916 contradicunt.
2640 1850 2852 1914 Lectio
2880 1850 3023 1932 vit-‘72

1828 1941 2084 2076 Servi
2140 1941 2313 2004 enim
2362 1939 2515 2004 isti:
2580 1940 3027 2021 predicatores

1958 2030 2239 2112 signant.
2352 2028 2541 2092 Hora
2599 2047 2799 2092 cene:
2844 2025 3027 2091 -finis

1832 2118 2079 2182 mundi.
2171 2117 2245 2183 Si
2293 2137 2450 2198 ergo
2478 2116 2659 2180 -hora
2688 2117 2831 2198 jam
2864 2135 3027 2180 cene

1832 2214 1934 2270 est
1979 2225 2130 2270 cum
2174 2225 2524 2269 vocamur:
2570 2213 2761 2268 tanto
2808 2205 3027 2268 minus

1833 2294 2152 2358 debemus
2211 2313 2334 2357 nos
2394 2312 2711 2358 excusare
2770 2313 2813 2357 a
2870 2313 3029 2356 con-

1832 2383 2006 2446 vivio
2029 2381 2168 2446 dei:
2188 2390 2440 2465 quanto
2460 2381 3026 2465 appropinquasse

1829 2469 1969 2554 jam
2002 2471 2327 2534 cernimus
2358 2469 2557 2534 finem
2590 2469 2807 2534 seculi.

1834 2561 2089 2691 Nos
2120 2580 2276 2643 ergo
2301 2559 2531 2624 fratres
2559 2559 2644 2623 ad
2673 2558 2908 2643 [Lectio
2938 2558 3027 2623 ix.

1997 2668 2229 2712 cenam
2254 2648 2460 2712 eterni
2491 2648 2771 2712 convivii
2804 2647 3029 2713 Chris-

1836 2747 1943 2801 tus
1987 2736 2263 2801 invitat:
2312 2735 2429 2800 sed
2466 2737 2627 2800 durn
2659 2735 2825 2799 alius
2870 2756 3027 2799 ava-

1836 2826 1990 2889 ricie
2038 2824 2203 2889 alius
2256 2825 2657 2889 curiositati:
2702 2823 2869 2888 alius
2910 2845 3030 2887 vo-

1837 2914 2077 2997 luptati
2095 2914 2308 2978 carnis
2320 2922 2422 2977 est
2431 2914 2696 2979 deditus
2716 2912 3027 2977 nimirum

1838 3001 2096 3085 reprobi
2148 3022 2380 3065 omnes
2426 3011 2767 3066 excusant.
2860 3001 3029 3064 Pau-

1838 3111 2027 3174 peres
2100 3110 2257 3173 ergo
2310 3100 2379 3155 et
2436 3089 2690 3155 debiles
2748 3088 2883 3153 ceci
2958 3098 3030 3155 et

1839 3178 2095 3244 claudi³
2116 3188 2435 3244 vocantur
2470 3187 2537 3243 et
2566 3179 2841 3243 veniunt
2870 3177 3032 3261 quia

1840 3266 2078 3331 infirmi
2155 3268 2400 3350 quique
2484 3276 2683 3349 atque
2759 3267 2827 3329 in
2902 3265 3033 3335 hoc

1839 3356 2089 3420 mundo
2121 3356 2449 3439 despecti:
2480 3355 2865 3439 plerumque
2882 3364 3034 3419 tan-

1840 3453 1913 3508 to
1953 3442 2226 3510 celerius
2270 3465 2502 3509 vocem
2554 3444 2661 3508 dei
2708 3442 3031 3507 audiunt:

1840 3542 2093 3617 quanto
2122 3542 2189 3597 et
2213 3534 2281 3597 in
2312 3532 2438 3596 hoc
2468 3534 2719 3596 mundo
2750 3551 2882 3595 non
2916 3531 3033 3595 ha-

1841 3620 2001 3685 bent
2029 3619 2145 3684 ubi
2175 3621 2599 3686 delectentur.
2663 3620 2747 3683 In
2777 3639 3034 3702 evange.

1840 3718 1946 3775 αῆ.
2026 3710 2255 3774 Homo
2300 3710 2573 3794 quidam
2612 3709 2766 3774 fecit
2798 3727 3035 3773 cenam

1842 3817 2157 3880 magnam
2218 3807 2287 3864 et
2336 3799 2599 3864 vocavit
2658 3795 2905 3861 multos
2964 3805 3035 3860 et

1842 3888 2021 3951 misit
2078 3906 2338 3951 servum
2398 3907 2591 3951 suum
2650 3885 2814 3950 hora
2872 3905 3037 3949 cene

1839 3976 2057 4039 dicere
2088 3975 2379 4040 invitatis
2412 3984 2487 4040 ut
2514 3975 2813 4040 venirent
2842 3972 3037 4056 quia⁶

1842 4072 2075 4146 parata
2106 4074 2261 4129 sunt
2290 4062 2571 4129 alleluia.
2645 4070 2749 4145 pf.
2825 4062 3040 4125 Bene-

1844 4153 2079 4217 dictus·
2784 4150 3043 4217 Oratio.

1973 4241 2147 4306 ancti
2192 4241 2477 4306 nominis
2522 4240 2619 4305 tui
2660 4238 2927 4303 domine
2957 4238 3045 4301 ti-

1979 4350 2229 4393 morem
2300 4331 2542 4413 pariter
2611 4338 2680 4393 et
2740 4346 3045 4391 amorem

2202 4472 2223 4501 ⁸
2257 4486 2349 4535 pro
2378 4476 2391 4498 ‘
2410 4470 2520 4521 int)
2543 4480 2710 4520 eterne
2737 4486 2749 4519 :
2784 4469 2851 4518 N.

2206 4540 2225 4567 ⁸
2264 4536 2489 4587 ‘omnia'
2516 4537 2649 4586 add:
2686 4536 2843 4587 W.N.
