3375 5100
992 365 1417 424 DOMINICA
1471 365 1742 428 PRIMA
1793 365 2184 421 AUGUSTI.

900 477 1039 530 877

342 583 455 648 Re.
513 581 767 646 Emitte
819 581 1090 646 domine
1139 581 1532 665 sapientiam

341 673 428 736 de
458 672 615 735 sede
646 671 1119 753 magnitudinis
1149 680 1263 734 tue
1293 679 1366 733 ut
1398 689 1535 733 me-

345 781 497 824 cum
530 761 615 824 sit
666 769 734 824 et
767 779 1023 823 mecum
1070 759 1341 822 laboret.
1436 758 1536 823 Ut

345 851 549 913 sciam
583 848 743 931 quid
792 857 1139 930 acceptum
1188 847 1275 910 sit
1313 867 1534 910 coram

350 947 431 1001 te.
522 937 726 1002 Omni
764 945 1077 1018 tempore.
1127 952 1174 1022 γ
1222 937 1331 998 Da
1376 933 1536 998 mihi

346 1025 615 1091 domine
656 1025 913 1089 sedium
964 1033 1227 1089 tuarum
1258 1023 1539 1086 assistri-

348 1134 493 1177 cem
579 1113 991 1198 sapientiam.
1088 1113 1203 1178 Ut.
1294 1111 1540 1176 Gloria.

348 1203 572 1268 Omni.

344 1291 429 1354 In
476 1290 543 1373 ij.
574 1300 877 1354 nocturno
934 1297 1039 1353 αῆ.
1090 1288 1363 1352 Nature.
1438 1296 1539 1370 psi

348 1380 697 1444 Conserva.
742 1388 848 1442 etc.
899 1395 943 1464 γ
991 1377 1219 1442 Media
1240 1387 1451 1440 nocte.

356 1467 913 1600 Convertimini
945 1467 1033 1530 ad
1128 1464 1372 1548 [Lectio
1416 1464 1543 1546 iiij.

487 1556 959 1618 correctionem
982 1574 1218 1618 meam.
1266 1553 1371 1616 En
1395 1573 1545 1636 pro·

348 1643 553 1706 feram
586 1643 775 1707 vobis
824 1643 1125 1725 spiritum
1158 1661 1383 1705 meum
1414 1663 1427 1706 :
1476 1649 1544 1705 et

347 1733 696 1796 ostendam
750 1731 954 1794 verba
994 1751 1180 1795 mea:
1225 1730 1381 1813 quia
1430 1749 1544 1792 vo-

346 1821 493 1883 cavi
556 1829 625 1884 et
685 1819 1029 1884 renuistis:
1076 1819 1351 1882 extendi
1402 1837 1545 1880 ma-

348 1929 506 1972 num
542 1929 803 1972 meam:
850 1916 918 1972 et
948 1927 1081 1972 non
1129 1906 1251 1972 fuit
1297 1907 1411 1990 qui
1442 1927 1545 1969 as-

350 1997 613 2078 piceret.
706 1997 1128 2080 Despexistis
1158 2016 1355 2059 omne
1387 2014 1543 2058 con·

349 2085 567 2148 silium
625 2105 889 2148 meum:
936 2093 1005 2148 et
1065 2082 1543 2166 increpationes

352 2193 533 2236 meas
564 2171 967 2254 neglexistis,
1059 2173 1173 2236 Re.
1256 2173 1363 2234 Da
1384 2171 1542 2234 mihi

350 2261 619 2324 domine
666 2261 919 2324 sedium
969 2270 1230 2324 tuarum
1265 2259 1543 2324 assistri-

349 2368 496 2412 cem
530 2349 953 2432 sapientiam:
1002 2359 1071 2412 et
1124 2348 1259 2413 noli
1306 2369 1414 2411 me
1446 2368 1545 2411 re-

350 2438 627 2520 probare
659 2459 699 2501 a
729 2439 947 2520 pueris
970 2439 1115 2502 tuis,
1208 2436 1543 2519 Quoniam

349 2547 571 2591 servus
603 2536 754 2592 tuus
784 2547 928 2592 sum
963 2547 1089 2609 ego
1120 2535 1188 2590 et
1227 2525 1397 2589 filius
1429 2545 1546 2589 an-

348 2616 497 2680 cille
526 2626 655 2681 tue.
749 2633 796 2703 y
887 2616 1176 2679 Domine
1226 2624 1416 2697 pater
1478 2624 1546 2679 et

350 2705 515 2769 deus
544 2706 679 2770 vite
713 2725 857 2767 mee
890 2725 973 2767 ne
999 2700 1417 2787 derelinquas
1438 2723 1547 2766 me

348 2794 413 2856 in
468 2794 761 2875 cogitatu
808 2791 1118 2875 maligno·
1210 2791 1545 2875 Quoniam

350 2902 591 2946 servus
1236 2880 1455 2943 Lectio
1486 2900 1545 2944 v.

350 2972 586 3101 Ego
616 2989 883 3052 quoque
915 2968 981 3032 in
1014 2967 1281 3031 interitu
1328 2977 1547 3031 vestro

499 3059 767 3123 ridebo:
814 3067 881 3120 et
926 3056 1351 3121 subsannabo
1394 3075 1546 3119 cum

348 3147 535 3210 vobis
566 3146 746 3230 quod
794 3145 1131 3210 timebatis
1177 3145 1549 3209 advenerit:

352 3256 501 3299 cum
528 3235 781 3299 irruerit
806 3234 1148 3317 repentina
1166 3233 1547 3297 calamitas:

351 3334 418 3387 et
464 3325 765 3387 interitus
809 3322 996 3406 quasi
1044 3331 1405 3404 tempestas
1452 3322 1547 3383 in-

350 3414 633 3494 gruerit:
712 3412 981 3494 quando
1040 3412 1294 3474 venerit
1353 3430 1551 3492 super

350 3521 471 3563 nos
501 3499 839 3563 tribulatio
869 3508 938 3563 et
968 3498 1289 3581 angustia.
1359 3498 1549 3561 Tunc

353 3589 756 3652 invocabunt
782 3607 887 3651 me
913 3597 980 3651 et
1004 3607 1137 3651 non
1159 3587 1546 3651 exaudiam:

354 3698 551 3741 mane
582 3685 979 3759 consurgent
1016 3685 1085 3740 et
1132 3696 1263 3739 non
1298 3674 1543 3739 inveni-

352 3776 467 3829 ent
492 3786 599 3829 me
627 3787 641 3829 :
690 3786 769 3828 eo
800 3765 979 3847 quod
1000 3784 1277 3828 exosam
1301 3762 1548 3827 habue-

356 3854 485 3918 rint
509 3853 923 3937 disciplinam
949 3874 964 3917 :
996 3861 1063 3916 et
1092 3853 1397 3915 timorem
1432 3852 1549 3914 do-

356 3943 517 4006 mini
568 3962 699 4005 non
748 3942 1193 4025 susceperint:
1270 3960 1389 4004 nec
1445 3960 1551 4003 ac-

354 4030 721 4113 quieverint
753 4030 1025 4093 consilio
1056 4050 1207 4092 meo
1238 4039 1305 4091 et
1336 4028 1554 4091 detra-

356 4120 577 4182 xerint
607 4118 912 4183 universe
963 4117 1357 4199 correptioni
1390 4137 1553 4180 mee.

352 4210 470 4272 Re.
524 4209 815 4272 Domine
870 4216 1059 4290 pater
1110 4216 1177 4269 et
1207 4207 1371 4268 deus
1418 4205 1553 4268 vite

356 4314 501 4359 mee
534 4316 618 4359 ne
668 4294 1085 4379 derelinquas
1120 4314 1225 4357 me
1280 4294 1345 4357 in
1376 4294 1555 4375 cogi-

353 4393 499 4449 tatu
533 4383 824 4467 maligno
848 4382 1310 4447 extollentiam
1335 4383 1559 4447 oculo-

481 4574 495 4603 ¹
530 4572 773 4639 sapientie
793 4586 803 4618 :
838 4572 918 4622 W.
932 4572 996 4622 N.

1251 4572 1273 4602 ²
1313 4570 1523 4621 ‘timor’
1557 4570 1657 4621 add
1686 4588 1698 4621 :
1735 4572 1892 4623 W.N.

2156 475 2301 530 578

1636 597 1781 644 rum
1832 601 2126 644 meorum
2190 601 2274 644 ne
2332 580 2592 644 dederis
2640 580 2837 643 mihi:

1638 678 1706 732 et
1750 669 2147 733 desiderium
2201 669 2567 751 malignum
2615 680 2837 732 averte

1638 778 1679 821 a
1712 776 1856 820 me:
1903 757 2172 821 domine
2195 758 2380 821 auser
2401 779 2442 820 a
2474 778 2581 820 me
2597 777 2840 820 concu-

1637 846 2053 928 piscentiam.
2178 847 2268 910 Et
2323 847 2550 910 animo
2607 847 2842 910 irreve-

1640 935 1808 997 renti
1841 943 1910 996 et
1962 935 2276 997 infrunito
2320 955 2402 997 ne
2458 935 2681 997 tradas
2731 955 2840 996 me

1638 1023 1924 1085 domine.
1976 1039 2020 1108 γ
2065 1022 2360 1087 Verbum
2411 1023 2708 1105 iniquum
2770 1031 2838 1085 et

1640 1110 1947 1174 dolosum
1983 1111 2178 1194 longe
2211 1113 2312 1174 sac
2359 1132 2398 1173 a
2433 1132 2538 1175 me
2570 1111 2840 1174 domine

1642 1200 1906 1262 divitias
1927 1209 1994 1262 et
2013 1209 2438 1283 paupertates
2471 1219 2553 1262 ne
2580 1199 2842 1263 dederis

1643 1287 1820 1350 mihi.
1917 1289 2023 1352 Et.
2509 1288 2725 1351 Lectio
2755 1287 2842 1369 vj.

1655 1377 2094 1510 Comedent
2151 1396 2311 1460 ergo
2386 1375 2634 1440 fructus
2709 1377 2845 1440 vite

1781 1485 1937 1528 sue:
1983 1467 2248 1547 suisque
2277 1464 2564 1529 consiliis
2595 1474 2847 1528 satura-

1642 1552 1908 1616 buntur.
1997 1553 2281 1617 Aversio
2307 1553 2726 1636 parvulorum
2750 1554 2849 1616 in-

1644 1639 1921 1704 terficiet
1952 1661 2104 1706 eos:
2151 1651 2219 1706 et
2251 1643 2652 1725 prosperitas
2684 1641 2844 1705 stul-

1644 1737 1862 1792 torum
1903 1731 2134 1812 perdet
2181 1730 2344 1794 illos
2437 1731 2568 1814 Qui
2619 1741 2844 1794 autem

1646 1837 1757 1880 me
1787 1817 2106 1882 audierit:
2153 1819 2404 1901 absque
2451 1829 2697 1882 terrore
2748 1841 2846 1882 re-

1646 1905 1984 1986 quiescet:
2053 1915 2121 1970 et
2186 1905 2648 1972 habundantia
2701 1928 2847 1990 per-

1646 1993 1898 2057 fruetur
1939 1995 2260 2058 malorum
2293 1997 2530 2059 timore
2563 1996 2843 2060 sublato,

1644 2081 1764 2146 Re.
1811 2082 2110 2146 Verbum
2131 2084 2432 2166 iniquum
2448 2094 2515 2148 et
2535 2085 2842 2147 dolosum

1646 2169 1847 2252 longe
1877 2171 1982 2234 fac
2015 2191 2054 2234 a
2087 2193 2193 2235 me
2226 2172 2532 2236 domine:
2581 2174 2846 2236 divitias

1646 2269 1713 2322 et
1759 2269 2183 2342 paupertates
2233 2281 2315 2324 ne
2355 2261 2616 2325 dederis
2669 2260 2846 2324 mihi.

1648 2347 1786 2412 Sed
1847 2357 2109 2411 tantum
2163 2351 2361 2413 victui
2422 2371 2571 2413 meo
2633 2349 2849 2413 tribue

1648 2437 2032 2501 necessaria.
2102 2454 2149 2524 γ
2239 2439 2343 2501 Ne
2376 2439 2543 2502 sorte
2563 2440 2850 2502 saciatus

1646 2544 1952 2590 evomam
1985 2524 2143 2590 illud
2166 2536 2232 2591 et
2254 2527 2578 2609 perjurem
2606 2545 2849 2592 nomen

1646 2613 1752 2677 dei
1785 2616 1931 2679 mei.
1980 2615 2132 2680 Sed.
2182 2615 2424 2681 Gloria.
2473 2616 2625 2682 Sed.

1647 2702 1733 2765 In
1809 2703 1905 2784 iij.
1967 2715 2270 2767 nocturno
2341 2714 2447 2769 αῆ.
2527 2706 2845 2789 Sponsus,

1634 2800 1735 2872 pff.
1785 2791 1927 2856 Celi
1982 2803 2306 2857 enarrant.
2373 2803 2478 2858 etc.
2526 2810 2573 2880 γ
2640 2794 2848 2857 Exal-

1648 2888 1806 2943 tare.
1915 2900 2104 2962 quere
2159 2881 2346 2961 infra
2389 2882 2848 2963 expositionem.

1650 2967 1763 3049 νῇ.
1812 2968 2326 3049 Responsorium.
2377 2970 2648 3034 Initium
2671 2969 2847 3052 sapi-

1650 3056 1894 3119 entior¹
1931 3058 2219 3121 ²domini
2247 3056 2620 3122 intellectus
2633 3058 2847 3122 bonus

1648 3144 1958 3208 omnibus
1989 3145 2382 3209 facientibus
2412 3166 2582 3211 eum.
2673 3146 2850 3210 Lau-

1650 3232 1835 3296 datio
1895 3233 2039 3314 ejus
2101 3244 2325 3298 manet
2402 3236 2467 3298 in
2549 3235 2846 3299 seculum

1650 3322 1868 3384 seculi.
1917 3338 1964 3406 γ
1999 3322 2320 3405 Dispersit
2341 3322 2525 3387 dedit
2545 3323 2846 3405 pauperi-

1647 3408 1789 3472 bus,
1811 3408 2155 3475 LaudatiO.
2171 3412 2307 3494 vitj.
2330 3412 2843 3493 Responsorium.

1650 3497 1868 3580 Super
1913 3499 2196 3563 salutem
2251 3510 2319 3565 et
2377 3519 2645 3563 omnem
2702 3500 2846 3582 pul-

1648 3585 2090 3650 chritudinem
2152 3588 2354 3651 dilexi
2409 3588 2846 3670 sapientiam:

1647 3683 1716 3737 et
1740 3676 2051 3758 proposui
2076 3696 2196 3758 pro
2220 3676 2362 3739 luce
2385 3674 2630 3741 habere
2649 3676 2849 3741 illam.

1648 3764 1993 3827 Venerunt
2024 3765 2183 3828 mihi
2215 3766 2440 3829 omnia
2470 3766 2649 3830 bona
2679 3766 2850 3847 pari-

1651 3860 1755 3914 ter
1814 3872 1968 3915 cum
2000 3851 2128 3917 illa.
2178 3870 2225 3940 γ
2302 3854 2466 3917 Dixi
2522 3853 2846 3937 sapientie

1651 3960 1837 4003 soror
1883 3961 2028 4003 mea
2075 3961 2189 4005 es:
2267 3944 2369 4005 et⁸
2427 3942 2845 4024 prudentiam

1651 4028 1881 4092 vocavi
1896 4030 2178 4093 amicam
2205 4049 2440 4094 meam.
2486 4031 2846 4095 Venerunt.

1654 4115 1748 4179 ix.
1809 4116 2304 4198 Responsorium
2385 4118 2466 4181 de
2537 4120 2845 4184 trinitate.

1641 4213 1742 4287 pff.
1836 4205 1938 4269 Te
1997 4206 2216 4271 deum.
2263 4224 2310 4292 γ
2357 4207 2702 4273 ExcelsuS.
2765 4208 2850 4270 In

1655 4293 1964 4357 laudibus
2029 4304 2134 4359 αὴ.
2229 4296 2580 4378 Regnavit.
2625 4306 2730 4360 etc.
2777 4306 2852 4359 ut

1660 4382 1730 4444 in
1804 4383 2135 4466 psalterio,
2219 4383 2364 4467 Cap.
2445 4386 2847 4449 Benedictio,

2131 4574 2152 4605 ⁸
2192 4574 2303 4624 ‘et‘
2335 4590 2433 4625 om.
2467 4594 2478 4625 :
2517 4576 2582 4626 N.

2459 4682 2498 4729 P
2547 4682 2586 4730 P
