3375 5100
1114 295 1224 350 DI
1231 294 1277 351 C
1274 295 1519 350 ENDA
1526 296 1575 351 S
1620 296 1726 349 IN
1769 296 1820 366 Q
1832 294 2116 351 L'ADRA
2126 294 2472 351 GESIMA.

1072 406 1221 459 287

543 517 682 581 Pro
710 515 1033 598 daefnnctis
1070 525 1168 597 ps.
1220 515 1325 579 De
1374 514 1738 599 profundis

544 624 590 693 y
641 606 967 687 Requiem
999 614 1315 667 eternam.
1396 622 1436 691 y
1491 606 1740 687 Requi-

544 704 772 757 escant
851 694 915 757 in
993 713 1175 775 pace.
1296 710 1341 778 γ
1402 694 1734 757 Dominus

544 783 907 846 vobiscum.
1490 781 1739 846 Oratt'o.

542 870 971 1003 Fidelium
1003 870 1169 933 deus
1192 867 1493 933 omnium
1511 870 1742 933 condi-

702 967 808 1022 tor
859 968 930 1023 et
981 958 1362 1041 redemptor
1390 957 1742 1021 animabus

545 1047 943 1111 famulorum
1026 1045 1561 1128 famularumque
1634 1056 1742 1110 tu-

544 1156 775 1200 arum:
840 1134 1291 1198 remissionem
1352 1144 1741 1198 cunctorum

544 1224 758 1287 tribue
790 1232 1214 1306 peccatorum
1240 1244 1253 1287 :
1286 1231 1360 1287 ut
1391 1222 1742 1305 indulgen-

542 1314 708 1376 tiam
741 1332 944 1394 quam
990 1332 1254 1394 semper
1298 1320 1740 1394 optaverunt:

545 1401 673 1485 piis
702 1400 1298 1483 supplicationibus
1328 1419 1740 1483 consequan-

544 1499 669 1554 tur.
761 1489 894 1573 Qui
925 1488 1110 1553 vivis,

548 1583 615 1657 ds
664 1578 1044 1659 Sequuntur
1082 1586 1311 1659 septem
1344 1574 1600 1657 psalmi
1622 1586 1738 1658 pe-

546 1666 915 1731 nitentiales
970 1664 1255 1748 quotidie
1311 1664 1382 1728 in
1421 1664 1742 1748 profestis

544 1754 767 1819 diebus
826 1775 1025 1837 usque
1066 1754 1163 1817 ad
1213 1773 1433 1817 cenam
1490 1752 1746 1816 domini

543 1864 689 1907 cum
734 1841 1103 1924 antiphona.
1196 1841 1302 1906 Ne
1363 1842 1740 1905 reminisca-

545 1933 635 1996 ris
708 1931 981 1995 domine
1039 1930 1285 1997 delicta
1344 1938 1573 1993 nostra
1632 1928 1739 1993 vel

545 2029 896 2104 parentum
920 2029 1293 2084 nostrorum
1319 2038 1334 2083 :
1360 2038 1577 2100 neque
1598 2018 1740 2082 vin-

545 2110 796 2174 dictam
844 2128 1068 2171 sumas
1114 2108 1201 2171 de
1248 2108 1539 2190 peccatis
1588 2126 1740 2170 nos-

545 2199 681 2263 tris,
770 2197 939 2261 Post
984 2205 1216 2280 septem
1263 2195 1556 2277 psalmos
1595 2216 1742 2259 cum

531 2286 829 2371 predicta
871 2284 1227 2368 antiphona
1256 2282 1591 2366 predictus
1630 2304 1741 2351 sa-

544 2374 759 2439 cerdos
804 2375 875 2438 in
922 2373 1129 2437 medio
1157 2372 1337 2437 chori
1376 2382 1570 2453 super
1604 2392 1742 2435 sca-

547 2464 782 2529 bellum
842 2472 1220 2544 prostratus
1276 2460 1455 2523 dicat
1512 2461 1684 2523 letan
1691 2459 1744 2523 i-

546 2575 658 2617 am
703 2573 849 2617 cum
888 2550 1187 2634 precibus
1232 2559 1295 2613 et
1342 2547 1750 2613 orationibus

545 2640 949 2724 sequentibus
986 2662 1011 2703 .·
1083 2649 1160 2703 ut
1216 2647 1401 2721 patet
1473 2637 1543 2701 in
1600 2637 1752 2721 fine

534 2729 843 2813 psalterii
861 2751 885 2792 .·
912 2726 1098 2791 choro
1120 2726 1536 2809 respondente.
1590 2726 1746 2791 Om-

550 2839 660 2882 nes
717 2817 1035 2881 orotiones
1104 2836 1249 2878 cum
1312 2813 1754 2897 prostratione

548 2907 857 2970 dicantur
883 2926 927 2969 a
973 2903 1294 2968 sacerdote
1322 2913 1473 2986 post
1515 2912 1748 2986 septem

536 2994 829 3078 psalmos
878 3002 1123 3074 semper
1140 3014 1165 3055 .·
1209 2991 1345 3055 nisi
1374 2991 1445 3056 in
1473 2991 1581 3055 die
1609 2989 1752 3056 Ab-

546 3081 901 3149 solutionis.
1015 3081 1327 3145 Sacerdos
1400 3080 1471 3145 in
1544 3079 1754 3144 medio

553 3171 735 3237 chori
788 3180 1167 3254 prostratus
1246 3177 1323 3232 ut
1379 3167 1754 3251 predicitur

555 3258 829 3343 incipiat
841 3257 1151 3325 letaniam
1174 3256 1305 3321 sic:
1324 3256 1750 3341 Kyrieleison

556 3347 1048 3416 Christeleison.
1128 3346 1388 3413 Christe
1420 3345 1576 3410 audi
1609 3365 1749 3410 noS.

553 3448 660 3503 etc.
750 3437 848 3502 Et
901 3435 997 3501 sic
1036 3443 1477 3519 prosequatur
1545 3443 1751 3497 totam

552 3527 869 3592 letaniam
898 3525 1190 3588 sacerdos
1216 3535 1279 3588 et
1305 3523 1537 3588 chorus
1563 3521 1749 3585 simi-

554 3616 710 3680 liter
729 3616 909 3679 dicat
930 3614 1097 3678 idem
1115 3611 1291 3696 quod
1300 3611 1596 3676 sacerdos
1591 3611 1752 3693 jam

539 3703 902 3787 predixerit
929 3723 1127 3785 nsque
1148 3699 1571 3786 Kyrieleison
1601 3709 1754 3763 ante

553 3795 906 3858 orationem
960 3789 1427 3855 dominicalem.
1532 3787 1756 3853 Dictis

552 3891 781 3963 septem
841 3879 1127 3962 psalmis
1182 3887 1245 3944 et
1304 3876 1549 3942 letania
1607 3897 1754 3940 cum

555 3967 973 4033 orationibus.
1035 3965 1292 4030 Deinde
1314 3967 1611 4049 sequitur
1636 3965 1754 4029 lec-

558 4057 648 4121 tio
679 4055 1055 4136 martylogii
1064 4055 1081 4093 ¹
1113 4063 1219 4119 etc.
1271 4053 1341 4119 in
1371 4054 1649 4137 capitulo
1679 4063 1758 4117 ut

560 4146 631 4208 in
654 4144 813 4207 aliis
840 4141 1075 4206 diebus.
1170 4141 1473 4207 Preciosa
1506 4142 1571 4204 in
1597 4163 1753 4207 con-

556 4241 789 4316 spectu
866 4231 1139 4294 domini.
1248 4230 1370 4293 Ad
1436 4233 1760 4295 orationes

557 4335 707 4386 vero
728 4320 796 4385 in
815 4319 1091 4402 capitulo
1111 4317 1361 4383 Sancta
1386 4320 1593 4384 maria
1622 4317 1760 4382 etc.²

659 4486 675 4516 ⁸
710 4481 1047 4546 martymlogii
1057 4497 1074 4530 .·
1114 4480 1171 4530 G.

1523 4483 1543 4512 ²
1570 4488 1665 4544 pro
1695 4481 1928 4531 ‘etc.’et.·
1967 4481 2022 4531 G.

2351 404 2509 461 288

1844 515 2292 599 Omnipotens
2321 515 2726 597 sempiterne
2747 514 2914 579 deus
2933 524 3040 580 etc.

1843 605 2063 668 nullus
2111 604 2242 667 erit
2267 613 2644 687 prostratus
2675 604 2744 666 in
2779 606 3044 667 matrice

1839 693 2093 757 ecclesia
2125 714 2234 755 nec
2258 692 2426 756 alibi
2453 692 2591 755 nisi
2616 692 2735 775 qui
2767 693 3044 756 voluerit

1839 802 1920 845 et
1943 781 2274 846 devotione
2296 804 2320 845 .·
2363 780 2522 867 quia
2566 780 2764 863 quasi
2809 801 3038 844 memo-

1843 869 1946 933 rie
1997 880 2167 934 sunt.
2241 879 2347 933 etc.
2450 870 2690 933 Postea
2731 878 3043 952 sequatur

1841 958 2302 1023 commendatio
2371 956 2440 1021 in
2505 956 2691 1021 choro
2749 957 3042 1020 videlicet

1828 1056 1931 1129 ps.
2023 1046 2214 1111 Beati
2290 1046 2700 1110 immaculati
2735 1066 2756 1109 t
2843 1066 3043 1127 usque

1842 1135 1958 1200 Ad
1979 1133 2325 1198 dominum
2357 1154 2510 1197 cum
2543 1133 2905 1199 tribularer.
2951 1134 3038 1197 In

1823 1223 1972 1307 fine
2026 1244 2176 1287 vero
2223 1232 2480 1286 tantum
2533 1222 2810 1286 dicatur.
2905 1222 3040 1285 Re-

1841 1312 2065 1395 quiem
2143 1321 2459 1377 eternam.
2595 1309 3036 1393 Kyrieleison.

1845 1400 2334 1465 christeleison.
2409 1398 2848 1483 Kyrieleison.
2914 1398 3036 1462 Pa-

1842 1498 1945 1553 ter
2005 1497 2244 1553 noster.
2361 1487 2453 1553 Et
2522 1507 2607 1551 ne
2681 1507 2822 1551 nos,
2904 1486 3037 1551 Re-

1841 1577 2066 1659 quiem
2121 1586 2436 1642 eternam.
2532 1574 2750 1641 Credo
2793 1575 3036 1639 videre.

1843 1666 1912 1729 A
1965 1674 2174 1749 porta.
2280 1664 2612 1728 Dominus
2673 1664 3036 1729 vobiscum.

1846 1753 2096 1820 Orati0.
2141 1752 2462 1817 Absolve.
2538 1754 2662 1817 Per
2695 1752 3034 1818 Christum

1840 1843 2188 1907 dominum
2219 1850 2538 1907 nostrum.
2586 1841 3039 1924 Requiescant

1843 1930 1910 1995 in
1942 1950 2124 2015 pace.
2211 1930 2339 1995 Ad
2383 1932 2646 1995 tertiam
2704 1938 2814 1995 an.
2861 1930 3037 2011 Cog-

1841 2020 2178 2085 noscimus
2229 2019 2504 2082 domine
2551 2017 2708 2101 quia
2739 2018 3038 2101 peccavi-

1844 2128 1990 2171 mus
2021 2108 2285 2172 veniam
2333 2108 2621 2189 petimus
2667 2127 2868 2189 quam
2903 2126 3038 2171 non

1843 2216 2175 2260 meremur
2225 2215 2500 2259 manum
2545 2204 2732 2259 tuam
2779 2196 3040 2277 porrige

1842 2284 2046 2367 lapsis
2075 2285 2187 2368 qui
2222 2284 2460 2349 latroni
2485 2282 2828 2348 confitenti
2850 2304 3038 2366 para·

1843 2373 1970 2439 disi
2026 2372 2304 2456 januam
2367 2373 2698 2455 aperuisti.
2775 2382 2874 2453 ps.
2911 2371 3040 2435 Le-

1843 2482 1998 2545 gem
2060 2481 2250 2544 pone.
2355 2460 2504 2544 Cap.
2585 2460 3036 2542 Derelinquat.

1843 2550 1960 2616 Re.
1995 2550 2408 2633 Participem.
2501 2567 2550 2636 y
2598 2550 2797 2614 Dicet
2826 2550 3042 2612 domi-

1846 2659 1952 2704 no.
2043 2639 2458 2722 kyrieleison.
2579 2648 2686 2704 etc.
2811 2637 3040 2700 Preces

1847 2729 2140 2802 minores.
2209 2727 2456 2792 Oratio,
2535 2727 2867 2793 Converte
2896 2745 3038 2790 n03.

1844 2817 2116 2881 Psalmi
2119 2816 2520 2898 familiares.
2571 2815 2850 2880 Letatus
2873 2834 3042 2879 sum.

1848 2905 2077 2970 Preces
2107 2913 2183 2968 ut
2206 2915 2423 2986 supra.
2519 2904 2766 2969 Oratio.
2857 2904 3044 2967 Deus

1848 2994 1966 3077 qui
2042 2993 2396 3058 charitatis
2489 2993 2618 3057 Per
2686 2991 3044 3058 Christum.

1848 3083 1989 3146 Pro
2017 3081 2343 3162 defunctis
2377 3091 2474 3164 ps.
2529 3081 2636 3146 De
2682 3080 3042 3164 profundis,

1851 3180 1955 3236 etc.
1981 3169 2128 3236 Oro.
2163 3169 2480 3234 Absolve.
2517 3169 2640 3234 Per
2661 3169 3047 3236 Christum.⁸

1849 3259 1977 3323 Ad
1995 3268 2242 3324 sextam
2272 3269 2378 3323 an.
2415 3259 2538 3322 Per
2567 3279 2752 3322 arma
2776 3256 3046 3341 justicie

1851 3347 2112 3412 virtutis
2141 3348 2249 3411 dei
2297 3347 2841 3412 commendemus
2893 3365 3048 3409 nos·-

1853 3437 2174 3519 metipsos
2198 3435 2264 3499 in
2297 3434 2510 3499 multa
2542 3434 2888 3518 patiencia.
2942 3443 3050 3516 ps'.

1853 3523 2134 3589 Defecit.
2190 3524 2337 3607 Cap.
2371 3522 2646 3608 Querite
2677 3523 3047 3588 dominum.

1852 3613 1969 3678 Re.
2003 3613 2120 3676 Ab
2150 3613 2350 3678 omni.
2443 3630 2490 3699 γ
2539 3613 2692 3696 Ipse
2725 3611 3048 3676 liberavit.

1853 3701 2273 3785 kyrieleison.
2395 3711 2502 3766 etc.
2627 3701 2777 3766 Oro.
2870 3700 3048 3766 Con-

1849 3801 2034 3854 verte
2067 3811 2204 3855 nos.
2265 3789 2406 3853 Pro
2420 3788 2722 3872 familia.
2797 3797 2898 3872 ps'.
2931 3788 3048 3852 Ad

1853 3887 1922 3942 te
1955 3879 2184 3944 levavi.
2253 3878 2482 3941 Preces
2511 3887 2588 3942 ut
2611 3889 2831 3961 supra.
2899 3877 3051 3942 Oro,

1855 3967 2198 4032 Pretende.
2263 3967 2405 4030 Pro
2434 3966 2759 4047 defunctis
2775 3975 2876 4048 ps‘.
2945 3966 3052 4030 De

1855 4055 2218 4139 profundis
2251 4065 2354 4119 ete.
2407 4055 2654 4121 Oratio.
2705 4052 3054 4118 Fidelium.

1855 4143 1981 4208 Ad
2005 4165 2242 4208 nonam
2291 4151 2397 4208 ar‘i.
2445 4143 2884 4208 Advenerunt
2937 4163 3056 4205 no-

1857 4232 1960 4296 bis
1990 4233 2134 4296 dies
2167 4233 2530 4316 penitentie
2553 4233 2637 4296 ad
2672 4231 3060 4296 redimenda

1861 4328 2135 4402 peccata
2166 4331 2231 4384 et
2265 4320 2617 4384 salvandas
2649 4321 2922 4384 animas,
2953 4330 3056 4401 ps.

2290 4481 2311 4510 ⁸
2349 4483 2497 4532 ‘etc.'
2533 4483 2672 4534 add:
2709 4485 2932 4537 E.G.w.
