3375 5100
1422 295 1846 353 DOMINICA
1905 297 2212 354 TERTIA

1100 405 1255 462 323

566 515 745 579 dona
817 515 1125 578 concede.
1244 533 1361 596 per
1434 515 1541 577 do.

2377 407 2530 463 824

1647 514 1774 578 Ad
1863 515 2422 616 propiciationem
2527 525 2714 580 tuam
2807 515 3074 581 facilius

566 615 855 686 vesperas
884 603 957 667 in
977 603 1303 686 evangelio
1331 611 1437 666 aii.
1468 601 1603 668 Ubi
1629 603 1766 666 duo
1862 603 2311 706 impetremus,
2375 605 2501 667 Per
2519 606 2884 668 dominum,
2945 607 3009 668 A
3019 607 3078 668 d

565 693 669 757 vel
731 703 861 756 tres
920 691 1303 775 congregati
1378 691 1622 754 fuerint
1695 691 1762 754 in
1862 702 2156 774 vesperas
2243 694 2314 756 in
2387 713 2646 776 evange
2717 714 2823 757 an,
2903 695 3066 758 Non

566 783 835 845 nomine
896 801 1047 844 meo
1108 781 1173 844 in
1252 780 1475 844 medio
1533 799 1761 844 eorum
1860 779 2016 843 lotis
2085 782 2392 845 manibus
2453 783 2855 846 manducare
2921 803 3060 846 non

564 891 713 933 sum
744 869 907 934 dicit
947 871 1274 933 dominus,
1349 877 1451 950 ps'.
1496 869 1762 951 Magni·

564 958 738 1022 ficat.
1513 956 1761 1021 Oratio,

584 1048 815 1179 Tua
860 1067 983 1108 nos
1027 1045 1298 1109 domine
1350 1045 1763 1129 protectione

729 1134 1011 1198 defende
1042 1143 1109 1197 et
1151 1134 1237 1197 ab
1266 1135 1447 1196 omni
1496 1153 1762 1215 semper

562 1223 911 1306 iniquitate
939 1223 1217 1286 custodi.
1253 1222 1377 1285 Per
1394 1222 1759 1286 dominum.

565 1317 629 1390 (s
675 1312 873 1375 Feria
902 1312 1176 1394 quarta.¹
1284 1310 1499 1374 Lectio
1512 1311 1759 1392 prima.

557 1401 842 1532 Dixit
872 1420 1030 1482 ergo
1056 1399 1251 1481 judas
1272 1399 1579 1462 fratribus
1602 1401 1754 1463 suis,

714 1490 893 1573 Quid
927 1499 1150 1552 autem
1182 1487 1373 1552 nobis
1395 1487 1667 1569 prodest
1697 1489 1752 1552 si
1857 1493 1922 1564 (s
1967 1489 2164 1552 Feria
2195 1511 2254 1553 v.

554 1579 988 1641 occiderimus
1036 1577 1302 1640 fratrem
1354 1585 1651 1639 nostrum
1684 1586 1752 1640 et

554 1666 983 1730 celaverimus
1044 1665 1433 1748 sanguinem
1494 1667 1700 1747 ipsius
1726 1667 1752 1727 ?

556 1755 797 1819 Melius
817 1765 917 1820 est
938 1755 1375 1818 utvendatur²
1395 1752 1748 1834 hysmahe-

552 1843 719 1907 litis³
760 1853 829 1910 et
878 1864 1115 1908 manus
1164 1851 1387 1906 nostre
1436 1862 1569 1905 non
1602 1842 1746 1925 pol-

550 1931 851 1998 luantur:
883 1933 1083 1997 frater
1105 1933 1280 1995 enim
1313 1939 1383 1994 et
1411 1950 1565 1994 caro
1597 1951 1745 1994 nos-

546 2031 652 2086 tra
710 2032 829 2086 est.
956 2021 1447 2103 Aequieverunt
1507 2020 1743 2083 fratres

546 2111 961 2175 sermonibus
986 2112 1043 2192 ej
1052 2131 1144 2173 us
1215 2108 1430 2174 Lectio
1450 2109 1742 2172 secunda.

541 2202 739 2334 Et
764 2199 1293 2283 pretereuntibus
1342 2195 1741 2278 hysmaheli-

692 2290 776 2353 tis
809 2287 1339 2371 negociatoribus
1382 2285 1739 2348 extrahen-

541 2387 642 2440 tes
674 2398 826 2441 eum
859 2377 943 2440 de
974 2377 1258 2440 cisterna
1300 2373 1740 2437 vendiderunt

539 2465 1014 2547 hysmahelitis,
1050 2466 1196 2528 xx.⁴
1222 2460 1591 2544 argenteis·
1576 2513 1591 2526 .
1624 2464 1738 2544 qui

540 2557 877 2619 duxerunt
909 2575 1061 2618 eum
1093 2554 1161 2616 in
1194 2560 1537 2635 egyptum.
1602 2552 1737 2615 Re-

536 2665 893 2726 versusque
954 2643 1160 2705 ruben
1222 2641 1309 2704 ad
1382 2641 1734 2703 cisternam

539 2752 671 2796 non
734 2733 987 2796 invenit
1048 2749 1323 2814 puerum
1385 2737 1455 2791 et
1514 2729 1734 2792 scissis

535 2822 828 2885 vestibus
886 2838 1298 2902 pergensque
1359 2817 1444 2879 ad
1498 2816 1734 2881 fratres

536 2931 691 2973 suos
732 2911 866 2973 ait:
918 2909 1087 2972 Puer
1116 2927 1248 2970 non
1281 2916 1629 2995 comparet
1665 2916 1734 2969 et

536 3020 663 3081 ego
695 3019 829 3080 quo
860 2997 989 3060 ibo,
1390 2994 1606 3057 Lectio
1638 2994 1733 3078 iij.

557 3087 964 3221 Tulerunt
994 3094 1217 3149 autem
1250 3083 1541 3147 tunicam
1588 3084 1734 3164 ejus

700 3186 769 3239 et
822 3177 889 3238 in
942 3174 1265 3255 sanguine
1313 3170 1466 3235 hedi
1528 3191 1728 3253 quem

534 3267 913 3330 occiderant
959 3264 1341 3327 tinxerunt:
1390 3261 1732 3324 mittentes

534 3358 645 3439 qui
667 3355 909 3418 ferrent
936 3353 1019 3415 ad
1042 3361 1299 3434 patrem
1326 3358 1394 3413 et
1418 3350 1729 3412 dicerent.

535 3446 731 3509 Hanc
794 3445 907 3507 inv
907 3443 1205 3505 enimus:
1281 3438 1434 3502 vide
1508 3447 1729 3501 utrum

530 3535 753 3598 tunica
776 3532 889 3596 filii
921 3532 1019 3595 tui
1052 3530 1137 3593 sit
1168 3548 1253 3591 an
1287 3526 1459 3590 non?
1505 3525 1728 3608 Quam

531 3644 681 3687 cum
702 3622 1083 3704 agnovisset
1108 3617 1307 3700 jacob
1326 3616 1434 3680 ait.
1466 3615 1728 3679 Tunica

530 3712 645 3775 filii
680 3713 808 3775 mei
841 3719 979 3773 est:
1021 3707 1160 3771 fera
1191 3705 1478 3789 pessima
1508 3724 1727 3768 come-

530 3801 629 3864 dit
661 3821 813 3864 eum
856 3799 1067 3862 bestia
1098 3795 1440 3860 devoravit
1464 3793 1722 3876 joseph,

527 3890 613 3952 In
644 3887 966 3968 evangelio
983 3894 1089 3949 an.
1120 3884 1375 3947 Audite
1396 3891 1462 3945 et
1488 3882 1726 3945 intelli-

527 3980 664 4059 gite
684 3976 1072 4039 traditiones
1093 3992 1258 4055 quas
1277 3972 1587 4035 dominus
1610 3971 1725 4033 de-

529 4066 627 4128 dit
650 4064 855 4127 vobis,
890 4072 991 4146 ps.
1010 4062 1422 4125 Benedictus,
1474 4058 1720 4123 Oratio.

525 4156 855 4285 presta
874 4151 1063 4214 nobis
1087 4169 1443 4231 quesumus
1454 4148 1722 4210 domme

678 4250 753 4305 ut
772 4238 1217 4303 salutaribus
1193 4236 1456 4318 Jejuniis
1481 4236 1720 4300 eruditi

522 4352 563 4394 a
589 4331 806 4395 noxiis
830 4347 1097 4411 quoque
1118 4327 1294 4389 vitiis
1313 4326 1721 4389 abstinentes

658 4472 669 4500 ¹
704 4468 848 4516 tertia
862 4482 879 4515 :
914 4465 978 4513 E.
994 4466 1049 4514 G.
1070 4464 1142 4513 ὗν.

656 4552 672 4579 ⁴
708 4546 937 4610 triginta:
978 4543 1107 4593 E.G.

1328 4464 1348 4495 ²
1381 4461 1688 4510 venundetur
1717 4479 1727 4510 :
1763 4462 1827 4510 G.

1336 4544 1355 4571 ⁸
1390 4540 1617 4588 linirent:
1656 4540 1788 4589 E.G.

1857 869 2242 953 coinquinat
2273 871 2636 935 hominem.
2718 879 2813 953 ps.
2863 871 3061 953 Mag-

1859 957 2100 1021 nificat.
2811 959 3064 1024 Oratio.

1869 1047 2027 1180 Co
1985 1047 2236 1110 oncede
2249 1067 2608 1129 quesumus
2627 1049 3058 1130 omnipotens

1987 1134 2152 1199 deus
2181 1145 2256 1198 ut
2301 1137 2414 1220 qui
2465 1137 2894 1219 protectionis
2941 1145 3062 1200 tue

1854 1225 2140 1305 gratiam
2216 1227 2590 1307 querimus,
2681 1225 2941 1288 liberati
3015 1247 3062 1288 a

1857 1313 2048 1375 malis
2079 1314 2388 1377 omnibus
2417 1334 2646 1376 secura
2675 1313 2796 1376 tibi
2831 1323 3058 1378 mente

1853 1401 2232 1466 serviamus,
2327 1402 2450 1465 Per
2480 1401 2846 1465 dominum.

2763 1489 2980 1553 Lectio
2987 1491 3054 1572 j.

1979 1579 2295 1660 cissisque
2387 1579 2682 1642 vestibus
2779 1579 3054 1642 indutus

1979 1676 2080 1729 est
2111 1666 2322 1731 cilicio
2345 1665 2580 1748 lugens
2602 1666 2810 1730 filium
2833 1668 3048 1731 multo

1852 1763 2172 1837 ternpore.
2308 1755 2748 1837 congregatis
2821 1766 3046 1819 autem

1853 1844 2108 1906 cunctis
2163 1842 2384 1907 liberis
2415 1848 2558 1924 ejus
2604 1854 2678 1907 ut
2725 1844 3050 1908 lenirent-¹*

1848 1931 2147 1995 dolorem
2201 1933 2446 2014 patris:
2494 1932 2705 1997 noluit
2759 1935 3046 2015 recipere

1846 2020 2366 2084 consolationem
2399 2021 2516 2084 sed
2549 2023 2660 2084 ait.
2751 2022 3046 2085 Descen-

1844 2107 2000 2171 dam
2034 2111 2119 2172 ad
2164 2109 2372 2172 filium
2419 2129 2642 2173 meum
2689 2109 2922 2192 lugens
2977 2111 3045 2174 in

1841 2197 2187 2261 infernum.
2729 2199 2946 2262 Lectio
2970 2200 3042 2281 ij.

1840 2287 2128 2417 Igitur
2188 2285 2425 2349 ductus
2485 2295 2588 2350 est
2655 2285 2897 2369 joseph
2971 2289 3040 2351 in

1951 2384 2290 2456 egyptum.
2383 2375 2702 2456 Emitque
2733 2396 2884 2438 eum
2917 2397 3037 2458 pu-

1842 2461 2098 2544 tiphar⁶
2127 2463 2465 2526 eunuchus
2487 2463 2842 2545 pharaonis
2862 2465 3042 2546 prin-

1839 2572 1997 2633 ceps
2072 2554 2402 2617 exercitus
2447 2554 2546 2615 vir
2598 2556 2906 2636 egyptius
2952 2555 3042 2617 de

1841 2660 2041 2705 manu
2073 2640 2666 2723 hysmahelitarum
2711 2664 2754 2705 a
2798 2643 3040 2725 quibus

1841 2730 2196 2811 perductus
2240 2738 2398 2793 erat.
2492 2730 2778 2812 Fuitque
2824 2731 3040 2795 domi-

1839 2838 1960 2881 nus
1992 2838 2142 2881 cum
2177 2838 2256 2881 eo
2287 2827 2357 2881 et
2386 2828 2529 2882 erat
2552 2820 2650 2882 vir
2679 2821 2746 2881 in
2779 2822 3034 2884 cunctis

1836 2927 2148 2988 prospere
2177 2928 2400 2989 agens.
2683 2908 2902 2971 Lectio
2933 2909 3032 2989 iij.

1834 2996 2022 3127 H
2034 2996 2466 3078 abitabatque
2527 2996 2592 3059 in
2656 2996 2859 3060 domo
2911 2998 3032 3061 do-

2037 3085 2195 3147 mini
2251 3084 2394 3147 sui:
2441 3086 2553 3167 qui
2603 3086 2857 3167 optime
2913 3106 3036 3149 no-

1834 3182 2019 3235 verat
2051 3172 2395 3236 dominum
2427 3194 2571 3236 esse
2601 3194 2752 3236 cum
2798 3194 2916 3239 eo:
2963 3186 3034 3238 et

1833 3262 2060 3324 omnia
2091 3280 2220 3342 que
2251 3261 2523 3342 gerebat
2577 3262 2661 3325 ab
2710 3283 2790 3326 eo
2837 3263 3034 3345 dirigi

1835 3349 1901 3411 in
1954 3369 2152 3412 manu
2203 3348 2393 3413 illius,
2488 3351 2884 3433 Invenitque
2927 3352 3032 3434 jo-

1833 3438 1997 3520 seph
2028 3437 2311 3519 gratiam
2335 3460 2557 3501 coram
2583 3440 2854 3503 domino
2877 3460 3031 3505 suo:

1833 3536 1900 3589 et
1953 3526 2368 3590 ministrabat
2415 3529 2494 3590 ei.
2583 3527 2653 3590 A
2693 3548 2828 3610 quo
2882 3549 3028 3611 pre-

1833 3616 2087 3697 positus
2203 3616 2514 3679 omnibus
2611 3618 3031 3697 gubernabat

1831 3705 2151 3767 creditam
2182 3704 2307 3766 sibi
2333 3704 2608 3768 domum
2630 3714 2698 3768 et
2724 3706 3028 3771 universa

1830 3813 1960 3874 que
1992 3793 2238 3856 tradita
2269 3794 2326 3855 ei
2360 3792 2636 3857 fuerant.
2710 3794 2795 3856 In
2826 3815 3020 3858 evan-

1816 3881 1988 3963 gelio
2039 3890 2144 3944 aii.
2194 3880 2581 3963 Operamini
2613 3902 2747 3945 non
2799 3884 3021 3947 cibum

1827 3970 1939 4052 qui
1995 3970 2166 4052 perit
2214 3970 2330 4033 sed
2393 3970 2506 4051 qui
2563 3981 2907 4053 permanet
2955 3973 3024 4036 in

1827 4060 2033 4122 vitam
2066 4068 2383 4122 eternam.
2461 4067 2562 4141 pf,
2607 4060 3024 4126 Benedictus,

1835 4148 2212 4281 Concede
2260 4168 2619 4229 quesumus
2747 4148 3024 4231 [Oratio.

1963 4236 2384 4317 omnipotens
2417 4237 2618 4300 deus:
2667 4246 2739 4299 ut
2783 4237 3026 4317 jejuni-

1813 4344 2011 4387 ·orum
2077 4324 2268 4387 nobis
2332 4335 2562 4389 sancta
2622 4327 2893 4389 devotio
2953 4336 3021 4389 et

2001 4463 2021 4492 ⁸
2053 4460 2398 4524 hysmaelitis:
2435 4461 2495 4510 E.
2569 4462 2896 4512 hismaelitis:
2944 4464 3008 4513 G.

1993 4542 2013 4569 ⁸
2046 4538 2347 4605 phutiphar:
2385 4540 2444 4589 G.
