3375 5100
1458 288 1876 343 DOMINICA

1184 402 1321 457 819

612 508 905 571 fecerunt
982 527 1087 569 me
1162 514 1229 569 et
1309 506 1806 587 plasmaverunt

612 618 761 659 me:
838 597 925 658 da
1000 596 1159 657 mihi
1238 594 1649 658 intellectum
1733 603 1807 657 ut

609 686 859 747 discam
937 684 1253 747 mandata
1324 692 1455 745 tua.
1574 683 1803 763 Super.

610 772 850 836 Gloria.
916 772 1145 854 Super.
1210 772 1487 835 Bonum.
1534 786 1580 856 γ
1608 771 1804 833 Dicet

608 862 897 925 dominc.
962 860 1205 925 Oratio.
1254 859 1633 941 Quesumus
1662 879 1804 921 om-

610 951 931 1033 nipotens
1020 948 1144 1013 Ad
1177 958 1428 1011 sextam
1472 956 1575 1009 αῆ.
1667 947 1800 1029 Qui

608 1058 741 1101 non
804 1037 1053 1119 colligit
1113 1056 1371 1100 mecum
1431 1036 1800 1117 dispergit:

607 1137 676 1190 et
735 1127 847 1208 qui
904 1146 1035 1187 non
1097 1134 1197 1187 est
1250 1144 1507 1187 mecum
1568 1133 1800 1186 contra

608 1235 715 1278 me
804 1224 921 1277 est.
1026 1222 1125 1295 ps‘z
1248 1212 1524 1275 Defecit.
1649 1210 1795 1293 Cap.

607 1302 881 1384 Querite
939 1302 1301 1364 dominum.
1391 1300 1505 1362 Re.
1556 1298 1796 1363 Servus

604 1401 759 1454 tuus
818 1410 943 1471 ego
996 1410 1181 1453 sum:
1230 1389 1339 1451 Da
1388 1388 1545 1450 mihi
1608 1388 1797 1450 intel-

606 1479 848 1542 lectum
909 1480 1191 1543 domine.
1283 1494 1330 1563 γ
1385 1477 1482 1539 Ut
1542 1476 1792 1539 discam

606 1569 915 1631 mandata
946 1577 1078 1631 tua.
1144 1565 1266 1628 Da.
1329 1564 1569 1628 Gloria.
1644 1564 1794 1628 Ser-

602 1678 742 1719 vu3.
834 1673 879 1742 γ
942 1655 1095 1738 Ipse
1156 1654 1469 1716 liberavit.
1565 1652 1795 1716 Oratio

604 1755 677 1808 ut
718 1756 931 1825 supra.
1021 1743 1145 1806 Ad
1180 1762 1414 1803 nonam
1452 1748 1553 1803 αῆ.
1619 1741 1788 1804 Cum

604 1835 981 1896 immundus
1055 1832 1320 1913 spiritus
1393 1828 1630 1892 exierit
1705 1831 1792 1892 ab

599 1922 866 1985 homine
926 1920 1221 1985 ambulat
1274 1938 1390 2000 per
1450 1918 1595 1981 loca
1652 1917 1791 1979 ina-

599 2031 809 2094 quosa
868 2029 1147 2094 querens
1200 2008 1492 2089 requiem
1540 2016 1607 2068 et
1658 2025 1788 2068 non

601 2100 861 2163 invenit.
969 2108 1068 2180 pff.
1171 2094 1517 2158 Mirabilia.
1644 2094 1790 2176 Cap.

603 2189 681 2252 In
756 2188 1079 2252 omnibus,
1178 2185 1292 2248 Re.
1386 2182 1647 2264 Septies
1724 2184 1786 2245 in

598 2279 706 2340 die
781 2278 1043 2340 laudem
1104 2274 1247 2337 dixi
1327 2272 1447 2334 tibi
1519 2270 1790 2334 domine

598 2367 761 2429 deus
813 2386 1012 2427 meus.
1106 2363 1211 2427 Ne
1262 2361 1499 2444 perdas
1554 2379 1673 2421 me.
1743 2376 1790 2445 γ

603 2455 829 2518 Erravi
892 2454 1059 2516 sicut
1120 2451 1259 2514 ovis
1318 2468 1447 2529 que
1506 2448 1788 2529 perierat

600 2544 851 2626 require
912 2561 1170 2606 servum
1232 2548 1417 2602 tuum
1479 2537 1786 2600 domine:

596 2634 751 2716 quia
836 2631 1151 2693 mandata
1226 2637 1341 2690 tua
1424 2645 1553 2688 non
1638 2645 1784 2686 sum

596 2721 858 2784 oblitus,
951 2719 1071 2782 Ne.
1165 2715 1405 2779 Gloria.
1504 2713 1784 2794 SeptieS.

597 2828 644 2897 γ
728 2808 1031 2890 Scapulis
1120 2805 1269 2866 suis,
1396 2801 1624 2865 Oratio
1715 2811 1790 2863 ut

592 2909 805 2980 supra.
894 2898 955 2959 A
965 2895 1016 2956 α’
1061 2903 1351 2973 vesperas
1392 2898 1495 2952 at‘t'.
1590 2890 1788 2952 Dixit

593 2988 917 3050 dominus
966 2993 1065 3066 pff.
1115 2982 1357 3063 Ipsum.
1413 2977 1557 3060 Cap.
1612 2977 1788 3039 Hor-

594 3087 813 3140 tamur
862 3095 995 3136 v03.
1088 3070 1199 3132 Re.
1258 3069 1445 3131 Educ
1501 3066 1583 3128 de
1645 3086 1782 3128 car-

589 3185 739 3229 cere
798 3163 1088 3226 animam
1150 3177 1385 3221 meam.
1478 3154 1578 3218 Ut
1630 3173 1782 3216 con-

590 3251 893 3317 fiteatur¹
928 3247 1175 3312 nomini
1226 3256 1342 3309 tuo
1389 3243 1672 3306 domine.
1738 3259 1785 3328 γ

594 3344 793 3407 Periit
852 3341 1007 3421 suga
1068 3357 1108 3400 a
1167 3355 1311 3397 me:
1381 3342 1448 3395 et
1500 3351 1630 3394 non
1682 3340 1784 3392 est

587 3434 701 3516 qui
737 3430 1019 3513 requirat
1050 3426 1339 3488 animam
1375 3439 1607 3483 meam.
1670 3419 1782 3482 Ut.

587 3521 833 3586 Gloria.
926 3517 1131 3580 Educ,
1222 3511 1542 3592 Hymnus:
1627 3507 1778 3588 Jam

586 3621 689 3674 ter
746 3606 1097 3691 quaterniS.
1188 3618 1235 3687 γ
1288 3597 1567 3677 Angelis
1629 3597 1778 3658 suis,

587 3700 669 3763 In
716 3717 971 3778 evange.
1018 3701 1122 3756 αῆ.
1218 3686 1572 3752 Extollens
1619 3705 1780 3766 que-

583 3792 741 3852 dam
821 3785 1055 3848 mulier
1120 3797 1349 3842 vocem
1426 3777 1509 3838 de
1585 3774 1780 3835 turba

585 3879 811 3940 dixit:
910 3872 1143 3935 beatus
1215 3873 1445 3930 venter
1520 3863 1632 3942 qui
1711 3872 1778 3924 te

588 3964 874 4048 portavit
935 3971 1001 4023 et
1060 3956 1263 4021 ubera
1323 3973 1450 4034 que
1518 3951 1775 4012 suxisti.

584 4064 657 4116 at
686 4053 877 4134 Jesus
926 4050 1017 4110 ait
1050 4047 1177 4108 illi:
1226 4041 1566 4124 quinimo²
1597 4038 1774 4101 beati

585 4144 698 4223 qui
732 4138 1009 4202 audiunt
1032 4133 1302 4197 verbum
1330 4130 1433 4191 dei
1462 4136 1529 4190 et
1553 4136 1776 4189 custo-

583 4232 775 4293 diunt
808 4225 986 4288 illud.
1032 4231 1121 4296 ρέ.
1162 4215 1561 4298 Magnificat.
1618 4214 1761 4277 Ofo.

584 4321 964 4403 Quesumus
1058 4309 1479 4389 omnipotens
1582 4305 1762 4366 deuS.

1011 4481 1022 4508 ¹
1059 4491 1151 4526 con
1159 4474 1384 4523 fiteantur
1405 4490 1416 4521 :
1456 4471 1512 4518 F..

1937 288 2242 343 TERTIA

2373 399 2532 455 320

1912 509 1976 582 11*
2036 506 2132 568 Et
2204 507 2556 571 notandum
2633 508 2808 589 quod
2873 508 3103 591 hymni

1907 592 2333 675 Responsoria
2391 595 2649 659 horalia
2707 606 2772 658 et
2819 596 3098 679 Respon-

1903 683 2150 745 sorium
2213 683 2403 747 Educ
2467 685 2554 746 de
2607 704 2918 749 carcere:
2979 708 3098 769 que

1890 781 2234 852 ponuntur
2255 772 2376 833 hac
2418 772 2739 836 dominica
2791 774 3100 837 dicantur

1905 860 2216 940 quottidie
2276 870 2410 922 tam
2475 860 2698 923 diebus
2754 862 3097 925 dominicis

1903 967 2098 1029 quam
2126 948 2487 1029 ferialibus
2511 960 2635 1031 per
2663 950 2860 1013 istam
2903 954 3094 1033 quin-

1901 1034 2134 1098 denam
2163 1056 2308 1099 cum
2337 1036 2418 1098 de
2439 1037 2528 1100 xl.
2561 1038 2806 1119 agitur.

1904 1128 1968 1201 11*
2019 1124 2211 1187 Feria
2239 1125 2524 1189 sesunda.
2614 1126 2737 1189 Ad
2763 1136 2958 1189 matu.
2991 1128 3090 1189 in-

1901 1214 2056 1275 vita.
2154 1214 2412 1277 Venite.
2513 1222 2614 1295 pff.
2703 1214 3086 1295 JubilemuS.

1899 1300 2218 1380 Hymnus,
2330 1301 2600 1365 Clarum
2675 1305 2892 1367 decuS.
3003 1304 3088 1367 In

1899 1399 2200 1451 nocturno
2256 1398 2360 1452 αῆ.
2463 1390 2790 1454 Dominus
2863 1390 3088 1455 defen-

1897 1496 2020 1539 sor.
2095 1486 2194 1559 pf.
2289 1478 2615 1541 Dominus
2677 1480 3084 1552 illuminatio.

1898 1581 1945 1650 γ
1993 1566 2186 1629 Dicet
2218 1566 2504 1629 domino.
2803 1568 3014 1631 Lectio
3024 1570 3086 1651 j.

1893 1654 2194 1783 Aliud
2229 1673 2490 1737 quoque
2521 1656 2896 1737 sompnium
2920 1658 3086 1721 vidit

2061 1744 2240 1823 quod
2287 1762 2555 1805 narrans
2601 1742 2906 1807 fratribus
2952 1746 3084 1809 ait:

1891 1829 2046 1893 Vidi
2079 1850 2197 1911 per
2217 1832 2546 1895 somnium
2571 1833 2758 1912 quasi
2787 1833 2992 1897 solem
3018 1844 3086 1897 et

1893 1916 2118 1981 lunam
2167 1928 2234 1982 et
2295 1919 2520 1982 stellas
2573 1921 2876 1983 undecim
2927 1923 3086 1985 ado·

1894 2026 2035 2069 rare
2089 2028 2210 2069 me.
2303 2006 2502 2089 Quod
2545 2028 2694 2071 cum
2743 2010 2912 2091 patri
2963 2030 3084 2073 suo

1893 2103 1960 2157 et
2002 2094 2306 2159 fratribus
2355 2096 2678 2160 retulisset
2725 2098 3082 2179 increpavit

1893 2202 2042 2245 eum
2093 2194 2279 2265 pater
2330 2194 2398 2246 et
2451 2184 2661 2248 dixit:
2727 2185 2906 2267 Quid
2955 2186 3080 2249 sibi

1891 2272 2031 2333 vult
2076 2271 2200 2335 hoc
2246 2274 2574 2335 somnium
2609 2276 2786 2354 quod
2818 2274 3078 2338 vidisti:

1893 2358 2074 2421 Num
2106 2380 2233 2441 ego
2264 2370 2330 2423 et
2362 2370 2575 2423 mater
2603 2371 2718 2424 tua
2749 2372 2814 2425 et
2846 2360 3080 2425 fratres

1891 2448 1984 2509 tui
2019 2448 2439 2511 adorabimus
2470 2458 2536 2511 te
2569 2470 2762 2532 super
2791 2452 3078 2513 terram?

1894 2535 2286 2600 Invidebant
2319 2538 2515 2618 igitur
2559 2540 2615 2600 ei
2664 2537 2895 2602 fratres
2940 2542 3077 2604 sui:

1888 2636 2078 2706 pater
2120 2646 2276 2689 vero
2318 2647 2453 2689 rem
2499 2630 2739 2690 tacitus
2780 2629 3080 2692 conside—

1888 2713 2094 2777 rabat.
2766 2716 2977 2780 Lectio
3007 2718 3076 2800 zj.

1899 2803 2236 2934 Cunque
2288 2801 2518 2866 fratres
2580 2803 2749 2867 illius
2812 2805 2874 2867 in
2929 2825 3078 2888 pas-

2021 2890 2244 2952 cendis
2300 2891 2607 2972 gregibus
2671 2903 3080 2957 morarentur

1889 2977 1954 3040 in
2000 2979 2288 3042 sichem:
2336 2979 2509 3042 dixit
2553 2981 2636 3042 ad
2685 3001 2834 3044 eum
2869 2982 3077 3046 israel.

1889 3067 2148 3130 Fratres
2179 3069 2272 3130 tui
2307 3078 2584 3149 pascunt
2607 3089 2764 3131 oves
2795 3071 2856 3132 in
2885 3070 3076 3134 sichi-

1887 3156 2012 3216 mis
2040 3176 2053 3218 :
2086 3157 2234 3219 veni
2263 3157 2522 3219 mittam
2544 3166 2610 3220 te
2635 3157 2718 3220 ad
2744 3178 2871 3220 eos,
2921 3159 3076 3242 Quo

1889 3243 2373 3324 respondente:
2458 3255 2680 3326 presto
2753 3266 2900 3308 sum
2964 3249 3072 3311 ait.

1884 3332 2076 3395 Vade
2107 3341 2174 3394 et
2202 3332 2352 3396 vide
2399 3334 2452 3395 si
2496 3342 2731 3397 cuncta
2762 3355 3076 3418 prospera

1884 3421 2016 3482 sint
2045 3439 2200 3500 erga
2233 3419 2462 3483 fratres
2499 3431 2648 3484 tuos
2694 3431 2761 3484 et
2791 3443 3030 3504 pecora
3059 3448 3074 3488 :

1883 3517 1950 3571 et
1983 3509 2290 3572 renuncia
2323 3510 2480 3571 mihi
2513 3511 2671 3590 quid
2703 3520 2952 3592 agatur.

1880 3599 2248 3728 Missus
2308 3597 2392 3658 de
2451 3596 2621 3661 valle
2683 3597 2922 3680 [Lectio
2974 3600 3070 3683 iej.

2085 3685 2339 3749 ebron:
2415 3687 2596 3749 venit
2658 3687 2723 3749 in
2801 3689 3068 3752 sichem.

1883 3773 2274 3855 Invenitque
2357 3794 2506 3836 eum
2573 3776 2669 3836 vir
2741 3787 3068 3840 errantem

1880 3862 1944 3923 in
2021 3881 2220 3942 agro:
2283 3871 2350 3924 et
2410 3864 2834 3944 interrogavit
2909 3867 3066 3946 quid

1878 3959 2194 4030 quereret.
2313 3949 2411 4012 At
2489 3951 2595 4014 ille
2679 3955 3016 4035 respondit
3055 3979 3068 4018 :

1881 4039 2140 4100 Fratres
2233 4059 2415 4101 meos
2503 4060 2706 4120 quero
2743 4063 2756 4104 :
2851 4043 3070 4106 indica

1878 4127 2036 4188 mihi
2082 4127 2192 4189 ubi
2243 4136 2522 4208 pascunt
2565 4147 2814 4210 greges.
2897 4131 3068 4193 Dix-

1876 4216 2056 4296 itque
2131 4215 2188 4277 ei
2266 4217 2376 4278 vir.
2471 4217 2906 4281 Recesserunt
2981 4221 3070 4282 de

1867 4302 2011 4365 loco
2087 4305 2259 4366 isto:
2351 4305 2568 4367 audivi
2645 4314 2866 4368 autern
2951 4330 3069 4370 eos

2169 4471 2188 4500 ²
2221 4469 2496 4533 quinimmo
2518 4490 2530 4521 :
2569 4471 2626 4520 E.
2639 4471 2716 4520 W.
