3375 5100
1143 353 1562 412 DOMINICA
1619 353 1955 427 QUARTA
2008 355 2487 413 ADVENTUS.

1135 464 1230 518 67

581 569 1004 654 congregabo
1075 577 1162 634 te.
1263 569 1357 634 Et
1429 577 1504 634 tu
1579 567 1775 634 israel

585 679 768 724 serve
829 679 1018 723 meus
1069 659 1269 741 jacob
1339 679 1540 742 quem
1601 659 1773 741 elegi

585 767 811 812 semen
881 745 1198 811 abraham
1259 749 1454 812 amici
1515 748 1646 812 mei
1708 749 1775 810 in

583 857 718 918 quo
759 835 1168 918 apprehendi
1211 845 1282 899 te
1327 835 1413 899 ab
1457 837 1779 900 extremis

585 935 801 988 terre:
847 935 916 988 et
964 944 1007 988 a
1051 923 1430 1006 longinquis
1473 925 1616 1007 ejus
1659 945 1777 988 vo·

587 1013 730 1077 cavi
791 1021 902 1077 te:
979 1021 1046 1076 et
1107 1013 1250 1076 dixi
1309 1012 1448 1076 tibi.
1569 1012 1777 1078 Serve

589 1121 776 1164 meus
807 1099 978 1182 elegi
1009 1109 1120 1164 te:
1181 1109 1252 1164 et
1281 1120 1415 1164 non
1447 1099 1658 1182 abjeci
1687 1110 1776 1166 te.

592 1189 699 1252 Ne
729 1190 968 1252 timeas
999 1190 1158 1271 quia
1199 1198 1422 1252 tecum
1451 1209 1600 1252 sum
1631 1209 1776 1272 ego.

587 1277 693 1341 Ne
763 1276 1054 1342 declines
1089 1297 1104 1342 :
1179 1276 1338 1360 quia
1409 1297 1537 1360 ego
1612 1278 1779 1342 deus

587 1374 760 1430 tuus.
853 1365 1238 1430 confortavi
1282 1375 1354 1429 te
1397 1376 1466 1430 et
1497 1365 1777 1430 auxilia·

588 1464 698 1517 tus
744 1474 894 1517 sum
948 1453 1086 1518 tui:
1153 1463 1221 1517 et
1268 1455 1526 1536 suscepi
1579 1463 1648 1518 te
1696 1455 1781 1518 de

587 1551 762 1606 terra
805 1543 966 1624 justi
1023 1543 1170 1606 mei.
1272 1543 1450 1608 Ecce
1507 1541 1781 1606 consun-

588 1631 832 1695 dentur
861 1641 930 1696 et
961 1630 1350 1695 erubescent
1393 1651 1626 1696 omnes
1666 1631 1779 1714 qui

590 1729 894 1802 pugnant
947 1719 1294 1783 adversum
1347 1739 1473 1785 me.
1565 1720 1781 1784 Erunt

590 1810 780 1891 quasi
811 1827 945 1871 non
987 1808 1158 1872 sint:
1203 1817 1273 1871 et
1309 1809 1617 1891 peribunt
1656 1808 1777 1872 viri

591 1899 706 1979 qui
769 1896 1225 1960 contradicent
1288 1897 1428 1960 tibi.
1521 1894 1779 1978 Queres

591 2005 707 2048 eos
739 1995 807 2048 et
838 2005 972 2048 non
995 1986 1284 2049 invenies
1305 1986 1482 2049 viros
1500 1985 1779 2050 rebelles

591 2083 760 2138 tuos,
882 2073 1096 2138 Erunt
1154 2074 1344 2157 quasi
1407 2094 1539 2138 non
1600 2075 1778 2140 sint:

591 2171 660 2226 et
717 2161 924 2226 veluti
998 2163 1418 2246 consumptio
1491 2162 1779 2227 hominis

589 2250 900 2316 bellantis
927 2251 1276 2316 adversum
1306 2262 1375 2315 te
1401 2273 1418 2316 :
1462 2252 1622 2334 quia
1651 2271 1781 2333 ego

588 2340 756 2404 deus
785 2349 938 2404 tuus
968 2339 1472 2423 apprehendens
1505 2359 1777 2403 manum

588 2437 792 2492 tuam.
840 2429 1198 2511 dicensque
1217 2428 1339 2491 tibi
1365 2449 1379 2491 :
1415 2427 1521 2492 Ne
1539 2429 1779 2492 timeas

587 2537 716 2601 ego
747 2516 973 2600 adjuvi
1002 2525 1070 2581 te
1101 2515 1236 2581 noli
1275 2516 1510 2581 timere
1539 2516 1782 2581 vermis

583 2606 786 2688 jacob
815 2607 929 2689 qui
961 2606 1201 2669 mortui
1246 2606 1406 2669 estis
1439 2625 1526 2668 ex
1568 2605 1777 2669 israel.

593 2693 746 2776 Ego
818 2693 1178 2757 auxiliatus
1251 2713 1398 2756 sum
1459 2694 1556 2757 tui
1617 2693 1779 2757 dicit

589 2782 940 2847 dominus:
988 2782 1366 2864 redemptor
1391 2790 1546 2845 tuus
1589 2802 1777 2845 sanc-

587 2881 700 2935 tus
748 2869 956 2934 israel.
1047 2870 1199 2953 Ego
1245 2871 1438 2952 posui
1477 2881 1547 2934 te
1589 2870 1779 2953 quasi

585 2958 956 3043 plaustrum
987 2959 1357 3022 triturantis
1385 2979 1630 3023 novum
1661 2958 1781 3022 ha·

591 3049 758 3113 bens
790 3058 1000 3111 rostra
1040 3048 1398 3112 serrantia:
1443 3048 1782 3111 triturabis

592 3145 858 3200 montes
887 3145 955 3200 et
984 3136 1392 3200 comminues
1419 3158 1434 3200 :
1481 3146 1548 3200 et
1577 3134 1781 3199 colles

591 3224 784 3309 quasi
830 3225 1170 3307 pulverem
1216 3245 1424 3307 pones
1471 3234 1538 3288 et
1568 3226 1780 3289 venti-

593 3314 762 3377 labis
815 3334 980 3377 eos:
1039 3322 1110 3377 et
1151 3323 1353 3377 vento
1413 3312 1613 3377 colles
1715 3324 1784 3377 et

589 3401 787 3468 turbo
818 3403 1199 3485 dispergent
1229 3422 1358 3466 eos,
1437 3402 1529 3465 Et
1558 3411 1631 3466 tu
1664 3422 1784 3465 ex-

593 3491 838 3555 ultabis
898 3492 963 3553 in
1027 3491 1347 3555 domino:
1424 3490 1491 3553 in
1551 3500 1785 3554 sancto

593 3580 784 3645 israel
838 3579 1162 3643 letaberiS.
1256 3578 1473 3661 Egeni
1505 3589 1572 3643 et
1622 3599 1782 3662 pau-

591 3690 780 3753 peres
841 3678 1124 3751 querunt
1195 3689 1444 3751 aquas:
1505 3677 1575 3731 et
1648 3688 1782 3731 non

591 3769 784 3823 sunt:
852 3758 1076 3840 lingua
1136 3778 1364 3821 eorum
1423 3756 1533 3820 siti
1593 3758 1785 3821 aruit.

565 3848 745 3929 ,Ego
820 3848 1128 3911 dominus
1202 3846 1561 3910 exaudiam
1637 3865 1785 3910 eos:

590 3934 756 3998 deus
787 3936 978 3998 israel
1010 3954 1142 3998 non
1166 3934 1622 4016 derelinquam
1646 3955 1779 3998 eos‚

588 4022 912 4104 Aperiam
989 4023 1056 4085 in
1129 4025 1428 4106 supernis
1502 4022 1780 4087 collibus

591 4110 866 4174 flumina
892 4132 908 4175 :
954 4120 1022 4173 et
1052 4112 1118 4173 in
1139 4112 1361 4174 medio
1392 4132 1779 4194 camporum

587 4200 822 4263 fontes.
871 4198 1121 4262 Ponam
1139 4200 1477 4262 desertum
1503 4202 1570 4263 in
1601 4209 1779 4282 stag-

589 4308 678 4352 na
707 4307 1028 4372 aquarum
1060 4295 1128 4349 et
1158 4296 1399 4350 terram
1433 4289 1676 4351 inviam
1710 4290 1777 4351 in

566 4378 761 4459 ,rivos
785 4396 1122 4459 aquarum.
1215 4374 1415 4439 Dabo
1445 4376 1511 4438 in
1543 4377 1775 4440 solitu-

583 4468 742 4531 dine
773 4467 1083 4531 cedrum:
1119 4474 1187 4528 et
1219 4465 1479 4547 spinam
1502 4474 1568 4528 et
1595 4485 1771 4548 myr-

909 4590 923 4619 ¹
939 4588 1170 4655 serratim
1189 4604 1208 4635 .·
1243 4586 1311 4637 E.

2416 463 2518 522 68

1874 579 2021 634 tum
2084 580 2153 636 et
2214 569 2467 654 lignum
2528 569 2723 636 olive.
2812 571 3067 636 Ponam

1876 659 1943 723 in
1976 661 2308 724 desertum
2340 661 2583 724 olivam
2624 659 2911 724 abietem
2948 661 3069 728 Ul·

1878 768 2061 812 mum
2094 759 2161 812 et
2192 749 2451 814 buxum
2495 748 2731 813 simul:
2778 759 2853 812 ut
2884 749 3067 814 vide-

1876 847 1994 900 ant
2024 845 2095 901 et
2122 837 2333 902 sciant
2362 847 2431 901 et
2452 838 2747 920 cogitent
2776 847 2847 902 et
2876 837 3067 902 intel-

1876 925 2085 1008 ligent
2129 927 2411 1008 pariter:
2466 927 2623 1008 quia
2668 945 2903 990 manus
2948 927 3067 990 do-

1878 1015 2037 1077 mini
2084 1013 2239 1078 fecit
2284 1014 2407 1078 hec
2452 1023 2519 1078 et
2564 1023 2834 1078 sanctus
2874 1015 3065 1080 israel

1876 1103 2122 1166 creavit
2154 1101 2335 1166 illud.
2427 1103 2641 1186 Prope
2670 1102 2867 1166 facite
2890 1102 3067 1184 judi·

1874 1191 2053 1254 cium
2127 1201 2419 1254 vestrum
2502 1191 2665 1256 dicit
2754 1191 3069 1256 dominus

1874 1279 2111 1342 afferte
2181 1280 2235 1342 si
2326 1277 2489 1362 quid
2562 1279 2823 1343 habetis
2896 1279 3068 1344 sorte

1877 1368 2041 1432 dicit
2100 1389 2221 1432 rex
2276 1366 2492 1450 jacob.
2586 1367 2939 1432 Accedant
2998 1378 3067 1434 et

1880 1457 2185 1520 nuntient
2238 1457 2429 1521 nobis
2472 1476 2865 1539 quecunque
2908 1477 3067 1520 ven-

1879 1554 2028 1608 tura
2088 1553 2259 1610 sunt.
2353 1545 2581 1609 Priora
2626 1565 2757 1628 que
2802 1544 3069 1609 suerunt

1880 1635 2227 1697 nunciate:
2277 1643 2346 1696 et
2390 1653 2715 1716 ponemus
2758 1653 2871 1698 cor
2914 1654 3067 1698 nos-

1878 1731 2053 1785 trum
2129 1731 2199 1786 et
2270 1721 2568 1786 sciemus.
2688 1721 3070 1786 Novissima

1880 1830 2109 1874 eorum
2154 1819 2224 1874 ct
2272 1829 2404 1892 que
2444 1819 2724 1874 ventura
2766 1819 2925 1874 sunt
2968 1812 3067 1874 in·

1877 1899 2097 1962 dicate
2164 1899 2405 1962 nobis:
2474 1899 2873 1963 annunciate
2934 1919 3069 1982 que

1878 1997 2155 2051 ventura
2184 1997 2338 2050 sunt
2369 1995 2439 2050 et
2482 1986 2773 2051 futurum
2803 1997 2875 2052 et
2904 1989 3067 2051 scie·

1882 2095 2029 2139 mus
2080 2077 2238 2158 quia
2284 2075 2375 2139 dii
2436 2076 2596 2139 estis
2655 2096 2789 2140 vos,
2884 2077 3067 2140 Bene

1877 2183 2145 2246 quoque
2199 2172 2315 2227 aut
2366 2163 2542 2227 male
2592 2185 2724 2227 non
2786 2166 3067 2246 potestis

1880 2252 2093 2316 facere
2116 2274 2131 2317 :
2177 2263 2244 2316 et
2265 2252 2613 2335 loquamur
2629 2261 2697 2316 et
2719 2252 3065 2317 videamus

1878 2339 2091 2404 simul.
2170 2341 2345 2405 Ecce
2364 2361 2480 2404 vos
2510 2341 2669 2404 estis
2698 2361 2787 2404 ex
2818 2341 3065 2406 nihilo:

1878 2439 1947 2493 et
1976 2449 2143 2511 opus
2164 2439 2453 2493 vestrum
2485 2450 2574 2493 ex
2604 2450 2686 2492 eo
2716 2431 2897 2512 quod
2929 2449 3065 2493 non

1878 2528 1978 2582 est
2010 2517 2505 2583 abhominatio:
2559 2527 2661 2583 est
2704 2519 2819 2601 qui
2864 2517 3065 2602 elegit

1876 2628 2009 2670 vos
2104 2606 2432 2671 Suscitavi
2479 2607 2566 2671 ab
2604 2606 2949 2689 aquilone:
2994 2616 3065 2671 et

1874 2694 2095 2759 veniet
2154 2696 2241 2759 ab
2301 2705 2447 2759 ortu
2518 2696 2725 2759 solis:
2799 2695 3068 2760 vocabit

1874 2803 2116 2847 nomen
2180 2804 2401 2847 meum
2462 2793 2528 2848 et
2588 2784 2877 2850 adducet
2928 2804 3069 2848 ma-

1875 2873 2189 2955 gistratus
2280 2874 2471 2955 quasi
2547 2872 2777 2937 lutum.
2914 2872 3065 2937 Hec

1876 2962 2054 3025 dicit.

1968 3050 2078 3112 He
2132 3048 2478 3131 antiphone
2532 3070 2655 3131 que
2712 3060 3071 3131 sequuntur

1877 3138 2171 3201 seriatim
2200 3138 2215 3176 ¹
2271 3138 2529 3201 dicende
2566 3147 2724 3201 sunt
2762 3138 2860 3201 ad
2880 3138 3065 3219 psal-

1880 3248 2060 3289 mum
2092 3226 2495 3309 Magnificat.
2558 3228 2815 3309 quando
2836 3227 2917 3289 de
2940 3226 3059 3289 ad-

1882 3325 2072 3378 ventu
2118 3318 2359 3397 agitur.
2408 3314 2515 3378 vel
2550 3315 2647 3378 ad
2682 3316 3063 3379 memoriam

1879 3404 2135 3486 quando
2164 3407 2393 3486 agitur
2430 3402 2511 3467 de
2551 3413 2768 3467 sancto
2795 3424 2839 3467 a
2868 3406 3067 3468 tertia

1880 3492 2202 3555 dominica
2232 3492 2549 3556 adventus
2589 3514 2787 3574 usque
2824 3491 2923 3555 ad
2958 3492 3063 3555 in-

1878 3581 2211 3661 ceptionem
2294 3581 2358 3647 O
2432 3590 2495 3643 et
2562 3581 2659 3644 ad
2721 3581 3063 3663 psalmum

1884 3670 2300 3733 Benedictus,
2390 3669 2651 3752 'quarta
2736 3670 3063 3733 dominica

1882 3778 2080 3839 usque
2147 3759 2244 3822 ad
2308 3757 2611 3839 vig-iliam
2686 3758 3065 3821 nativitatis·

1881 3846 2136 3910 domini
2160 3870 2187 3911 .·
2248 3858 2658 3928 preterquam
2746 3847 2819 3910 in
2884 3846 3063 3928 fisto

1878 3936 2094 3999 sancti
2148 3935 2359 3999 thome
2399 3935 2669 4017 apostoli
2708 3945 2911 4015 prout
2967 3936 3067 3999 ibi

1880 4034 2100 4087 notatu
2107 4046 2157 4088 r.
2658 4024 2722 4087 A
2734 4023 3059 4105 ntzpbona.

1898 4113 2224 4244 Veniet
2266 4113 2571 4176 dominus
2613 4112 2679 4175 in
2725 4122 3061 4195 potestate

2048 4222 2291 4283 magna
2376 4211 2445 4265 et
2516 4202 2770 4265 videbit
2842 4202 3061 4265 omnis

1879 4310 2032 4352 caro
2092 4290 2377 4353 salutare
2436 4290 2562 4354 dei.
2650 4299 2754 4354 αῆ.
2808 4288 3061 4372 Joseph

1877 4376 1970 4440 fili
2032 4378 2231 4441 david
2287 4378 2419 4442 noli
2472 4380 2705 4442 timere
2765 4378 3061 4461 accipere

1876 4467 2151 4531 mariam
2205 4470 2556 4550 conjugem
2607 4478 2831 4531 tuam:
2878 4468 3058 4549 quod

2144 4588 2165 4617 ²
2200 4586 2452 4636 ‘a’add:
2489 4587 2719 4636 E.G.W.
