3375 5100
416 3606 427 3617 .
510 3560 791 3624 credunt
819 3578 837 3622 :

1558 335 1982 392 DOMJNJCA

1018 447 1175 504 259

501 555 751 619 decem.
867 571 914 642 y
988 554 1097 618 Ne
1156 573 1365 636 queso
1424 551 1698 618 domine

498 642 794 707 irascaris
841 645 895 705 si
948 642 1180 725 loquar
1220 641 1472 708 semel:
1534 641 1696 725 quid

498 732 697 796 facies
752 731 806 794 si
858 731 1105 796 inventi
1158 730 1401 795 fuerint
1445 733 1698 794 decem.

502 819 894 903 Respondit.
1312 819 1530 883 Lectio
1560 819 1702 901 viij.

512 911 751 1043 Cum
814 927 973 990 ergo
1039 908 1352 972 dominus
1410 907 1706 972 hiericho

638 997 1239 1080 appropinquavit:
1302 1015 1498 1060 cecus
1558 996 1705 1059 illu-

505 1085 797 1149 minatus
843 1093 943 1148 est
974 1084 1283 1148 videlicet
1326 1104 1539 1166 genus
1584 1084 1706 1147 hu-

504 1194 819 1238 manum:
875 1173 1033 1256 quia
1085 1193 1237 1236 cum
1300 1173 1708 1236 mortalitate

504 1263 719 1326 carnis
782 1271 1005 1324 nostre
1068 1261 1335 1325 indutus
1396 1260 1561 1326 fuit:
1615 1261 1704 1324 ad

506 1370 695 1414 suani
758 1350 1331 1414 immortalitatem
1409 1369 1532 1414 nos
1608 1370 1706 1414 re-

508 1438 835 1503 formavit.
954 1437 1137 1502 Bene
1212 1447 1437 1502 autem
1513 1457 1708 1502 cecus

508 1528 635 1591 iste
675 1546 865 1590 secus
907 1525 1083 1590 viam
1134 1526 1366 1590 sedere
1413 1535 1482 1590 et
1524 1545 1709 1589 men-

508 1616 729 1679 dicare
748 1614 1019 1679 dicitur:
1050 1614 1207 1696 quia
1228 1622 1385 1678 sunt
1409 1614 1709 1678 nonnulli

510 1704 625 1786 qui
670 1723 793 1766 nec
835 1721 1024 1766 secus
1067 1703 1245 1766 viam
1294 1705 1532 1768 sedent
1587 1723 1710 1766 nec

512 1791 947 1856 mendicant:
1042 1791 1110 1854 id
1172 1800 1325 1855 est:
1412 1793 1525 1874 qui
1587 1811 1710 1855 nec

511 1880 713 1945 deum
791 1879 1119 1944 credunt:
1182 1899 1304 1943 nec
1382 1880 1713 1962 spiritales

509 1968 781 2034 divitias
868 1967 957 2032 ab
1044 1985 1128 2031 eo
1202 1978 1505 2051 querunt.
1594 1968 1709 2033 Re.

510 2056 910 2121 Ascendens
956 2075 1117 2138 ergo
1170 2056 1335 2120 deus
1382 2057 1470 2121 ab
1522 2057 1712 2120 abra-

514 2145 671 2210 ham
748 2143 917 2228 pluit
996 2144 1218 2227 ignem
1299 2152 1369 2209 et
1438 2145 1716 2228 sulphur

514 2253 715 2317 super
830 2232 1201 2298 sodomam.
1359 2232 1712 2298 Abraham

513 2341 713 2387 mane
772 2341 1048 2404 surgens
1110 2320 1338 2386 stetit:
1402 2328 1472 2386 et
1530 2343 1714 2386 ever·

512 2431 622 2474 sas
682 2411 879 2474 urbes
954 2431 995 2474 a
1068 2409 1269 2492 longe
1340 2411 1711 2494 conspexit.

513 2516 560 2587 γ
610 2498 1026 2564 Recordatus
1071 2507 1175 2563 est
1214 2499 1380 2563 deus
1425 2498 1712 2565 abrahe:

513 2597 585 2651 et
626 2586 929 2653 liberavit
966 2586 1109 2650 loth
1156 2586 1240 2650 de
1285 2586 1714 2652 subversione

515 2676 809 2741 sodome.
898 2674 1266 2740 Abraham.
1378 2676 1595 2739 Lectio
1626 2676 1711 2741 ix.

514 2765 762 2898 Sunt
806 2762 1043 2827 iterum
1092 2772 1162 2827 et
1205 2762 1318 2827 alii
1364 2764 1477 2846 qui
1523 2784 1714 2829 secus

638 2852 816 2915 viam
855 2851 1130 2915 sedent:
1177 2852 1295 2915 sed
1344 2871 1479 2916 non
1527 2872 1715 2916 men-

517 2940 788 3005 dicant:
855 2940 1028 3003 sicut
1086 2941 1375 3022 perversi
1435 2948 1506 3005 et
1564 2940 1713 3006 falsi

514 3027 853 3093 christiani
932 3028 1045 3110 qui
1121 3028 1322 3092 deum
1382 3030 1712 3095 credunt:

514 3117 631 3181 sed
694 3138 735 3181 a
801 3117 980 3181 bono
1054 3136 1255 3199 opere
1329 3125 1712 3200 torpentes:

514 3204 844 3288 spiritales
902 3205 1169 3269 divitias
1228 3226 1502 3288 querere
1576 3226 1712 3270 non

513 3294 801 3357 student.
923 3293 1171 3358 Adhuc
1260 3295 1464 3358 etiam
1556 3305 1712 3359 sunt

513 3382 624 3446 alii
685 3381 800 3465 qui
862 3401 1051 3446 secus
1108 3383 1287 3446 viam
1349 3385 1585 3448 sedent
1647 3392 1716 3447 et

514 3471 949 3536 mendicant:
1012 3471 1077 3534 id
1140 3479 1243 3534 est
1318 3473 1432 3554 qui
1508 3472 1712 3535 deum

929 3568 1000 3624 et
1057 3558 1371 3624 celestem
1431 3560 1712 3642 gloriam

513 3647 797 3713 assiduis
826 3648 1238 3713 orationibus
1268 3668 1539 3730 querere
1578 3670 1711 3713 non

514 3745 794 3802 cessant.
862 3736 996 3801 Re.
1057 3735 1271 3801 Cecus
1303 3737 1581 3801 sedebat
1612 3758 1715 3801 se-

512 3846 629 3889 cus
658 3826 837 3889 viam
869 3833 1255 3890 transeunte
1285 3825 1598 3891 domino:
1646 3837 1716 3891 et

514 3912 1033 3988 exclamavit.ad
1079 3933 1251 3977 eum.
1345 3914 1470 3978 Ait
1502 3915 1561 3977 ei
1593 3915 1714 3978 do-

516 4002 775 4068 minus:
823 4001 1004 4084 Quid
1036 4003 1135 4065 vis
1168 4010 1243 4065 ut
1272 4001 1509 4067 faciam
1544 4003 1667 4066 tibi
1697 4023 1713 4067 :

515 4088 749 4153 raboni
832 4098 906 4153 ut
982 4090 1245 4154 videam
1320 4091 1563 4155 lumen.
1664 4110 1712 4177 γ

516 4178 719 4243 Stans
781 4186 1008 4242 autem
1059 4178 1253 4261 jesus
1308 4177 1507 4262 jussit
1554 4200 1710 4244 eum

514 4265 757 4330 adduci
824 4267 911 4330 ad
981 4286 1054 4330 se
1126 4276 1194 4337 et
1252 4286 1405 4330 cum
1469 4288 1710 4350 appro-

513 4356 901 4438 pinquasset
1014 4354 1443 4438 interrogavit
1554 4377 1708 4421 eum

812 4492 826 4523 ¹
863 4490 1117 4540 membre:
1153 4490 1212 4540 E.

814 4560 834 4588 ²
866 4557 1135 4607 Tentavit:
1171 4556 1395 4606 E.G.W.

2323 449 2483 505 260

1799 552 2046 618 dicens.
2111 552 2294 638 Quid
2330 555 2444 620 vis,
2509 555 2755 620 Gloria.
2823 553 3012 639 Quid

1800 642 1914 706 vis,
2007 641 2153 706 Hoc
2181 644 2696 725 Responsorium.
2777 643 3012 709 Cecus·

1803 751 1926 792 non
1986 731 2250 794 dicatur
2307 731 2377 795 in
2428 732 2644 814 seriis·
2667 756 2692 797 .·
2749 733 2872 796 sed
2939 732 3012 796 in

1802 818 2130 881 dominica
2161 829 2435 884 tantum.

1804 907 1869 969 R
1875 907 2236 988 eaponsoria
2262 908 2566 990 firialeh.
2655 909 2768 973 Re.
2826 909 3008 972 Dum

1807 1001 2014 1058 staret
2043 994 2362 1060 abraham
2411 999 2496 1061 ad
2545 996 2762 1062 ilicem
2795 1017 3013 1060 mam-

1811 1083 2012 1148 bre¹:
2062 1084 2230 1147 vidit
2269 1094 2404 1149 tres
2452 1106 2692 1168 pueros
2740 1088 3010 1150 descen·

1810 1172 2046 1235 dentes
2091 1193 2212 1254 per
2239 1174 2438 1238 viam.
2531 1175 2700 1238 Tres
2743 1175 2910 1238 vidit
2943 1184 3012 1238 et

1809 1281 2016 1325 unum
2049 1261 2368 1326 adoravit.
2459 1280 2506 1350 γ
2566 1261 2848 1345 Cunque
2881 1263 3012 1326 ele-

1809 1359 2032 1412 vasset
2091 1350 2370 1414 oculos:
2440 1361 2890 1434 apparuerunt
2949 1351 3009 1414 ei

1808 1446 1944 1500 tres
2026 1437 2147 1501 viri
2221 1447 2476 1504 stantes
2557 1438 2760 1521 juxta
2837 1459 3010 1504 eum.

1809 1525 1997 1589 Tres,
2115 1527 2232 1590 Re.
2356 1528 2744 1610 Temptavit
2769 1527 2794 1564 ²
2847 1527 3014 1592 deus

1811 1613 2132 1678 abraham
2226 1625 2295 1679 et
2385 1617 2564 1680 dixit
2655 1617 2742 1681 ad
2837 1637 3010 1681 eum.

1811 1700 2008 1765 Tolle
2056 1701 2264 1767 filium
2310 1712 2502 1768 tuum
2552 1725 2751 1787 quem
2793 1705 3012 1786 diligis

1811 1791 2064 1872 ysaac⁸
2122 1801 2190 1856 et
2251 1793 2488 1856 offeres
2548 1793 2735 1857 illum
2795 1794 2888 1857 ibi
2943 1795 3010 1856 in

1812 1878 2276 1944 holocaustum
2323 1901 2521 1963 super
2568 1903 2772 1945 unum
2823 1901 3013 1945 mon-

1812 1968 1982 2031 tium
2021 1988 2220 2050 quern
2252 1969 2490 2033 dixero
2529 1971 2668 2034 tibi.
2760 1987 2811 2057 y
2874 1971 3014 2034 Vo-

1814 2065 2001 2119 catus
2033 2076 2300 2138 quoque
2335 2079 2378 2121 a
2422 2059 2693 2122 domino
2741 2079 3013 2140 respon-

1814 2144 1916 2207 dit
1961 2165 2186 2208 assum
2227 2154 2298 2209 et
2341 2146 2518 2211 dixit
2570 2148 2631 2210 ei
2681 2148 3009 2212 dominus,

1814 2231 2028 2296 Tolle.
2117 2233 2232 2297 Re.
2329 2235 2545 2317 Igitur
2571 2234 2890 2300 abraham
2923 2236 3012 2299 de

1812 2341 1977 2384 voce
2000 2322 2023 2358 ⁴
2057 2340 2459 2404 consurgens
2508 2324 2670 2388 abiit
2701 2324 2788 2388 ad
2823 2345 3011 2388 mon-

1814 2419 1951 2473 tem
1999 2429 2201 2492 quem
2249 2422 2734 2477 monstraturus
2777 2423 2918 2477 erat
2949 2411 3010 2477 ei

1814 2497 1997 2562 deuS.
2063 2498 2160 2565 Ut
2181 2499 2554 2565 immolaret
2577 2521 2778 2583 ysaac
2809 2520 3008 2584 quem

1813 2587 2065 2669 genuit.
2128 2604 2179 2674 y
2211 2586 2542 2653 Edificato
2571 2589 2765 2653 altari
2797 2600 2864 2654 et
2897 2592 3012 2653 de-

1814 2695 2015 2758 super
2073 2675 2269 2758 lignis
2329 2678 2660 2761 impositis
2712 2679 3011 2760 gladium

1816 2764 2092 2846 arripuit
2183 2784 2460 2829 manum
2548 2767 2783 2831 erexit.
2895 2768 3012 2833 Ut.

1815 2850 2062 2917 Gloria.
2163 2853 2277 2918 Ut.
2356 2855 2475 2919 Re.
2549 2854 2857 2939 Angelus
2892 2856 3014 2919 do·

1815 2941 1976 3004 mini
2044 2942 2308 3005 vocavit
2379 2942 2697 3008 abraham
2766 2946 3012 3010 dicens,

1815 3028 1924 3093 Ne
2022 3032 2353 3095 extendas
2453 3052 2726 3097 manum
2825 3043 3010 3098 tuam

1813 3137 2014 3200 super
2058 3138 2339 3200 puerum
2401 3141 2482 3184 eo
2532 3123 2714 3203 quod
2774 3123 3013 3186 timeas

1814 3206 2174 3271 dominum.
2271 3225 2322 3295 y
2405 3209 2685 3293 Cunque
2775 3221 3014 3275 exten-

1814 3295 2020 3358 disset
2109 3315 2384 3360 manum
2477 3308 2553 3362 ut
2636 3300 3014 3364 immolaret

1815 3381 2024 3447 filium
2137 3404 2289 3449 ecce
2383 3388 2658 3469 angelus
2759 3389 3015 3452 domini

1816 3472 2128 3535 clamavit
2159 3474 2405 3538 dicens,
2497 3477 2618 3541 Ne.
2696 3477 2811 3542 Re.
2872 3479 3014 3542 Vo-

1814 3560 1992 3625 cavit
2043 3561 2320 3643 angelus
2379 3564 2632 3628 domini
2693 3565 3011 3629 abraham

1815 3649 1902 3712 de
1933 3647 2078 3713 celo
2107 3650 2351 3715 dicens,
2445 3653 2850 3718 Benedicam
2889 3655 3012 3718 tibi

1817 3746 1885 3800 et
1935 3738 2396 3821 multiplicabo
2444 3750 2514 3803 te
2567 3742 2737 3805 sicut
2785 3742 3012 3805 stellas

1816 3825 1954 3890 celi.
2066 3842 2117 3912 y
2199 3826 2290 3891 Et
2379 3827 2856 3892 benedicentur
2943 3830 3010 3892 in

1816 3914 2068 3977 semine
2116 3922 2237 3978 tuo
2289 3935 2526 3978 omnes
2566 3925 2800 3999 gentes
2842 3926 3013 3980 terre

1814 4003 1973 4084 quia
2018 4001 2305 4067 obedisti
2353 4004 2499 4067 voci
2545 4025 2707 4068 mee.
2802 4006 3012 4069 Bene-

1815 4091 2052 4154 dicam.
2143 4090 2260 4155 Re.
2327 4092 2660 4157 Dormivit
2692 4093 3010 4157 abraham

1813 4198 1966 4241 cum
2013 4180 2312 4262 patribus
2343 4181 2478 4243 suis
2510 4190 2578 4245 et
2608 4182 3014 4264 planxerunt

1814 4288 1967 4331 eum
2013 4288 2214 4349 ysaac
2264 4278 2330 4332 et
2378 4269 2625 4335 ismael.
2720 4272 2810 4335 Et
2859 4282 3013 4355 post

1813 4356 2070 4421 obitum
2114 4356 2257 4439 ejus
2288 4358 2637 4424 benedixit
2679 4360 2843 4425 deus
2876 4360 3013 4425 filio

2098 4494 2118 4522 ³
2157 4492 2596 4557 ‘isaac’passimz
2633 4496 2698 4547 G.

2107 4561 2124 4589 ⁴
2159 4568 2340 4608 nocte:
2377 4560 2602 4611 E.G.W.
