3375 5100
1239 284 1576 339 SANCTE
1620 285 1750 339 MA
1764 286 1918 340 RIE.

850 394 1009 450 689

315 499 616 585 confugit
627 500 713 565 ad
735 502 1078 566 ecclesiam
1093 502 1431 583 quandam
1447 500 1511 563 in

315 592 514 654 beate
559 591 789 653 matris
835 590 1088 654 domini
1128 592 1513 653 memoriam

317 679 712 743 dedicatam.
853 679 988 743 Ubi
1078 678 1520 762 quadraginta

319 768 580 832 dierum
685 766 1040 831 afflictione
1149 775 1518 830 maceratus

323 857 548 919 animo
622 858 950 920 contrito:
1057 875 1300 919 nomen
1359 854 1520 935 'ejus

323 944 678 1008 invocabat
703 944 952 1027 jugiter
997 964 1073 1007 ac
1120 944 1522 1027 implorabat

325 1034 783 1115 patrocinium.
848 1032 1028 1115 Quid
1064 1030 1325 1096 multa?
1391 1033 1522 1095 Re-

323 1123 548 1204 spexit
595 1121 770 1184 hunc
820 1122 1114 1204 propicia
1163 1120 1523 1185 misericor-

323 1212 434 1274 die
484 1218 734 1273 mater:
780 1219 850 1273 et
895 1230 1014 1292 per
1059 1210 1379 1273 visionem
1429 1208 1521 1271 illi

324 1318 694 1381 apparens:
763 1298 850 1361 de
923 1298 1266 1380 impietate
1341 1318 1523 1362 coar·

325 1388 506 1469 guit:
573 1387 658 1449 ad
722 1386 967 1451 Christi
1043 1386 1522 1450 confessionem

327 1474 835 1539 reconfortavit.¹
973 1475 1338 1541 Consolata
1422 1483 1525 1537 est

327 1562 665 1627 dolentem
699 1563 1074 1647 pollicendo
1104 1565 1364 1627 veniam
1397 1584 1411 1626 :
1457 1572 1526 1626 et

328 1673 413 1716 ne
442 1651 780 1715 dubitaret
809 1654 894 1715 de
942 1654 1267 1735 promisso
1298 1672 1524 1734 supra-

329 1741 581 1803 dictum
627 1740 1136 1824 chirographum
1157 1742 1182 1777 ²
1201 1741 1226 1779 ³
1255 1740 1525 1803 diabolo

327 1838 634 1912 potenter
679 1840 1019 1911 ereptum:
1066 1830 1331 1912 captivo
1380 1830 1529 1892 red-

327 1918 497 1980 didit
557 1918 624 1980 in
685 1918 926 2000 pignus
979 1918 1317 1982 libertatis,
1407 1916 1524 1981 Re.

332 2006 581 2071 Sancta
627 2015 694 2069 et
726 2006 1154 2070 immaculata
1181 2006 1527 2088 virginitas

330 2095 588 2177 quibus,
1187 2094 1398 2157 Lectio
1431 2094 1525 2176 iij.

329 2182 1530 2349 Quodquidemcirographum⁴cum

455 2271 830 2353 theophilus
844 2272 1162 2354 evigilans
1173 2292 1371 2355 supra
1385 2292 1530 2353 pec-

331 2370 439 2423 tus
453 2381 644 2423 suum
661 2362 946 2442 positum
965 2362 1305 2424 inveniret:
1327 2380 1528 2441 quam

333 2448 502 2512 letus
535 2450 871 2513 extiterit:
909 2469 1111 2531 quam
1144 2450 1255 2532 pio
1287 2449 1529 2512 affectu

330 2559 526 2601 voces
559 2535 990 2602 exultationis
1015 2547 1081 2602 et
1100 2538 1531 2602 consessionis

331 2627 614 2690 ediderit
632 2647 762 2690 non
785 2637 886 2690 est
905 2626 1097 2690 facile
1116 2628 1316 2691 dictu.
1353 2627 1530 2690 Noc-

330 2723 468 2778 tem
500 2736 656 2778 vero
687 2715 870 2778 illam
901 2725 1257 2780 consecuta
1287 2725 1389 2778 est
1413 2715 1530 2778 doz

331 2803 573 2867 minica
603 2804 744 2866 dies
777 2823 908 2886 qua
931 2800 1310 2887 theopffilus
1343 2805 1530 2886 quasi

333 2912 486 2955 cum
511 2892 784 2955 domino
815 2914 854 2956 a
886 2895 1162 2956 mortuis
1187 2903 1532 2975 resurgens

333 2982 645 3062 episcopo
691 3001 762 3044 se
815 3001 1036 3045 coram
1088 2982 1337 3064 populo
1387 3002 1531 3063 pre-

333 3071 662 3132 sentavit:
709 3077 779 3132 et
825 3090 961 3132 rem
1011 3071 1181 3133 sicut
1227 3080 1369 3133 erat
1413 3090 1532 3133 ex2

333 3159 572 3240 posuit.
663 3157 946 3221 Videres
977 3158 1296 3241 populum
1331 3158 1533 3221 modo

333 3246 748 3310 considerata
781 3248 989 3310 macie
1025 3246 1388 3329 vultuque⁵
1419 3264 1532 3328 pe·

333 3335 605 3398 nitentis
651 3335 761 3418 pie
804 3334 1324 3418 collachrymari.
1396 3334 1530 3399 Sed

333 3423 565 3487 audito
617 3433 940 3506 quantam
995 3434 1062 3488 et
1111 3443 1312 3506 quam
1363 3423 1528 3487 cele·

335 3531 473 3574 rem
513 3513 1027 3575 misericordiam
1060 3511 1275 3576 suerat
1305 3532 1532 3575 conse-

332 3609 566 3664 cutus:
611 3620 842 3664 omnes
891 3601 1004 3683 qui
1055 3599 1230 3663 mala
1285 3601 1534 3664 consci-

336 3689 515 3752 entia
547 3690 754 3752 territi
787 3709 958 3772 pene
989 3688 1366 3753 defecerant
1393 3710 1406 3752 :
1446 3689 1533 3752 ad

335 3797 522 3858 spem
585 3778 780 3841 venie
853 3777 1280 3860 respirabant.
1381 3779 1534 3859 Jam

333 3886 489 3929 vero
521 3875 592 3930 ut
625 3885 765 3929 rem
796 3866 977 3930 brevi
1011 3865 1140 3929 fine
1182 3867 1535 3931 concluda-

337 3974 527 4018 mus:
569 3954 682 4017 et⁶
713 3956 1028 4037 episcopo
1067 3954 1346 4036 jubente
1391 3975 1533 4018 ma-

331 4041 576 4125 lecapti
635 4043 1100 4126 cirographum
1155 4043 1534 4126 theophilus

331 4131 487 4213 igne
547 4133 882 4196 cremavit.
981 4134 1244 4196 Deinde
1303 4131 1536 4196 suffra·

433 4267 456 4363 ¹²
484 4283 576 4332 pro
604 4272 619 4296 ‘
636 4268 986 4319 reconfortavit
1003 4269 1016 4292 '
1040 4269 1286 4320 revocavit
1314 4288 1326 4319 :
1361 4270 1428 4320 G.

435 4401 454 4429 .
485 4335 941 4451 assasse.-

437 4469 456 4496 ⁴
489 4466 872 4531 chirographum
908 4485 919 4517 z
954 4469 1016 4516 G.

439 4536 458 4562 ⁵
497 4536 621 4596 ‘que
645 4533 656 4554 '
681 4549 778 4582 om.
811 4553 823 4582 t
863 4533 1053 4584 E.(}.S.

2126 394 2287 449 690

1615 509 1819 583 gante
1848 500 2023 565 clero
2055 510 2121 565 et
2153 500 2403 584 populo
2448 502 2687 567 ductus
2732 502 2820 567 ad

1619 589 1827 653 altare
1886 610 2037 653 cum
2088 600 2576 654 sacrosanctam
2640 610 2821 654 com-

1618 680 2003 741 munionem
2035 679 2120 742 de
2152 698 2351 742 manu
2384 680 2675 762 episcopi
2706 700 2821 743 ore

1621 768 1981 850 susciperet
2010 789 2024 831 :
2057 766 2256 831 facies
2286 766 2431 847 ejus
2461 766 2715 831 refulsit
2744 776 2821 830 ut

1619 855 1739 919 sol.
1818 856 2225 937 Peractoque
2256 856 2568 939 deinceps
2598 856 2822 919 triduo

1619 964 1771 1007 cum
1807 944 2113 1008 laudibus
2144 945 2211 1007 in
2243 944 2518 1008 ecclesia
2541 946 2648 1028 pie
2682 965 2821 1007 ma-

1623 1032 1741 1095 tris
1773 1034 2025 1097 domini
2058 1052 2179 1115 per
2207 1053 2409 1115 quam
2443 1034 2821 1096 reconcilia·

1624 1130 1732 1184 tus
1762 1121 1975 1184 fuerat
2014 1142 2053 1183 a
2099 1120 2432 1183 laboribus
2478 1123 2612 1184 suis
2645 1121 2823 1184 bono

1577 1280 1582 1283 ,
1623 1208 1756 1273 fine
1804 1210 2073 1292 quievit.
2133 1209 2245 1273 Re.
2297 1209 2491 1273 Felix
2541 1230 2825 1292 nanque.

1609 1308 1711 1379 ps'.
1757 1298 1859 1361 Te
1889 1299 2089 1362 deum
2122 1296 2489 1362 laudamus
2562 1299 2703 1363 Sed
2726 1299 2827 1361 in-

1609 1387 1741 1468 fra
1797 1387 2331 1468 septuagesimam
2392 1408 2519 1449 non
2584 1387 2833 1450 dieitur

1609 1474 1930 1557 psalmus.
2000 1476 2098 1537 Te
2131 1476 2331 1539 deum
2366 1475 2730 1539 laudamus,
2780 1493 2826 1561 v

1628 1563 1963 1646 Speciosa.
2039 1564 2124 1626 In
2154 1564 2461 1627 laudibus
2488 1573 2594 1627 au.
2668 1565 2828 1627 Post

1627 1661 1911 1734 partum.
1975 1660 2076 1734 ps.
2144 1653 2473 1715 Dominus
2527 1654 2828 1735 regnavit

1625 1751 1731 1804 etc.
1813 1740 2201 1822 Capitulum.
2295 1741 2490 1804 Felix
2544 1762 2827 1822 nanque.

1627 1830 1949 1909 Hymnus.
2030 1829 2091 1894 O
2124 1829 2427 1912 gloriosa.
2510 1846 2557 1913 y
2604 1829 2843 1911 Elegit.

1625 1937 1776 1981 eam
1809 1918 1986 1980 deuS.
2053 1919 2137 1981 In
2166 1938 2424 1999 evange.
2450 1926 2559 1981 αῆ.
2620 1918 2832 1981 Beata

1627 2007 1736 2069 dei
1767 2008 2056 2087 genitrix
2091 2007 2311 2069 maria.
2380 2014 2456 2068 ut
2484 2006 2553 2068 in
2581 2006 2831 2088 primis

1628 2095 1905 2177 vesperis
1924 2093 2388 2177 assumptionis
2409 2094 2581 2157 beate
2601 2094 2693 2155 M
2688 2114 2831 2156 arte

1629 2182 1936 2265 virginis.
1980 2192 2083 2265 ps.
2134 2182 2549 2247 Benedictus,
2601 2183 2831 2246 Oratio

1632 2272 1960 2337 Concede.
2007 2272 2131 2334 Ad
2142 2271 2433 2353 primam
2464 2280 2569 2333 ari.
2622 2270 2832 2335 Sanc-

1630 2370 1701 2424 ta
1733 2360 1838 2423 dei
1874 2361 2183 2442 genitrix.
2258 2369 2361 2441 ps.
2397 2359 2632 2423 Deus
2616 2379 2679 2421 m
2714 2380 2831 2422 no·

1632 2450 1811 2511 mine
1871 2458 2005 2512 tu0.
2080 2460 2187 2512 etc.
2261 2460 2453 2529 super
2494 2448 2831 2530 psalmum

1632 2528 2032 2621 Quicunque
2073 2537 2215 2601 vult
2256 2534 2435 2601 a73a⁷
2462 2537 2832 2619 contingens

1617 2627 1873 2709 feriam
1947 2646 2091 2690 cum
2166 2627 2592 2709 Responsorio
2669 2627 2829 2708 Jesu

1635 2715 1895 2780 Christe
1948 2725 2009 2778 et
2046 2736 2236 2779 versu
2290 2714 2423 2798 Qui
2465 2715 2550 2778 de
2579 2716 2833 2797 virgine

1631 2814 1735 2867 etc.
1783 2805 1909 2867 Ad
1931 2806 2192 2868 tertiam
2222 2812 2333 2868 ari(
2378 2804 2587 2867 Beata
2619 2814 2833 2867 mater

1633 2893 1711 2954 ut
1732 2893 1800 2955 in
1822 2893 2189 2976 suffragz'o.⁸
2219 2902 2317 2974 pf.
2363 2893 2615 2975 Legem
2638 2913 2831 2974 pone.

1639 2980 2009 3063 Capitulum
2064 2980 2179 3044 Ab
2211 2981 2413 3045 initio.
2461 2982 2574 3044 Re.
2626 2983 2829 3046 Sanc-

1633 3079 1705 3133 ta
1723 3070 1829 3133 dei
1850 3071 2159 3152 genitrix,
2190 3070 2336 3135 Oto.
2362 3070 2686 3134 Concede.
2712 3070 2840 3132 Ad

1631 3169 1877 3221 sextam
1902 3167 2006 3222 aii.
2084 3160 2381 3241 Dignare
2413 3179 2520 3221 me
2559 3158 2831 3221 laudare

1634 3256 1703 3310 te
1734 3249 1920 3330 virgo
1952 3257 2209 3310 sacrata
2233 3248 2321 3310 da
2358 3247 2518 3309 mihi
2553 3247 2829 3310 virtutes

1634 3345 1867 3400 contra
1911 3335 2135 3399 hostes
2182 3345 2347 3399 tuos,
2398 3344 2499 3416 ps'.
2549 3335 2831 3398 Defecit.

1637 3423 2009 3506 Capitulum
2074 3424 2164 3487 Et
2204 3425 2297 3487 sic
2344 3423 2410 3486 in
2442 3442 2626 3505 syon.
2717 3423 2829 3486 Re.

1635 3513 1797 3576 Post
1853 3521 2115 3595 partum
2170 3513 2372 3593 virgo,
2467 3511 2699 3575 Oratio
2758 3520 2835 3573 ut

1631 3612 1847 3682 supra.
1923 3600 2050 3664 Ad
2098 3621 2332 3664 nonam
2392 3609 2497 3663 αῆ.
2594 3599 2832 3664 Gaude

1635 3691 1845 3753 maria
1870 3689 2059 3771 virgo
2095 3698 2369 3752 cunctas
2398 3687 2659 3751 hereses
2691 3687 2835 3750 sola

1637 3778 2025 3842 interemisti
2080 3778 2147 3840 in
2198 3779 2499 3840 universo
2562 3777 2835 3840 mund0.

1622 3875 1723 3949 ps'.
1802 3865 2150 3930 Mirabilia.
2248 3855 2636 3947 Capitulum.
2743 3865 2835 3928 Et

1637 3954 1945 4018 radicavi.
1996 3954 2111 4019 Re.
2162 3955 2481 4036 Speciosa
2509 3953 2685 4017 sacta
2716 3975 2803 4017 es,

1635 4044 2129 4176 Notandum
2191 4042 2453 4127 [Oratio
2498 4052 2576 4105 ut
2618 4054 2837 4124 supra.

1820 4153 1967 4196 vero
2034 4134 2208 4214 quod
2216 4147 2221 4152 ·
2273 4152 2316 4193 a
2374 4131 2552 4212 sesto
2623 4143 2839 4195 sancte

1730 4270 1752 4299 ⁸
1791 4269 1899 4319 ‘et’
1925 4285 2023 4319 om.
2058 4285 2070 4319 ε
2106 4269 2156 4319 S.

1734 4339 1751 4365 ²
1792 4340 1920 4384 ‘aaa
1943 4337 1955 4358 ’
1978 4351 2073 4386 om.
2096 4353 2113 4386 .·
2151 4336 2203 4384 S.

1742 4403 1763 4431 ⁸
1785 4409 1883 4465 pro
1910 4407 1993 4452 ‘ut
2014 4403 2071 4451 in
2095 4401 2359 4467 suffragrb’
2380 4409 2431 4452 et
2468 4403 2675 4467 innupta
2700 4403 2841 4466 virgo

1641 4467 1859 4532 gloriosa
1881 4469 2049 4528 regina
2074 4469 2244 4517 mundi
2285 4469 2533 4518 intercede
2569 4487 2661 4533 pro
2696 4471 2841 4520 nobis

1643 4534 1711 4584 ad
1733 4535 1991 4584 dominum
2017 4555 2026 4583 :
2067 4535 2126 4582 R.

2452 4618 2497 4666 Y
2534 4619 2575 4666 Y
