3375 5100
947 335 1366 393 DOMINJCA
1413 334 1731 408 XXJJJM-
1780 334 1901 389 ET
1942 333 2237 390 XXJVTA·

877 443 1032 499 649

345 549 560 615 adhuc
607 548 884 616 dicitur.¹
979 550 1334 616 Ostendite
1377 549 1540 614 mihi

343 641 676 703 numisma
721 658 972 724 censuS.
1059 639 1160 703 At
1207 639 1299 703 illi
1346 638 1544 703 obtu-

347 727 561 791 lerunt
592 729 652 790 ei
699 728 1060 792 denarium.
1152 728 1247 791 Et
1289 727 1384 792 ait
1413 728 1540 791 illis

344 817 551 898 Jesus,
644 815 851 896 Cujus
889 825 993 880 est
1035 817 1260 898 imago
1302 815 1424 879 hec
1470 825 1540 879 et

347 905 862 986 superscriptio?
952 905 1203 968 Dicunt
1245 904 1323 968 ei.
1416 904 1544 969 Ce-

345 993 552 1056 sariS.²
642 992 932 1056 Reddite
991 1013 1150 1076 ergo
1208 1012 1340 1075 que
1384 1001 1542 1056 sunt

345 1080 587 1144 cesaris
660 1081 902 1145 cesari:
970 1081 1144 1144 idest
1216 1082 1538 1146 tributum

345 1167 628 1252 vectigal
673 1177 878 1251 atque
906 1189 1194 1234 censum.
1287 1169 1379 1233 Et
1407 1189 1538 1252 que

343 1267 500 1320 sunt
530 1257 637 1320 dei
668 1257 796 1321 deo
823 1277 840 1321 z
885 1258 1058 1321 idest
1086 1257 1378 1322 decimas
1408 1257 1539 1341 pri-

345 1346 565 1409 mitias
605 1354 675 1409 et
703 1355 1104 1428 spontaneas
1149 1346 1536 1412 oblationes.

341 1435 428 1498 In
465 1454 717 1516 mange.
749 1443 854 1498 ari.
931 1434 1253 1518 Magister
1293 1434 1538 1498 scimus

344 1523 502 1604 quia
552 1543 758 1586 verax
817 1542 888 1586 es
945 1532 1016 1586 et
1073 1523 1250 1588 viam
1299 1522 1406 1586 dei
1466 1523 1534 1587 in

339 1612 619 1675 veritate
648 1612 862 1675 doces,
922 1609 1088 1677 all’a.
1162 1619 1264 1694 ps‘:
1325 1611 1536 1674 Bene-

342 1699 575 1763 dictus,
1291 1699 1536 1764 Oratio.

341 1789 614 1918 Deus
645 1785 967 1870 refugium
1000 1794 1298 1851 nostrum
1324 1797 1392 1851 et
1410 1789 1536 1851 vir-

499 1886 604 1939 tus
648 1876 882 1940 adesto
933 1877 1058 1959 piis
1104 1874 1380 1940 ecclesie
1423 1884 1539 1941 tue

342 1965 644 2047 precibus
692 1972 922 2028 auctor
967 1965 1107 2046 ipse
1154 1964 1422 2045 pietatis
1471 1973 1540 2030 et

343 2062 564 2135 presta
587 2073 602 2116 ε
645 2062 720 2117 ut
742 2051 922 2134 quod
947 2050 1229 2116 fideliter
1249 2053 1538 2135 petimus

342 2140 692 2205 efficaciter
720 2161 1218 2224 consequamur.
1270 2141 1394 2204 Per
1415 2140 1534 2205 do-

341 2229 614 2294 minum.
710 2229 836 2293 Ad
871 2240 1162 2310 vesperas
1223 2228 1292 2292 in
1340 2249 1537 2294 evan-

327 2317 502 2400 gelio
574 2325 680 2382 aa.
801 2319 1087 2382 Reddite
1169 2337 1328 2400 ergo
1405 2339 1537 2401 que

337 2416 494 2469 sunt
541 2405 778 2470 cesaris
822 2405 1028 2469 cesari
1076 2413 1146 2470 et
1191 2425 1323 2488 que
1379 2421 1536 2471 sunt

339 2493 446 2557 dei
496 2495 642 2559 de0.
747 2493 1026 2559 alleluia.
1120 2502 1221 2577 pf.
1269 2493 1538 2579 Magni-

341 2582 509 2648 ficat.

343 2676 408 2748 (I
438 2670 784 2735 Dominica
811 2670 1028 2754 xxiiij.
1165 2670 1534 2736 Secundum

338 2762 437 2893 l
458 2780 500 2821 n
551 2760 664 2824 illo
722 2769 1062 2843 tempore:
1135 2758 1532 2843 [mattheum.

461 2848 809 2931 Loquente
866 2848 1026 2931 Jesu
1101 2849 1188 2912 ad
1263 2851 1534 2915 turbas:

339 2956 493 3000 ecce
552 2938 857 3021 princeps
917 2958 1086 3001 unus
1139 2939 1413 3001 accessit
1465 2947 1534 3001 et

339 3023 663 3088 adorabat
708 3045 862 3089 eum
909 3026 1150 3091 dicens,
1244 3026 1536 3090 Domine

337 3112 469 3176 filia
535 3132 684 3177 mea
751 3113 952 3177 modo
1011 3112 1326 3179 defuncta
1385 3122 1532 3178 est:

336 3200 454 3265 sed
479 3200 628 3265 veni
660 3211 727 3266 et
751 3201 1018 3284 impone
1049 3222 1321 3265 manum
1344 3210 1530 3266 tuam

336 3310 534 3372 super
577 3309 726 3353 eam
757 3298 827 3354 et
855 3291 1048 3355 vivet.
1141 3291 1233 3354 Et
1265 3290 1530 3373 reliqua.

343 3378 596 3442 Omelia
662 3378 1043 3444 venerabilii·
1101 3378 1247 3442 bede
1274 3378 1534 3460 presby-

337 3466 476 3531 teri.
1172 3467 1388 3531 Lectio
1417 3467 1531 3549 vij.

336 3556 592 3687 luter
634 3554 862 3619 omnia
905 3554 1218 3619 miracula
1249 3574 1379 3637 que
1409 3554 1533 3619 do-

445 3644 663 3706 minus
690 3644 885 3727 Jesus
925 3644 1220 3709 Christus
1267 3664 1384 3725 per
1428 3662 1532 3707 se-

337 3732 694 3813 metipsum
719 3733 1012 3797 ostendit
1035 3733 1103 3797 in
1134 3734 1322 3797 terris
1349 3754 1365 3797 :
1398 3740 1532 3797 tres

335 3827 598 3883 tantum
637 3830 928 3885 mortuos
973 3822 1394 3885 resuscitasse
1438 3820 1530 3885 le-

333 3908 530 3989 gitur.
623 3909 1065 3973 Resuscitavit
1114 3930 1272 3992 ergo
1331 3910 1529 3973 istam

333 3995 815 4079 archisinagogi
893 3996 1096 4061 filiam
1181 3998 1248 4061 in
1324 3997 1530 4061 domo

327 4082 664 4166 jacentem
729 4086 1138 4149 resuscitavit
1197 4095 1264 4149 et
1317 4083 1526 4149 filium

243 4170 246 4172 ’
333 4173 532 4237 vidue
577 4182 772 4237 extra
817 4182 1080 4257 portam
1110 4173 1396 4238 civitatis
1439 4175 1527 4238 ad

331 4261 789 4343 sepeliendum
849 4260 1188 4327 delatum:
1257 4263 1528 4327 resusci-

331 4350 498 4414 tavit
545 4352 749 4415 etiam
797 4360 867 4415 et
917 4350 1208 4415 lazarum
1261 4350 1526 4435 quadri-

436 4486 448 4515 ¹
484 4484 603 4536 dicit
631 4502 643 4537 :
680 4484 742 4536 N.

764 4554 783 4585 ⁴
817 4552 1206 4617 quatriduanus:
1241 4553 1306 4603 N.

1243 4488 1264 4518 ²
1293 4487 1502 4539 Cesari:
1536 4488 1619 4539 W.

2150 444 2311 499 650

1641 548 1935 614 duanum
1960 549 1987 588 ⁸
2038 559 2369 614 mortuum
2424 548 2565 633 jam
2628 549 2837 616 feten-

1639 646 1777 701 tem
1810 639 1877 701 in
1912 646 2359 704 monumento,
2454 638 2668 702 Lectio
2697 640 2837 721 viij.

1665 727 1947 860 Trina
1976 747 2263 809 namque
2296 737 2703 792 mortuorum
2737 748 2835 792 re-

1804 815 2183 879 suscitatio:
2230 815 2451 902 signat
2482 817 2639 897 quia
2683 835 2835 898 pec-

1636 913 1863 967 catum
1894 903 2105 968 tribus
2150 904 2367 967 modis
2412 905 2477 967 in
2509 914 2733 968 mente
2764 913 2833 967 et

1637 992 1849 1057 tribus
1880 1000 2295 1074 perpetratur
2324 992 2389 1054 in
2414 1012 2701 1075 corpore.
2752 992 2831 1055 In

1639 1090 1863 1145 mente
1908 1081 2127 1164 agitur
2156 1081 2582 1162 suggestione
2613 1080 2837 1144 delec-

1638 1171 1890 1232 tatione
1921 1179 1990 1232 et
2012 1189 2349 1233 consensu.
2444 1169 2524 1231 In
2554 1189 2829 1251 corpore

1637 1258 1839 1320 etiam
1863 1257 2223 1340 aliquando
2246 1255 2503 1321 occulte
2535 1257 2833 1340 aliquan-

1636 1345 1728 1407 do
1758 1343 1982 1428 palam
2011 1365 2027 1410 ε
2072 1355 2139 1409 et
2170 1344 2528 1428 aliquando
2558 1366 2832 1410 consue-

1635 1433 1883 1498 tudine.
1932 1432 2067 1516 Qui
2098 1453 2255 1498 vero
2284 1434 2539 1498 occulte
2567 1443 2834 1517 peccat:

1636 1522 1828 1604 quasi
1872 1522 2042 1586 infra
2085 1523 2361 1587 domum
2406 1532 2704 1587 mortuus
2728 1521 2831 1605 ja-

1633 1619 1781 1676 cet:
1826 1611 1945 1674 sed
1978 1629 2129 1674 cum
2162 1610 2386 1675 divina
2428 1611 2643 1694 gratia
2688 1611 2830 1692 ejus

1634 1717 1747 1764 cor
1776 1699 1863 1762 ad
1909 1699 2342 1780 penitentiam
2373 1699 2700 1781 agendam
2733 1699 2833 1761 in-

1634 1785 1936 1850 flammat
1958 1787 2147 1869 quasi
2174 1787 2339 1849 infra
2361 1788 2637 1850 domum
2657 1807 2831 1850 mor-

1633 1884 1789 1938 tuus
1862 1875 2298 1938 resuscitatur.
2411 1875 2611 1965 'IJales
2672 1895 2831 1958 ergo

1635 1963 1922 2044 signavit
1952 1963 2085 2026 filia
2116 1962 2615 2045 archisinagogi.

1771 2051 1835 2114 ui
1890 2060 2111 2115 autem
2161 2050 2393 2114 fratres
2455 2051 2693 2134 [Lectio
2744 2051 2829 2118 ix.

1771 2139 2117 2204 manifeste
2149 2148 2381 2221 peccat
2410 2141 2598 2222 quasi
2636 2149 2830 2203 extra

1633 2237 1895 2310 portam
1928 2229 2210 2292 civitatis
2254 2229 2338 2290 ad
2372 2228 2826 2310 sepeliendum

1635 2324 1935 2380 mortuus
1994 2315 2365 2398 expellitur.
2476 2317 2612 2382 Sed
2676 2335 2827 2379 cum

1633 2403 1803 2468 tales
1862 2424 1982 2487 per
2037 2405 2331 2469 divinam
2402 2405 2708 2488 gratiam·
2759 2413 2829 2468 et

1633 2492 1912 2557 aliorum
1964 2494 2437 2559 correctionem
2495 2493 2583 2557 ad
2644 2493 2828 2577 peni-

1631 2582 1912 2647 tentiam
1994 2590 2564 2665 compurguntur:
2638 2582 2827 2665 quasi

1631 2680 1993 2754 antequam
2053 2672 2139 2735 ad
2200 2668 2547 2753 sepulchra
2598 2690 2829 2753 perve-

1633 2758 1819 2824 niant
1884 2780 1925 2825 a
1997 2760 2269 2824 domino
2343 2758 2827 2823 resuscitantur.

1637 2846 1787 2911 Hos
1860 2868 2019 2930 ergo
2091 2848 2377 2931 signavit
2443 2847 2829 2911 adolescens

1631 2934 1805 2999 filius
1834 2936 2034 3001 vidue
2062 2957 2261 3020 quem
2292 2936 2604 3000 dominus
2634 2945 2829 2999 extra

1631 3034 1859 3107 portas
1881 3025 2163 3089 civitatis
2182 3025 2610 3089 resuscitavit.
2654 3025 2828 3089 Sunt

1630 3113 1807 3177 enim
1839 3122 1905 3177 et
1935 3113 2043 3177 alii
2092 3115 2203 3196 qui
2250 3134 2385 3177 non
2414 3112 2628 3187 solum
2661 3112 2829 3196 pub-

1629 3198 1753 3265 lice
1778 3221 2049 3282 peccare
2080 3222 2211 3266 non
2242 3202 2665 3266 erubescunt:
2707 3200 2827 3263 sed

1631 3287 1834 3353 etiam
1884 3290 2099 3373 ipsum
2153 3300 2501 3373 peccatum
2564 3290 2632 3352 in
2685 3288 2826 3351 lon-

1629 3396 1787 3459 gam
1880 3379 2426 3443 consuetudinem
2515 3384 2825 3441 vertunt:

1629 3464 1861 3547 quales
1919 3466 2207 3548 signavit
2258 3465 2513 3529 lazarus
2560 3465 2825 3547 quadri-

1629 3554 1890 3617 duanus
1908 3554 1931 3591 ⁴
1958 3563 2270 3619 mortuus,
2316 3553 2403 3617 In
2430 3573 2686 3635 evange.
2717 3561 2824 3617 αῆ.

1633 3640 1985 3725 Loquente
2031 3643 2189 3724 Jesu
2241 3642 2327 3705 ad
2385 3643 2611 3706 turbas
2671 3660 2825 3706 ecce

1629 3731 1933 3813 princeps
1962 3752 2133 3795 unus
2177 3731 2453 3796 accessit
2492 3740 2560 3794 et
2592 3729 2827 3793 adora-

1627 3819 1726 3883 vit
1784 3839 1937 3883 eum
2007 3820 2283 3884 dicens:
2359 3819 2629 3883 domine
2688 3817 2827 3881 filia

1629 3926 1779 3971 mea
1810 3908 2013 3972 modo
2044 3907 2355 3972 defuncta
2396 3916 2497 3971 est
2525 3908 2641 3971 sed
2672 3906 2823 3970 veni

1627 3996 1897 4079 impone
1929 4016 2198 4061 manum
2230 4006 2415 4059 tuam
2446 4015 2645 4077 super
2672 4014 2823 4059 eam

1627 4094 1695 4147 et
1719 4085 1743 4121 ³
1774 4085 1967 4150 vivet.
2029 4084 2307 4149 alleluia.
2354 4093 2453 4167 pff.
2506 4084 2825 4149 Benedic-

1626 4180 1749 4237 tuS.
2578 4172 2823 4238 Oratio,

1623 4260 2017 4393 Absolve
2108 4280 2465 4344 quesumus
2553 4260 2824 4327 domine

1700 4418 1705 4421 ,
1794 4360 2055 4413 tuorum
2124 4349 2367 4415 delicta
2426 4349 2822 4433 populorum

1725 4488 1754 4585 ’ὃ
1778 4486 2193 4604 ᾳιιῗῐτὶᾶααηιῗῖιιε
2228 4486 2387 4539 W.N.

1792 4558 1849 4602 ‘e
1890 4552 2053 4605 ’om.:
2144 4590 2156 4605 .
