<?xml version="1.0" encoding="UTF-8"?>
<!DOCTYPE html PUBLIC "-//W3C//DTD XHTML 1.0 Transitional//EN"
    "http://www.w3.org/TR/xhtml1/DTD/xhtml1-transitional.dtd">
<html xmlns="http://www.w3.org/1999/xhtml" xml:lang="en" lang="en">
 <head>
  <title>
</title>
<meta http-equiv="Content-Type" content="text/html;charset=utf-8" />
  <meta name='ocr-system' content='tesseract 3.04.00' />
  <meta name='ocr-capabilities' content='ocr_page ocr_carea ocr_par ocr_line ocrx_word'/>
</head>
<body>
  <div class='ocr_page' id='page_1' title='image "./publicationssur05unkngoog_0293.png"; bbox 0 0 3375 5100; ppageno 0'>
   <div class='ocr_carea' id='block_1_1' title="bbox 1583 374 1996 431">
    <p class='ocr_par' dir='ltr' id='par_1_1' title="bbox 1583 374 1996 431">
     <span class='ocr_line' id='line_1_1' title="bbox 1583 374 1996 431; baseline -0.005 0"><span class='ocrx_word' id='word_1_1' title='bbox 1583 376 1690 431; x_wconf 89' lang='lat' dir='ltr'>IN</span> <span class='ocrx_word' id='word_1_2' title='bbox 1728 374 1996 430; x_wconf 87' lang='lat' dir='ltr'><em>FESTO</em></span> 
     </span>
    </p>
   </div>
   <div class='ocr_carea' id='block_1_2' title="bbox 1050 486 1187 543">
    <p class='ocr_par' dir='ltr' id='par_1_2' title="bbox 1050 486 1187 543">
     <span class='ocr_line' id='line_1_2' title="bbox 1050 486 1187 543; baseline 0.007 -2"><span class='ocrx_word' id='word_1_3' title='bbox 1050 486 1187 543; x_wconf 75' lang='lat'>581</span> 
     </span>
    </p>
   </div>
   <div class='ocr_carea' id='block_1_3' title="bbox 458 592 1718 3594">
    <p class='ocr_par' dir='ltr' id='par_1_3' title="bbox 458 592 1718 3594">
     <span class='ocr_line' id='line_1_3' title="bbox 518 592 1718 676; baseline 0 -20"><span class='ocrx_word' id='word_1_4' title='bbox 518 594 905 657; x_wconf 85' lang='lat' dir='ltr'>memoriam</span> <span class='ocrx_word' id='word_1_5' title='bbox 928 592 1244 676; x_wconf 82' lang='lat' dir='ltr'><strong>reliquisti</strong></span> <span class='ocrx_word' id='word_1_6' title='bbox 1274 616 1288 658; x_wconf 93' lang='lat'>:</span> <span class='ocrx_word' id='word_1_7' title='bbox 1318 594 1537 657; x_wconf 81' lang='lat' dir='ltr'><strong>tribue</strong></span> <span class='ocrx_word' id='word_1_8' title='bbox 1556 613 1718 675; x_wconf 91' lang='lat' dir='ltr'>que-</span> 
     </span>
     <span class='ocr_line' id='line_1_4' title="bbox 513 683 1716 765; baseline 0.002 -22"><span class='ocrx_word' id='word_1_9' title='bbox 513 702 780 746; x_wconf 86' lang='lat' dir='ltr'>sumus:</span> <span class='ocrx_word' id='word_1_10' title='bbox 827 684 920 745; x_wconf 89' lang='lat' dir='ltr'>ita</span> <span class='ocrx_word' id='word_1_11' title='bbox 964 703 1086 745; x_wconf 90' lang='lat' dir='ltr'>nos</span> <span class='ocrx_word' id='word_1_12' title='bbox 1131 683 1419 765; x_wconf 88' lang='lat' dir='ltr'>corporis</span> <span class='ocrx_word' id='word_1_13' title='bbox 1464 691 1533 745; x_wconf 91' lang='lat' dir='ltr'>et</span> <span class='ocrx_word' id='word_1_14' title='bbox 1562 702 1716 745; x_wconf 88' lang='lat' dir='ltr'>san-</span> 
     </span>
     <span class='ocr_line' id='line_1_5' title="bbox 514 771 1714 854; baseline 0.001 -21"><span class='ocrx_word' id='word_1_15' title='bbox 514 772 729 853; x_wconf 87' lang='lat' dir='ltr'>guinis</span> <span class='ocrx_word' id='word_1_16' title='bbox 740 772 834 835; x_wconf 91' lang='lat' dir='ltr'>tui</span> <span class='ocrx_word' id='word_1_17' title='bbox 848 792 1033 835; x_wconf 91' lang='lat' dir='ltr'>sacra</span> <span class='ocrx_word' id='word_1_18' title='bbox 1046 773 1359 854; x_wconf 88' lang='lat' dir='ltr'>mysteria</span> <span class='ocrx_word' id='word_1_19' title='bbox 1380 771 1672 834; x_wconf 90' lang='lat' dir='ltr'>venerari</span> <span class='ocrx_word' id='word_1_20' title='bbox 1699 792 1714 834; x_wconf 91' lang='lat'>:</span> 
     </span>
     <span class='ocr_line' id='line_1_6' title="bbox 515 860 1710 942; baseline 0 -21"><span class='ocrx_word' id='word_1_21' title='bbox 515 867 589 921; x_wconf 91' lang='lat' dir='ltr'>ut</span> <span class='ocrx_word' id='word_1_22' title='bbox 635 860 1107 942; x_wconf 88' lang='lat' dir='ltr'>redemptionis</span> <span class='ocrx_word' id='word_1_23' title='bbox 1152 868 1266 923; x_wconf 88' lang='lat' dir='ltr'>tue</span> <span class='ocrx_word' id='word_1_24' title='bbox 1311 860 1595 924; x_wconf 86' lang='lat' dir='ltr'>fructum</span> <span class='ocrx_word' id='word_1_25' title='bbox 1643 860 1710 921; x_wconf 89' lang='lat' dir='ltr'>in</span> 
     </span>
     <span class='ocr_line' id='line_1_7' title="bbox 512 947 1708 1030; baseline -0.001 -20"><span class='ocrx_word' id='word_1_26' title='bbox 512 948 703 1011; x_wconf 87' lang='lat' dir='ltr'>nobis</span> <span class='ocrx_word' id='word_1_27' title='bbox 767 947 1014 1030; x_wconf 87' lang='lat' dir='ltr'>jugiter</span> <span class='ocrx_word' id='word_1_28' title='bbox 1082 948 1463 1012; x_wconf 82' lang='lat' dir='ltr'>sentiamus,</span> <span class='ocrx_word' id='word_1_29' title='bbox 1571 947 1708 1030; x_wconf 83' lang='lat' dir='ltr'>Qui</span> 
     </span>
     <span class='ocr_line' id='line_1_8' title="bbox 510 1036 1706 1118; baseline 0.002 -20"><span class='ocrx_word' id='word_1_30' title='bbox 510 1036 675 1099; x_wconf 90' lang='lat' dir='ltr'>vivis</span> <span class='ocrx_word' id='word_1_31' title='bbox 727 1046 795 1099; x_wconf 93' lang='lat' dir='ltr'>et</span> <span class='ocrx_word' id='word_1_32' title='bbox 843 1056 1081 1117; x_wconf 88' lang='lat' dir='ltr'>regnas</span> <span class='ocrx_word' id='word_1_33' title='bbox 1130 1056 1279 1101; x_wconf 92' lang='lat' dir='ltr'>cum</span> <span class='ocrx_word' id='word_1_34' title='bbox 1336 1036 1463 1099; x_wconf 91' lang='lat' dir='ltr'>deo</span> <span class='ocrx_word' id='word_1_35' title='bbox 1516 1037 1706 1118; x_wconf 89' lang='lat' dir='ltr'>patri.</span> 
     </span>
     <span class='ocr_line' id='line_1_9' title="bbox 507 1123 1710 1207; baseline 0.002 -22"><span class='ocrx_word' id='word_1_36' title='bbox 507 1134 613 1187; x_wconf 77' lang='lat' dir='ltr'>etc,</span> <span class='ocrx_word' id='word_1_37' title='bbox 711 1123 1201 1206; x_wconf 81' lang='lat' dir='ltr'>Completorium</span> <span class='ocrx_word' id='word_1_38' title='bbox 1229 1145 1376 1188; x_wconf 84' lang='lat' dir='ltr'>vero</span> <span class='ocrx_word' id='word_1_39' title='bbox 1387 1124 1529 1207; x_wconf 86' lang='lat' dir='ltr'>fiat</span> <span class='ocrx_word' id='word_1_40' title='bbox 1540 1128 1710 1187; x_wconf 83' lang='lat' dir='ltr'>sicut</span> 
     </span>
     <span class='ocr_line' id='line_1_10' title="bbox 506 1211 1702 1295; baseline 0.001 -21"><span class='ocrx_word' id='word_1_41' title='bbox 506 1212 581 1275; x_wconf 85' lang='lat' dir='ltr'>in</span> <span class='ocrx_word' id='word_1_42' title='bbox 652 1212 831 1295; x_wconf 85' lang='lat' dir='ltr'><em>festo</em></span> <span class='ocrx_word' id='word_1_43' title='bbox 904 1222 1119 1275; x_wconf 83' lang='lat' dir='ltr'>sancte</span> <span class='ocrx_word' id='word_1_44' title='bbox 1180 1211 1503 1275; x_wconf 82' lang='lat' dir='ltr'><em>trinitatis</em></span> <span class='ocrx_word' id='word_1_45' title='bbox 1558 1234 1702 1276; x_wconf 87' lang='lat' dir='ltr'>cum</span> 
     </span>
     <span class='ocr_line' id='line_1_11' title="bbox 505 1300 1702 1379; baseline 0.003 -17"><span class='ocrx_word' id='word_1_46' title='bbox 505 1300 757 1379; x_wconf 77' lang='lat' dir='ltr'>hymno,</span> <span class='ocrx_word' id='word_1_47' title='bbox 848 1301 1157 1366; x_wconf 86' lang='lat' dir='ltr'>Salvator</span> <span class='ocrx_word' id='word_1_48' title='bbox 1204 1302 1479 1365; x_wconf 90' lang='lat' dir='ltr'>mundi:</span> <span class='ocrx_word' id='word_1_49' title='bbox 1524 1310 1588 1364; x_wconf 85' lang='lat' dir='ltr'>et</span> <span class='ocrx_word' id='word_1_50' title='bbox 1629 1302 1702 1365; x_wconf 87' lang='lat' dir='ltr'>in</span> 
     </span>
     <span class='ocr_line' id='line_1_12' title="bbox 485 1388 1702 1470; baseline 0.003 -20"><span class='ocrx_word' id='word_1_51' title='bbox 485 1388 634 1470; x_wconf 85' lang='lat' dir='ltr'>fine</span> <span class='ocrx_word' id='word_1_52' title='bbox 657 1388 897 1470; x_wconf 82' lang='lat' dir='ltr'>hymni.</span> <span class='ocrx_word' id='word_1_53' title='bbox 988 1389 1217 1454; x_wconf 85' lang='lat' dir='ltr'>Gloria</span> <span class='ocrx_word' id='word_1_54' title='bbox 1264 1389 1385 1453; x_wconf 91' lang='lat' dir='ltr'>tibi</span> <span class='ocrx_word' id='word_1_55' title='bbox 1431 1390 1702 1454; x_wconf 87' lang='lat' dir='ltr'>domine</span> 
     </span>
     <span class='ocr_line' id='line_1_13' title="bbox 500 1477 1706 1563; baseline 0.002 -25"><span class='ocrx_word' id='word_1_56' title='bbox 500 1477 614 1558; x_wconf 89' lang='lat' dir='ltr'>qui</span> <span class='ocrx_word' id='word_1_57' title='bbox 648 1486 843 1563; x_wconf 84' lang='lat' dir='ltr'>natus</span> <span class='ocrx_word' id='word_1_58' title='bbox 873 1498 961 1541; x_wconf 79' lang='lat' dir='ltr'>eS.</span> <span class='ocrx_word' id='word_1_59' title='bbox 1050 1477 1187 1540; x_wconf 90' lang='lat' dir='ltr'>Hic</span> <span class='ocrx_word' id='word_1_60' title='bbox 1206 1498 1430 1540; x_wconf 86' lang='lat' dir='ltr'>versus</span> <span class='ocrx_word' id='word_1_61' title='bbox 1444 1478 1706 1541; x_wconf 86' lang='lat' dir='ltr'>dicatur</span> 
     </span>
     <span class='ocr_line' id='line_1_14' title="bbox 500 1565 1696 1648; baseline 0.003 -21"><span class='ocrx_word' id='word_1_62' title='bbox 500 1565 575 1627; x_wconf 82' lang='lat' dir='ltr'>in</span> <span class='ocrx_word' id='word_1_63' title='bbox 600 1565 749 1647; x_wconf 85' lang='lat' dir='ltr'>fine</span> <span class='ocrx_word' id='word_1_64' title='bbox 772 1566 1061 1629; x_wconf 84' lang='lat' dir='ltr'>omnium</span> <span class='ocrx_word' id='word_1_65' title='bbox 1118 1566 1501 1646; x_wconf 77' lang='lat' dir='ltr'>hymnorum</span> <span class='ocrx_word' id='word_1_66' title='bbox 1548 1588 1696 1648; x_wconf 83' lang='lat' dir='ltr'><em>quo-</em></span> 
     </span>
     <span class='ocr_line' id='line_1_15' title="bbox 498 1654 1699 1736; baseline 0.002 -21"><span class='ocrx_word' id='word_1_67' title='bbox 498 1672 647 1716; x_wconf 78' lang='lat' dir='ltr'>rum</span> <span class='ocrx_word' id='word_1_68' title='bbox 708 1664 906 1717; x_wconf 86' lang='lat' dir='ltr'>metro</span> <span class='ocrx_word' id='word_1_69' title='bbox 950 1654 1240 1717; x_wconf 80' lang='lat' dir='ltr'><em>convenit</em></span> <span class='ocrx_word' id='word_1_70' title='bbox 1278 1665 1405 1736; x_wconf 85' lang='lat' dir='ltr'>per</span> <span class='ocrx_word' id='word_1_71' title='bbox 1442 1664 1699 1718; x_wconf 83' lang='lat' dir='ltr'>octavas</span> 
     </span>
     <span class='ocr_line' id='line_1_16' title="bbox 490 1742 1696 1824; baseline 0.002 -20"><span class='ocrx_word' id='word_1_72' title='bbox 490 1742 687 1805; x_wconf 83' lang='lat' dir='ltr'>etiam</span> <span class='ocrx_word' id='word_1_73' title='bbox 730 1743 796 1805; x_wconf 87' lang='lat' dir='ltr'>si</span> <span class='ocrx_word' id='word_1_74' title='bbox 820 1743 897 1805; x_wconf 79' lang='lat' dir='ltr'>de</span> <span class='ocrx_word' id='word_1_75' title='bbox 924 1742 1164 1806; x_wconf 70' lang='lat' dir='ltr'>sanctis·</span> <span class='ocrx_word' id='word_1_76' title='bbox 1191 1753 1434 1824; x_wconf 83' lang='lat' dir='ltr'><em>agatur</em></span> <span class='ocrx_word' id='word_1_77' title='bbox 1461 1743 1596 1807; x_wconf 84' lang='lat' dir='ltr'>nisi</span> <span class='ocrx_word' id='word_1_78' title='bbox 1624 1744 1696 1807; x_wconf 86' lang='lat' dir='ltr'>in</span> 
     </span>
     <span class='ocr_line' id='line_1_17' title="bbox 491 1830 1469 1914; baseline 0.004 -23"><span class='ocrx_word' id='word_1_79' title='bbox 491 1830 724 1910; x_wconf 81' lang='lat' dir='ltr'><em>hymno</em></span> <span class='ocrx_word' id='word_1_80' title='bbox 766 1831 1062 1895; x_wconf 90' lang='lat' dir='ltr'>Verbum</span> <span class='ocrx_word' id='word_1_81' title='bbox 1096 1852 1469 1914; x_wconf 86' lang='lat' dir='ltr'>supernum.</span> 
     </span>
     <span class='ocr_line' id='line_1_18' title="bbox 488 1918 1685 1985; baseline 0.003 -4"><span class='ocrx_word' id='word_1_82' title='bbox 488 1918 617 1981; x_wconf 78' lang='lat' dir='ltr'>Ad</span> <span class='ocrx_word' id='word_1_83' title='bbox 667 1918 920 1983; x_wconf 84' lang='lat' dir='ltr'>matuti.</span> <span class='ocrx_word' id='word_1_84' title='bbox 966 1919 1271 1983; x_wconf 75' lang='lat' dir='ltr'>Invitata.</span> <span class='ocrx_word' id='word_1_85' title='bbox 1349 1918 1685 1985; x_wconf 87' lang='lat' dir='ltr'>Christum</span> 
     </span>
     <span class='ocr_line' id='line_1_19' title="bbox 488 2008 1683 2089; baseline 0.003 -20"><span class='ocrx_word' id='word_1_86' title='bbox 488 2027 715 2089; x_wconf 86' lang='lat' dir='ltr'>regem</span> <span class='ocrx_word' id='word_1_87' title='bbox 791 2009 1143 2072; x_wconf 88' lang='lat' dir='ltr'>adoremus</span> <span class='ocrx_word' id='word_1_88' title='bbox 1222 2008 1683 2073; x_wconf 88' lang='lat' dir='ltr'>dominantem</span> 
     </span>
     <span class='ocr_line' id='line_1_20' title="bbox 486 2096 1683 2179; baseline 0.003 -21"><span class='ocrx_word' id='word_1_89' title='bbox 486 2096 813 2177; x_wconf 89' lang='lat' dir='ltr'>gentibus.</span> <span class='ocrx_word' id='word_1_90' title='bbox 881 2096 1014 2179; x_wconf 82' lang='lat' dir='ltr'>Qui</span> <span class='ocrx_word' id='word_1_91' title='bbox 1034 2118 1106 2160; x_wconf 90' lang='lat' dir='ltr'>se</span> <span class='ocrx_word' id='word_1_92' title='bbox 1125 2097 1683 2161; x_wconf 83' lang='lat' dir='ltr'>manducantibus</span> 
     </span>
     <span class='ocr_line' id='line_1_21' title="bbox 482 2185 1680 2268; baseline 0.004 -22"><span class='ocrx_word' id='word_1_93' title='bbox 482 2185 601 2247; x_wconf 94' lang='lat' dir='ltr'>dat</span> <span class='ocrx_word' id='word_1_94' title='bbox 674 2186 943 2267; x_wconf 86' lang='lat' dir='ltr'>spiritus</span> <span class='ocrx_word' id='word_1_95' title='bbox 1014 2186 1505 2267; x_wconf 85' lang='lat' dir='ltr'>pinguedinem.</span> <span class='ocrx_word' id='word_1_96' title='bbox 1578 2196 1680 2268; x_wconf 62' lang='lat' dir='ltr'>pf.</span> 
     </span>
     <span class='ocr_line' id='line_1_22' title="bbox 480 2273 1675 2354; baseline 0.003 -19"><span class='ocrx_word' id='word_1_97' title='bbox 480 2273 741 2337; x_wconf 89' lang='lat' dir='ltr'>Venite.</span> <span class='ocrx_word' id='word_1_98' title='bbox 1350 2274 1675 2354; x_wconf 89' lang='lat' dir='ltr'>Hymnus.</span> 
     </span>
     <span class='ocr_line' id='line_1_23' title="bbox 475 2361 1677 2495; baseline 0.002 -70"><span class='ocrx_word' id='word_1_99' title='bbox 475 2362 777 2495; x_wconf 68' lang='lat' dir='ltr'>Sacris</span> <span class='ocrx_word' id='word_1_100' title='bbox 870 2361 1183 2425; x_wconf 89' lang='lat' dir='ltr'>solenniis</span> <span class='ocrx_word' id='word_1_101' title='bbox 1242 2361 1474 2442; x_wconf 89' lang='lat' dir='ltr'>juncta</span> <span class='ocrx_word' id='word_1_102' title='bbox 1542 2364 1677 2428; x_wconf 91' lang='lat' dir='ltr'>sint</span> 
     </span>
     <span class='ocr_line' id='line_1_24' title="bbox 605 2449 1678 2532; baseline 0.003 -20"><span class='ocrx_word' id='word_1_103' title='bbox 605 2449 849 2532; x_wconf 91' lang='lat' dir='ltr'>gaudia</span> <span class='ocrx_word' id='word_1_104' title='bbox 923 2459 989 2514; x_wconf 94' lang='lat' dir='ltr'>et</span> <span class='ocrx_word' id='word_1_105' title='bbox 1036 2471 1123 2513; x_wconf 85' lang='lat' dir='ltr'>ex</span> <span class='ocrx_word' id='word_1_106' title='bbox 1169 2451 1524 2532; x_wconf 84' lang='lat' dir='ltr'>precordiis</span> <span class='ocrx_word' id='word_1_107' title='bbox 1571 2472 1678 2515; x_wconf 91' lang='lat' dir='ltr'>so-</span> 
     </span>
     <span class='ocr_line' id='line_1_25' title="bbox 476 2538 1675 2622; baseline 0.004 -22"><span class='ocrx_word' id='word_1_108' title='bbox 476 2548 637 2602; x_wconf 92' lang='lat' dir='ltr'>nent</span> <span class='ocrx_word' id='word_1_109' title='bbox 711 2538 1021 2622; x_wconf 90' lang='lat' dir='ltr'>preconia</span> <span class='ocrx_word' id='word_1_110' title='bbox 1080 2538 1392 2603; x_wconf 84' lang='lat' dir='ltr'>recedant</span> <span class='ocrx_word' id='word_1_111' title='bbox 1450 2548 1675 2605; x_wconf 90' lang='lat' dir='ltr'>vetera</span> 
     </span>
     <span class='ocr_line' id='line_1_26' title="bbox 474 2628 1673 2695; baseline 0.006 -7"><span class='ocrx_word' id='word_1_112' title='bbox 474 2647 650 2690; x_wconf 90' lang='lat' dir='ltr'>nova</span> <span class='ocrx_word' id='word_1_113' title='bbox 680 2629 811 2691; x_wconf 92' lang='lat' dir='ltr'>sint</span> <span class='ocrx_word' id='word_1_114' title='bbox 863 2628 1089 2692; x_wconf 88' lang='lat' dir='ltr'>omnia</span> <span class='ocrx_word' id='word_1_115' title='bbox 1133 2628 1335 2691; x_wconf 87' lang='lat' dir='ltr'>corda</span> <span class='ocrx_word' id='word_1_116' title='bbox 1364 2649 1559 2693; x_wconf 85' lang='lat' dir='ltr'>voces</span> <span class='ocrx_word' id='word_1_117' title='bbox 1606 2640 1673 2695; x_wconf 90' lang='lat' dir='ltr'>et</span> 
     </span>
     <span class='ocr_line' id='line_1_27' title="bbox 473 2716 1674 2797; baseline 0.004 -20"><span class='ocrx_word' id='word_1_118' title='bbox 473 2734 693 2797; x_wconf 84' lang='lat' dir='ltr'>opera.</span> <span class='ocrx_word' id='word_1_119' title='bbox 825 2716 1067 2780; x_wconf 90' lang='lat' dir='ltr'>Noctis</span> <span class='ocrx_word' id='word_1_120' title='bbox 1142 2716 1449 2780; x_wconf 86' lang='lat' dir='ltr'>recolitur</span> <span class='ocrx_word' id='word_1_121' title='bbox 1508 2738 1674 2783; x_wconf 92' lang='lat' dir='ltr'>cena</span> 
     </span>
     <span class='ocr_line' id='line_1_28' title="bbox 472 2804 1673 2886; baseline 0.004 -21"><span class='ocrx_word' id='word_1_122' title='bbox 472 2805 831 2866; x_wconf 88' lang='lat' dir='ltr'>novissima</span> <span class='ocrx_word' id='word_1_123' title='bbox 862 2825 997 2886; x_wconf 87' lang='lat' dir='ltr'>qua</span> <span class='ocrx_word' id='word_1_124' title='bbox 1044 2804 1351 2869; x_wconf 90' lang='lat' dir='ltr'>Christus</span> <span class='ocrx_word' id='word_1_125' title='bbox 1381 2807 1673 2870; x_wconf 89' lang='lat' dir='ltr'>creditur</span> 
     </span>
     <span class='ocr_line' id='line_1_29' title="bbox 470 2893 1670 2974; baseline 0.003 -20"><span class='ocrx_word' id='word_1_126' title='bbox 470 2910 717 2973; x_wconf 90' lang='lat' dir='ltr'>agnum</span> <span class='ocrx_word' id='word_1_127' title='bbox 740 2902 806 2956; x_wconf 91' lang='lat' dir='ltr'>et</span> <span class='ocrx_word' id='word_1_128' title='bbox 830 2912 1065 2974; x_wconf 88' lang='lat' dir='ltr'>azyma</span> <span class='ocrx_word' id='word_1_129' title='bbox 1085 2893 1345 2956; x_wconf 90' lang='lat' dir='ltr'>dedisse</span> <span class='ocrx_word' id='word_1_130' title='bbox 1364 2893 1670 2958; x_wconf 87' lang='lat' dir='ltr'>fratribus</span> 
     </span>
     <span class='ocr_line' id='line_1_30' title="bbox 463 2978 1667 3064; baseline 0.005 -23"><span class='ocrx_word' id='word_1_131' title='bbox 463 2978 665 3061; x_wconf 85' lang='lat' dir='ltr'>juxta</span> <span class='ocrx_word' id='word_1_132' title='bbox 724 2980 1058 3062; x_wconf 88' lang='lat' dir='ltr'>legitima¹</span> <span class='ocrx_word' id='word_1_133' title='bbox 1109 2982 1337 3064; x_wconf 90' lang='lat' dir='ltr'>priscis</span> <span class='ocrx_word' id='word_1_134' title='bbox 1413 2982 1667 3048; x_wconf 91' lang='lat' dir='ltr'>indulta</span> 
     </span>
     <span class='ocr_line' id='line_1_31' title="bbox 469 3068 1664 3152; baseline 0.004 -22"><span class='ocrx_word' id='word_1_135' title='bbox 469 3068 781 3149; x_wconf 87' lang='lat' dir='ltr'>patribus.</span> <span class='ocrx_word' id='word_1_136' title='bbox 873 3069 1045 3133; x_wconf 89' lang='lat' dir='ltr'>Post</span> <span class='ocrx_word' id='word_1_137' title='bbox 1086 3089 1334 3151; x_wconf 89' lang='lat' dir='ltr'>agnum</span> <span class='ocrx_word' id='word_1_138' title='bbox 1364 3071 1664 3152; x_wconf 91' lang='lat' dir='ltr'>typicum</span> 
     </span>
     <span class='ocr_line' id='line_1_32' title="bbox 466 3157 1666 3240; baseline 0.003 -22"><span class='ocrx_word' id='word_1_139' title='bbox 466 3157 757 3239; x_wconf 85' lang='lat' dir='ltr'>expletis</span> <span class='ocrx_word' id='word_1_140' title='bbox 816 3157 1025 3240; x_wconf 90' lang='lat' dir='ltr'>epulis</span> <span class='ocrx_word' id='word_1_141' title='bbox 1084 3179 1322 3240; x_wconf 89' lang='lat' dir='ltr'>corpus</span> <span class='ocrx_word' id='word_1_142' title='bbox 1382 3161 1666 3224; x_wconf 87' lang='lat' dir='ltr'>domini-</span> 
     </span>
     <span class='ocr_line' id='line_1_33' title="bbox 463 3246 1661 3329; baseline 0.003 -21"><span class='ocrx_word' id='word_1_143' title='bbox 463 3265 617 3308; x_wconf 91' lang='lat' dir='ltr'>cum</span> <span class='ocrx_word' id='word_1_144' title='bbox 650 3246 883 3309; x_wconf 89' lang='lat' dir='ltr'>datum</span> <span class='ocrx_word' id='word_1_145' title='bbox 917 3247 1259 3329; x_wconf 89' lang='lat' dir='ltr'>discipulis</span> <span class='ocrx_word' id='word_1_146' title='bbox 1304 3247 1398 3311; x_wconf 91' lang='lat' dir='ltr'>sic</span> <span class='ocrx_word' id='word_1_147' title='bbox 1442 3257 1661 3312; x_wconf 90' lang='lat' dir='ltr'>totum</span> 
     </span>
     <span class='ocr_line' id='line_1_34' title="bbox 462 3334 1662 3418; baseline 0.003 -21"><span class='ocrx_word' id='word_1_148' title='bbox 462 3335 773 3398; x_wconf 89' lang='lat' dir='ltr'>omnibus</span> <span class='ocrx_word' id='word_1_149' title='bbox 832 3334 1011 3418; x_wconf 90' lang='lat' dir='ltr'>quod</span> <span class='ocrx_word' id='word_1_150' title='bbox 1093 3344 1307 3398; x_wconf 89' lang='lat' dir='ltr'>totum</span> <span class='ocrx_word' id='word_1_151' title='bbox 1385 3337 1662 3418; x_wconf 89' lang='lat' dir='ltr'>singulis</span> 
     </span>
     <span class='ocr_line' id='line_1_35' title="bbox 460 3422 1661 3504; baseline 0.003 -19"><span class='ocrx_word' id='word_1_152' title='bbox 460 3422 603 3504; x_wconf 89' lang='lat' dir='ltr'>ejus</span> <span class='ocrx_word' id='word_1_153' title='bbox 665 3423 950 3486; x_wconf 86' lang='lat' dir='ltr'>fatemur</span> <span class='ocrx_word' id='word_1_154' title='bbox 1024 3424 1343 3487; x_wconf 70' lang='lat' dir='ltr'>manibus</span> <span class='ocrx_word' id='word_1_155' title='bbox 1446 3424 1661 3489; x_wconf 88' lang='lat' dir='ltr'>Dedit</span> 
     </span>
     <span class='ocr_line' id='line_1_36' title="bbox 458 3511 1659 3594; baseline 0.003 -20"><span class='ocrx_word' id='word_1_156' title='bbox 458 3511 795 3594; x_wconf 86' lang='lat' dir='ltr'>fragilibus</span> <span class='ocrx_word' id='word_1_157' title='bbox 826 3513 1116 3594; x_wconf 89' lang='lat' dir='ltr'>corporis</span> <span class='ocrx_word' id='word_1_158' title='bbox 1136 3511 1450 3576; x_wconf 86' lang='lat' dir='ltr'>ferculum</span> <span class='ocrx_word' id='word_1_159' title='bbox 1472 3514 1659 3578; x_wconf 91' lang='lat' dir='ltr'>dedit</span> 
     </span>
    </p>
   </div>
   <div class='ocr_carea' id='block_1_4' title="bbox 456 3601 1732 3684">
    <p class='ocr_par' dir='ltr' id='par_1_4' title="bbox 456 3601 1732 3684">
     <span class='ocr_line' id='line_1_37' title="bbox 456 3601 1732 3684; baseline 0.004 -22"><span class='ocrx_word' id='word_1_160' title='bbox 456 3609 527 3662; x_wconf 90' lang='lat' dir='ltr'>et</span> <span class='ocrx_word' id='word_1_161' title='bbox 582 3601 880 3666; x_wconf 89' lang='lat' dir='ltr'>tristibus</span> <span class='ocrx_word' id='word_1_162' title='bbox 939 3602 1278 3684; x_wconf 87' lang='lat' dir='ltr'>sanguinis</span> <span class='ocrx_word' id='word_1_163' title='bbox 1339 3602 1654 3684; x_wconf 89' lang='lat' dir='ltr'>poculum</span> <span class='ocrx_word' id='word_1_164' title='bbox 1724 3667 1732 3676; x_wconf 86' lang='grc'>,</span> 
     </span>
    </p>
   </div>
   <div class='ocr_carea' id='block_1_5' title="bbox 436 3689 1653 4465">
    <p class='ocr_par' dir='ltr' id='par_1_5' title="bbox 436 3689 1653 4465">
     <span class='ocr_line' id='line_1_38' title="bbox 458 3689 1652 3772; baseline 0.003 -21"><span class='ocrx_word' id='word_1_165' title='bbox 458 3689 683 3752; x_wconf 91' lang='lat' dir='ltr'>dicens</span> <span class='ocrx_word' id='word_1_166' title='bbox 713 3691 992 3771; x_wconf 87' lang='lat' dir='ltr'>accipite</span> <span class='ocrx_word' id='word_1_167' title='bbox 1051 3689 1232 3772; x_wconf 93' lang='lat' dir='ltr'>quod</span> <span class='ocrx_word' id='word_1_168' title='bbox 1278 3691 1472 3754; x_wconf 90' lang='lat' dir='ltr'>trado</span> <span class='ocrx_word' id='word_1_169' title='bbox 1502 3711 1652 3754; x_wconf 89' lang='lat' dir='ltr'>vas-</span> 
     </span>
     <span class='ocr_line' id='line_1_39' title="bbox 454 3777 1653 3845; baseline 0.003 -4"><span class='ocrx_word' id='word_1_170' title='bbox 454 3777 677 3841; x_wconf 89' lang='lat' dir='ltr'>culum</span> <span class='ocrx_word' id='word_1_171' title='bbox 709 3799 940 3842; x_wconf 90' lang='lat' dir='ltr'>omnes</span> <span class='ocrx_word' id='word_1_172' title='bbox 970 3798 1059 3841; x_wconf 85' lang='lat' dir='ltr'>ex</span> <span class='ocrx_word' id='word_1_173' title='bbox 1105 3799 1187 3842; x_wconf 93' lang='lat' dir='ltr'>eo</span> <span class='ocrx_word' id='word_1_174' title='bbox 1218 3778 1440 3843; x_wconf 88' lang='lat' dir='ltr'>bibite.</span> <span class='ocrx_word' id='word_1_175' title='bbox 1533 3779 1653 3845; x_wconf 82' lang='lat' dir='ltr'>Sic</span> 
     </span>
     <span class='ocr_line' id='line_1_40' title="bbox 451 3865 1651 3949; baseline 0.003 -21"><span class='ocrx_word' id='word_1_176' title='bbox 451 3865 843 3930; x_wconf 89' lang='lat' dir='ltr'>sacrificium</span> <span class='ocrx_word' id='word_1_177' title='bbox 904 3865 1080 3930; x_wconf 87' lang='lat' dir='ltr'>istud</span> <span class='ocrx_word' id='word_1_178' title='bbox 1133 3866 1420 3931; x_wconf 90' lang='lat' dir='ltr'>instituit</span> <span class='ocrx_word' id='word_1_179' title='bbox 1462 3869 1651 3949; x_wconf 89' lang='lat' dir='ltr'>cujus</span> 
     </span>
     <span class='ocr_line' id='line_1_41' title="bbox 452 3953 1648 4020; baseline 0.003 -4"><span class='ocrx_word' id='word_1_180' title='bbox 452 3953 739 4017; x_wconf 87' lang='lat' dir='ltr'>officium</span> <span class='ocrx_word' id='word_1_181' title='bbox 819 3955 1146 4020; x_wconf 87' lang='lat' dir='ltr'>committi</span> <span class='ocrx_word' id='word_1_182' title='bbox 1222 3955 1431 4020; x_wconf 91' lang='lat' dir='ltr'>voluit</span> <span class='ocrx_word' id='word_1_183' title='bbox 1490 3957 1648 4020; x_wconf 89' lang='lat' dir='ltr'>solis</span> 
     </span>
     <span class='ocr_line' id='line_1_42' title="bbox 448 4043 1647 4127; baseline 0.004 -23"><span class='ocrx_word' id='word_1_184' title='bbox 448 4043 849 4123; x_wconf 90' lang='lat' dir='ltr'>presbyteris</span> <span class='ocrx_word' id='word_1_185' title='bbox 910 4044 1149 4126; x_wconf 90' lang='lat' dir='ltr'>quibus</span> <span class='ocrx_word' id='word_1_186' title='bbox 1207 4044 1300 4108; x_wconf 91' lang='lat' dir='ltr'>sic</span> <span class='ocrx_word' id='word_1_187' title='bbox 1346 4047 1647 4127; x_wconf 88' lang='lat' dir='ltr'>congruit</span> 
     </span>
     <span class='ocr_line' id='line_1_43' title="bbox 448 4132 1641 4203; baseline 0.007 -11"><span class='ocrx_word' id='word_1_188' title='bbox 448 4141 521 4194; x_wconf 88' lang='lat' dir='ltr'>ut</span> <span class='ocrx_word' id='word_1_189' title='bbox 567 4141 832 4194; x_wconf 86' lang='lat' dir='ltr'>sumant</span> <span class='ocrx_word' id='word_1_190' title='bbox 864 4141 931 4195; x_wconf 89' lang='lat' dir='ltr'>et</span> <span class='ocrx_word' id='word_1_191' title='bbox 975 4132 1139 4196; x_wconf 87' lang='lat' dir='ltr'>dent</span> <span class='ocrx_word' id='word_1_192' title='bbox 1170 4133 1417 4197; x_wconf 72' lang='lat' dir='ltr'>ceteris</span> <span class='ocrx_word' id='word_1_193' title='bbox 1508 4134 1641 4203; x_wconf 73' lang='lat' dir='ltr'>Pa.-</span> 
     </span>
     <span class='ocr_line' id='line_1_44' title="bbox 446 4219 1638 4304; baseline 0.003 -23"><span class='ocrx_word' id='word_1_194' title='bbox 446 4219 548 4281; x_wconf 90' lang='lat' dir='ltr'>nis</span> <span class='ocrx_word' id='word_1_195' title='bbox 578 4220 914 4301; x_wconf 86' lang='lat' dir='ltr'>angelicus</span> <span class='ocrx_word' id='word_1_196' title='bbox 946 4219 1021 4282; x_wconf 87' lang='lat' dir='ltr'>fit</span> <span class='ocrx_word' id='word_1_197' title='bbox 1058 4222 1248 4304; x_wconf 90' lang='lat' dir='ltr'>panis</span> <span class='ocrx_word' id='word_1_198' title='bbox 1293 4221 1638 4285; x_wconf 87' lang='lat' dir='ltr'>hominum</span> 
     </span>
     <span class='ocr_line' id='line_1_45' title="bbox 442 4307 1639 4392; baseline 0.003 -21"><span class='ocrx_word' id='word_1_199' title='bbox 442 4307 561 4372; x_wconf 88' lang='lat' dir='ltr'>dat</span> <span class='ocrx_word' id='word_1_200' title='bbox 608 4308 797 4390; x_wconf 91' lang='lat' dir='ltr'>panis</span> <span class='ocrx_word' id='word_1_201' title='bbox 850 4309 1089 4372; x_wconf 89' lang='lat' dir='ltr'>celicus</span> <span class='ocrx_word' id='word_1_202' title='bbox 1142 4309 1366 4392; x_wconf 87' lang='lat' dir='ltr'>figuris</span> <span class='ocrx_word' id='word_1_203' title='bbox 1416 4312 1639 4375; x_wconf 89' lang='lat' dir='ltr'>termi-</span> 
     </span>
     <span class='ocr_line' id='line_1_46' title="bbox 436 4397 1636 4465; baseline 0.003 -5"><span class='ocrx_word' id='word_1_204' title='bbox 436 4415 597 4461; x_wconf 90' lang='lat' dir='ltr'>num</span> <span class='ocrx_word' id='word_1_205' title='bbox 661 4408 703 4461; x_wconf 74' lang='grc' dir='ltr'><strong>Θ</strong></span> <span class='ocrx_word' id='word_1_206' title='bbox 748 4417 851 4460; x_wconf 93' lang='lat' dir='ltr'>res</span> <span class='ocrx_word' id='word_1_207' title='bbox 912 4397 1229 4462; x_wconf 87' lang='lat' dir='ltr'>mirabilis</span> <span class='ocrx_word' id='word_1_208' title='bbox 1274 4400 1636 4465; x_wconf 87' lang='lat' dir='ltr'>manducat</span> 
     </span>
    </p>
   </div>
   <div class='ocr_carea' id='block_1_6' title="bbox 780 4572 1192 4641">
    <p class='ocr_par' dir='ltr' id='par_1_6' title="bbox 780 4572 1192 4641">
     <span class='ocr_line' id='line_1_47' title="bbox 780 4572 1192 4641; baseline 0.005 -17"><span class='ocrx_word' id='word_1_209' title='bbox 780 4572 796 4606; x_wconf 86' lang='lat'>¹</span> <span class='ocrx_word' id='word_1_210' title='bbox 832 4575 1054 4641; x_wconf 83' lang='lat' dir='ltr'>legitimo</span> <span class='ocrx_word' id='word_1_211' title='bbox 1076 4595 1089 4626; x_wconf 75' lang='grc' dir='ltr'><strong>ε</strong></span> <span class='ocrx_word' id='word_1_212' title='bbox 1124 4577 1192 4626; x_wconf 88' lang='grc' dir='ltr'>Ν.</span> 
     </span>
    </p>
   </div>
   <div class='ocr_carea' id='block_1_7' title="bbox 1470 4577 2002 4628">
    <p class='ocr_par' dir='ltr' id='par_1_7' title="bbox 1470 4577 2002 4628">
     <span class='ocr_line' id='line_1_48' title="bbox 1470 4577 2002 4628; baseline 0 -2"><span class='ocrx_word' id='word_1_213' title='bbox 1470 4578 1493 4609; x_wconf 81' lang='lat'><strong>¹</strong></span> <span class='ocrx_word' id='word_1_214' title='bbox 1528 4577 1642 4626; x_wconf 86' lang='lat' dir='ltr'>‘ut’</span> <span class='ocrx_word' id='word_1_215' title='bbox 1665 4593 1806 4628; x_wconf 86' lang='lat' dir='ltr'>om.:</span> <span class='ocrx_word' id='word_1_216' title='bbox 1841 4577 2002 4626; x_wconf 87' lang='lat' dir='ltr'>W.N.</span> 
     </span>
    </p>
   </div>
   <div class='ocr_carea' id='block_1_8' title="bbox 2335 484 2491 539">
    <p class='ocr_par' dir='ltr' id='par_1_8' title="bbox 2335 484 2491 539">
     <span class='ocr_line' id='line_1_49' title="bbox 2335 484 2491 539; baseline 0 -1"><span class='ocrx_word' id='word_1_217' title='bbox 2335 484 2491 539; x_wconf 75' lang='lat'>582</span> 
     </span>
    </p>
   </div>
   <div class='ocr_carea' id='block_1_9' title="bbox 1743 590 3016 4464">
    <p class='ocr_par' dir='ltr' id='par_1_9' title="bbox 1801 590 3016 1254">
     <span class='ocr_line' id='line_1_50' title="bbox 1817 590 3016 673; baseline 0.001 -18"><span class='ocrx_word' id='word_1_218' title='bbox 1817 590 2167 656; x_wconf 89' lang='lat' dir='ltr'>dominum</span> <span class='ocrx_word' id='word_1_219' title='bbox 2216 611 2470 673; x_wconf 90' lang='lat' dir='ltr'>pauper</span> <span class='ocrx_word' id='word_1_220' title='bbox 2519 610 2745 655; x_wconf 90' lang='lat' dir='ltr'>servus</span> <span class='ocrx_word' id='word_1_221' title='bbox 2775 600 2846 655; x_wconf 94' lang='lat' dir='ltr'>et</span> <span class='ocrx_word' id='word_1_222' title='bbox 2895 591 3016 656; x_wconf 91' lang='lat' dir='ltr'>hu-</span> 
     </span>
     <span class='ocr_line' id='line_1_51' title="bbox 1817 680 3016 763; baseline 0.002 -20"><span class='ocrx_word' id='word_1_223' title='bbox 1817 680 2008 743; x_wconf 73' lang='lat' dir='ltr'>milis</span> <span class='ocrx_word' id='word_1_224' title='bbox 2109 680 2202 744; x_wconf 85' lang='lat' dir='ltr'>Te</span> <span class='ocrx_word' id='word_1_225' title='bbox 2263 681 2434 743; x_wconf 89' lang='lat' dir='ltr'>trina</span> <span class='ocrx_word' id='word_1_226' title='bbox 2495 680 2707 743; x_wconf 89' lang='lat' dir='ltr'>deitas</span> <span class='ocrx_word' id='word_1_227' title='bbox 2753 700 3016 763; x_wconf 89' lang='lat' dir='ltr'>unaque</span> 
     </span>
     <span class='ocr_line' id='line_1_52' title="bbox 1814 768 3014 850; baseline 0.003 -19"><span class='ocrx_word' id='word_1_228' title='bbox 1814 769 2146 850; x_wconf 89' lang='lat' dir='ltr'>poscimus</span> <span class='ocrx_word' id='word_1_229' title='bbox 2177 769 2345 832; x_wconf 90' lang='lat' dir='ltr'>sicut</span> <span class='ocrx_word' id='word_1_230' title='bbox 2377 776 2450 831; x_wconf 87' lang='lat' dir='ltr'>ut</span> <span class='ocrx_word' id='word_1_231' title='bbox 2469 768 2494 805; x_wconf 81' lang='lat'>²</span> <span class='ocrx_word' id='word_1_232' title='bbox 2525 788 2646 831; x_wconf 90' lang='lat' dir='ltr'>nos</span> <span class='ocrx_word' id='word_1_233' title='bbox 2669 769 2897 833; x_wconf 89' lang='lat' dir='ltr'>visitas</span> <span class='ocrx_word' id='word_1_234' title='bbox 2927 771 3014 833; x_wconf 90' lang='lat' dir='ltr'>si-</span> 
     </span>
     <span class='ocr_line' id='line_1_53' title="bbox 1811 857 3014 938; baseline 0.002 -19"><span class='ocrx_word' id='word_1_235' title='bbox 1811 866 1922 920; x_wconf 90' lang='lat' dir='ltr'>cut</span> <span class='ocrx_word' id='word_1_236' title='bbox 1951 866 2020 921; x_wconf 92' lang='lat' dir='ltr'>te</span> <span class='ocrx_word' id='word_1_237' title='bbox 2065 857 2341 921; x_wconf 90' lang='lat' dir='ltr'>colimus</span> <span class='ocrx_word' id='word_1_238' title='bbox 2387 877 2504 938; x_wconf 88' lang='lat' dir='ltr'>per</span> <span class='ocrx_word' id='word_1_239' title='bbox 2547 866 2698 919; x_wconf 88' lang='lat' dir='ltr'>tuas</span> <span class='ocrx_word' id='word_1_240' title='bbox 2743 859 3014 922; x_wconf 87' lang='lat' dir='ltr'>semitas</span> 
     </span>
     <span class='ocr_line' id='line_1_54' title="bbox 1806 944 3002 1027; baseline 0.002 -19"><span class='ocrx_word' id='word_1_241' title='bbox 1806 945 1935 1009; x_wconf 91' lang='lat' dir='ltr'>duc</span> <span class='ocrx_word' id='word_1_242' title='bbox 1967 966 2090 1009; x_wconf 90' lang='lat' dir='ltr'>nos</span> <span class='ocrx_word' id='word_1_243' title='bbox 2121 966 2254 1027; x_wconf 92' lang='lat' dir='ltr'>quo</span> <span class='ocrx_word' id='word_1_244' title='bbox 2299 945 2636 1009; x_wconf 89' lang='lat' dir='ltr'>tendimus</span> <span class='ocrx_word' id='word_1_245' title='bbox 2667 945 2754 1008; x_wconf 91' lang='lat' dir='ltr'>ad</span> <span class='ocrx_word' id='word_1_246' title='bbox 2785 944 3002 1010; x_wconf 92' lang='lat' dir='ltr'>lucem</span> 
     </span>
     <span class='ocr_line' id='line_1_55' title="bbox 1803 1032 3005 1118; baseline 0.003 -23"><span class='ocrx_word' id='word_1_247' title='bbox 1803 1054 2008 1115; x_wconf 88' lang='lat' dir='ltr'>quam</span> <span class='ocrx_word' id='word_1_248' title='bbox 2035 1034 2061 1071; x_wconf 82' lang='lat'><strong>³</strong></span> <span class='ocrx_word' id='word_1_249' title='bbox 2103 1032 2446 1098; x_wconf 86' lang='lat' dir='ltr'>inhabitas.</span> <span class='ocrx_word' id='word_1_250' title='bbox 2494 1032 2739 1097; x_wconf 90' lang='lat' dir='ltr'>Amen.</span> <span class='ocrx_word' id='word_1_251' title='bbox 2845 1035 2930 1097; x_wconf 88' lang='lat' dir='ltr'>In</span> <span class='ocrx_word' id='word_1_252' title='bbox 2943 1037 3005 1118; x_wconf 89' lang='lat' dir='ltr'>j.</span> 
     </span>
     <span class='ocr_line' id='line_1_56' title="bbox 1801 1122 3003 1254; baseline 0.002 -69"><span class='ocrx_word' id='word_1_253' title='bbox 1801 1124 1952 1254; x_wconf 80' lang='lat' dir='ltr'><em>F</em></span> <span class='ocrx_word' id='word_1_254' title='bbox 1981 1132 2244 1185; x_wconf 88' lang='lat' dir='ltr'>ructum</span> <span class='ocrx_word' id='word_1_255' title='bbox 2321 1142 2427 1185; x_wconf 87' lang='lat' dir='ltr'>sa·</span> <span class='ocrx_word' id='word_1_256' title='bbox 2495 1122 2824 1205; x_wconf 83' lang='lat' dir='ltr'>[nocturno</span> <span class='ocrx_word' id='word_1_257' title='bbox 2895 1132 3003 1188; x_wconf 74' lang='grc' dir='ltr'>αῆ.</span> 
     </span>
    </p>

    <p class='ocr_par' dir='ltr' id='par_1_10' title="bbox 1774 1209 3002 2492">
     <span class='ocr_line' id='line_1_57' title="bbox 1867 1209 3002 1293; baseline 0.002 -20"><span class='ocrx_word' id='word_1_258' title='bbox 1867 1212 1876 1221; x_wconf 81' lang='grc'><em>“</em></span> <span class='ocrx_word' id='word_1_259' title='bbox 1979 1209 2311 1274; x_wconf 87' lang='lat' dir='ltr'>lutiferum</span> <span class='ocrx_word' id='word_1_260' title='bbox 2390 1211 2796 1293; x_wconf 87' lang='lat' dir='ltr'>gustandum</span> <span class='ocrx_word' id='word_1_261' title='bbox 2885 1213 3002 1275; x_wconf 93' lang='lat' dir='ltr'>de-</span> 
     </span>
     <span class='ocr_line' id='line_1_58' title="bbox 1800 1298 3001 1365; baseline 0.002 -5"><span class='ocrx_word' id='word_1_262' title='bbox 1800 1298 1900 1361; x_wconf 90' lang='lat' dir='ltr'>dit</span> <span class='ocrx_word' id='word_1_263' title='bbox 1973 1300 2280 1363; x_wconf 89' lang='lat' dir='ltr'>dominus</span> <span class='ocrx_word' id='word_1_264' title='bbox 2355 1300 2583 1362; x_wconf 89' lang='lat' dir='ltr'>mortis</span> <span class='ocrx_word' id='word_1_265' title='bbox 2658 1318 2773 1362; x_wconf 92' lang='lat' dir='ltr'>sue</span> <span class='ocrx_word' id='word_1_266' title='bbox 2833 1308 3001 1365; x_wconf 88' lang='lat' dir='ltr'>tem-</span> 
     </span>
     <span class='ocr_line' id='line_1_59' title="bbox 1799 1388 2999 1469; baseline 0.003 -20"><span class='ocrx_word' id='word_1_267' title='bbox 1799 1406 1974 1467; x_wconf 87' lang='lat' dir='ltr'>pore.</span> <span class='ocrx_word' id='word_1_268' title='bbox 2049 1396 2150 1469; x_wconf 66' lang='lat' dir='ltr'>pf.</span> <span class='ocrx_word' id='word_1_269' title='bbox 2229 1388 2476 1451; x_wconf 89' lang='lat' dir='ltr'>Beatus</span> <span class='ocrx_word' id='word_1_270' title='bbox 2526 1389 2640 1451; x_wconf 91' lang='lat' dir='ltr'>vir.</span> <span class='ocrx_word' id='word_1_271' title='bbox 2715 1396 2864 1451; x_wconf 61' lang='lat' dir='ltr'>aria.</span> <span class='ocrx_word' id='word_1_272' title='bbox 2929 1390 2999 1453; x_wconf 93' lang='lat' dir='ltr'>A</span> 
     </span>
     <span class='ocr_line' id='line_1_60' title="bbox 1797 1476 2997 1559; baseline 0.002 -22"><span class='ocrx_word' id='word_1_273' title='bbox 1797 1478 2010 1539; x_wconf 89' lang='lat' dir='ltr'>sructu</span> <span class='ocrx_word' id='word_1_274' title='bbox 2042 1476 2352 1539; x_wconf 87' lang='lat' dir='ltr'>frumenti</span> <span class='ocrx_word' id='word_1_275' title='bbox 2384 1485 2452 1539; x_wconf 93' lang='lat' dir='ltr'>et</span> <span class='ocrx_word' id='word_1_276' title='bbox 2488 1476 2622 1559; x_wconf 81' lang='lat' dir='ltr'>vini</span> <span class='ocrx_word' id='word_1_277' title='bbox 2679 1476 2997 1558; x_wconf 90' lang='lat' dir='ltr'>multipli-</span> 
     </span>
     <span class='ocr_line' id='line_1_61' title="bbox 1793 1563 2993 1647; baseline 0.003 -22"><span class='ocrx_word' id='word_1_278' title='bbox 1793 1565 1924 1628; x_wconf 92' lang='lat' dir='ltr'>cati</span> <span class='ocrx_word' id='word_1_279' title='bbox 1979 1564 2208 1628; x_wconf 90' lang='lat' dir='ltr'>fideles</span> <span class='ocrx_word' id='word_1_280' title='bbox 2257 1564 2325 1626; x_wconf 91' lang='lat' dir='ltr'>in</span> <span class='ocrx_word' id='word_1_281' title='bbox 2373 1584 2538 1647; x_wconf 88' lang='lat' dir='ltr'>pace</span> <span class='ocrx_word' id='word_1_282' title='bbox 2594 1563 2837 1630; x_wconf 85' lang='lat' dir='ltr'>Christi</span> <span class='ocrx_word' id='word_1_283' title='bbox 2890 1585 2993 1628; x_wconf 92' lang='lat' dir='ltr'>re-</span> 
     </span>
     <span class='ocr_line' id='line_1_62' title="bbox 1793 1653 2993 1733; baseline 0.003 -18"><span class='ocrx_word' id='word_1_284' title='bbox 1793 1653 2160 1733; x_wconf 89' lang='lat' dir='ltr'>quiescunt.</span> <span class='ocrx_word' id='word_1_285' title='bbox 2207 1662 2306 1733; x_wconf 63' lang='lat' dir='ltr'>pf.</span> <span class='ocrx_word' id='word_1_286' title='bbox 2375 1653 2544 1718; x_wconf 91' lang='lat' dir='ltr'>Cum</span> <span class='ocrx_word' id='word_1_287' title='bbox 2600 1654 2993 1718; x_wconf 86' lang='lat' dir='ltr'>invocarem.</span> 
     </span>
     <span class='ocr_line' id='line_1_63' title="bbox 1791 1740 2991 1824; baseline 0.002 -21"><span class='ocrx_word' id='word_1_288' title='bbox 1791 1750 1896 1805; x_wconf 74' lang='lat' dir='ltr'>ar&#39;i.</span> <span class='ocrx_word' id='word_1_289' title='bbox 1990 1740 2476 1807; x_wconf 89' lang='lat' dir='ltr'>Communione</span> <span class='ocrx_word' id='word_1_290' title='bbox 2563 1741 2787 1804; x_wconf 91' lang='lat' dir='ltr'>calicis</span> <span class='ocrx_word' id='word_1_291' title='bbox 2854 1762 2991 1824; x_wconf 92' lang='lat' dir='ltr'>quo</span> 
     </span>
     <span class='ocr_line' id='line_1_64' title="bbox 1791 1828 2989 1917; baseline 0.003 -27"><span class='ocrx_word' id='word_1_292' title='bbox 1791 1828 1956 1891; x_wconf 91' lang='lat' dir='ltr'>deus</span> <span class='ocrx_word' id='word_1_293' title='bbox 1990 1831 2132 1912; x_wconf 90' lang='lat' dir='ltr'>ipse</span> <span class='ocrx_word' id='word_1_294' title='bbox 2163 1831 2447 1917; x_wconf 77' lang='lat' dir='ltr'>sumitur</span> <span class='ocrx_word' id='word_1_295' title='bbox 2469 1849 2601 1892; x_wconf 88' lang='lat' dir='ltr'>non</span> <span class='ocrx_word' id='word_1_296' title='bbox 2631 1829 2989 1893; x_wconf 88' lang='lat' dir='ltr'>vitulorum</span> 
     </span>
     <span class='ocr_line' id='line_1_65' title="bbox 1784 1917 2982 2001; baseline 0.002 -22"><span class='ocrx_word' id='word_1_297' title='bbox 1784 1919 2108 2001; x_wconf 88' lang='lat' dir='ltr'>sanguine</span> <span class='ocrx_word' id='word_1_298' title='bbox 2141 1919 2569 2001; x_wconf 85' lang='lat' dir='ltr'>congregavit</span> <span class='ocrx_word' id='word_1_299' title='bbox 2599 1938 2722 1981; x_wconf 91' lang='lat' dir='ltr'>nos</span> <span class='ocrx_word' id='word_1_300' title='bbox 2767 1917 2982 1981; x_wconf 90' lang='lat' dir='ltr'>domi-</span> 
     </span>
     <span class='ocr_line' id='line_1_66' title="bbox 1785 2006 2984 2093; baseline 0.002 -26"><span class='ocrx_word' id='word_1_301' title='bbox 1785 2025 1926 2069; x_wconf 80' lang='lat' dir='ltr'>nus,</span> <span class='ocrx_word' id='word_1_302' title='bbox 1956 2016 2058 2089; x_wconf 63' lang='lat' dir='ltr'>pJ.</span> <span class='ocrx_word' id='word_1_303' title='bbox 2113 2007 2450 2072; x_wconf 89' lang='lat' dir='ltr'>Conserva</span> <span class='ocrx_word' id='word_1_304' title='bbox 2469 2027 2592 2069; x_wconf 89' lang='lat' dir='ltr'>me.</span> <span class='ocrx_word' id='word_1_305' title='bbox 2641 2024 2688 2093; x_wconf 69' lang='grc' dir='ltr'>γ</span> <span class='ocrx_word' id='word_1_306' title='bbox 2737 2006 2984 2070; x_wconf 91' lang='lat' dir='ltr'>Panem</span> 
     </span>
     <span class='ocr_line' id='line_1_67' title="bbox 1781 2093 2986 2177; baseline 0.002 -21"><span class='ocrx_word' id='word_1_307' title='bbox 1781 2093 1903 2157; x_wconf 90' lang='lat' dir='ltr'>celi</span> <span class='ocrx_word' id='word_1_308' title='bbox 1964 2095 2152 2159; x_wconf 91' lang='lat' dir='ltr'>dedit</span> <span class='ocrx_word' id='word_1_309' title='bbox 2194 2096 2305 2159; x_wconf 80' lang='lat' dir='ltr'>eis,</span> <span class='ocrx_word' id='word_1_310' title='bbox 2420 2095 2669 2158; x_wconf 89' lang='lat' dir='ltr'>Panem</span> <span class='ocrx_word' id='word_1_311' title='bbox 2715 2096 2986 2177; x_wconf 89' lang='lat' dir='ltr'>angelo-</span> 
     </span>
     <span class='ocr_line' id='line_1_68' title="bbox 1781 2182 2984 2247; baseline 0.002 -2"><span class='ocrx_word' id='word_1_312' title='bbox 1781 2202 1925 2246; x_wconf 91' lang='lat' dir='ltr'>rum</span> <span class='ocrx_word' id='word_1_313' title='bbox 2003 2184 2428 2247; x_wconf 89' lang='lat' dir='ltr'>manducavit</span> <span class='ocrx_word' id='word_1_314' title='bbox 2481 2182 2702 2247; x_wconf 79' lang='lat' dir='ltr'>homo,</span> <span class='ocrx_word' id='word_1_315' title='bbox 2794 2182 2984 2247; x_wconf 92' lang='lat' dir='ltr'>Alle-</span> 
     </span>
     <span class='ocr_line' id='line_1_69' title="bbox 1778 2269 2980 2354; baseline 0.004 -22"><span class='ocrx_word' id='word_1_316' title='bbox 1778 2269 1928 2335; x_wconf 88' lang='lat' dir='ltr'>luia.</span> <span class='ocrx_word' id='word_1_317' title='bbox 2696 2271 2908 2335; x_wconf 86' lang='lat' dir='ltr'><em>Lectio</em></span> <span class='ocrx_word' id='word_1_318' title='bbox 2917 2274 2980 2354; x_wconf 89' lang='lat' dir='ltr'>j.</span> 
     </span>
     <span class='ocr_line' id='line_1_70' title="bbox 1774 2359 2980 2492; baseline 0.001 -69"><span class='ocrx_word' id='word_1_319' title='bbox 1774 2361 1875 2492; x_wconf 79' lang='lat' dir='ltr'><em>l</em></span> <span class='ocrx_word' id='word_1_320' title='bbox 1895 2380 2197 2424; x_wconf 90' lang='lat' dir='ltr'>mmensa</span> <span class='ocrx_word' id='word_1_321' title='bbox 2240 2361 2462 2425; x_wconf 88' lang='lat' dir='ltr'>divine</span> <span class='ocrx_word' id='word_1_322' title='bbox 2509 2359 2834 2441; x_wconf 86' lang='lat' dir='ltr'>largitatis</span> <span class='ocrx_word' id='word_1_323' title='bbox 2867 2360 2980 2424; x_wconf 88' lang='lat' dir='ltr'>be-</span> 
     </span>
    </p>

    <p class='ocr_par' dir='ltr' id='par_1_11' title="bbox 1743 2448 2978 4302">
     <span class='ocr_line' id='line_1_71' title="bbox 1895 2448 2978 2531; baseline 0.001 -20"><span class='ocrx_word' id='word_1_324' title='bbox 1895 2449 2127 2513; x_wconf 88' lang='lat' dir='ltr'>neficia</span> <span class='ocrx_word' id='word_1_325' title='bbox 2157 2449 2456 2513; x_wconf 87' lang='lat' dir='ltr'>exhibita</span> <span class='ocrx_word' id='word_1_326' title='bbox 2496 2448 2746 2531; x_wconf 89' lang='lat' dir='ltr'>populo</span> <span class='ocrx_word' id='word_1_327' title='bbox 2778 2449 2978 2512; x_wconf 90' lang='lat' dir='ltr'>chris-</span> 
     </span>
     <span class='ocr_line' id='line_1_72' title="bbox 1775 2536 2976 2604; baseline 0.002 -4"><span class='ocrx_word' id='word_1_328' title='bbox 1775 2536 1996 2603; x_wconf 90' lang='lat' dir='ltr'>tiano:</span> <span class='ocrx_word' id='word_1_329' title='bbox 2060 2538 2572 2604; x_wconf 89' lang='lat' dir='ltr'>inestimabilem</span> <span class='ocrx_word' id='word_1_330' title='bbox 2627 2537 2686 2600; x_wconf 92' lang='lat' dir='ltr'>ei</span> <span class='ocrx_word' id='word_1_331' title='bbox 2751 2538 2976 2602; x_wconf 85' lang='lat' dir='ltr'>confe-</span> 
     </span>
     <span class='ocr_line' id='line_1_73' title="bbox 1773 2627 2968 2709; baseline 0.001 -21"><span class='ocrx_word' id='word_1_332' title='bbox 1773 2635 1928 2690; x_wconf 90' lang='lat' dir='ltr'>runt</span> <span class='ocrx_word' id='word_1_333' title='bbox 1987 2627 2401 2709; x_wconf 81' lang='lat' dir='ltr'>dignitatem.</span> <span class='ocrx_word' id='word_1_334' title='bbox 2492 2628 2732 2709; x_wconf 88' lang='lat' dir='ltr'>Neque</span> <span class='ocrx_word' id='word_1_335' title='bbox 2791 2629 2968 2690; x_wconf 89' lang='lat' dir='ltr'>enim</span> 
     </span>
     <span class='ocr_line' id='line_1_74' title="bbox 1771 2715 2969 2798; baseline 0.002 -22"><span class='ocrx_word' id='word_1_336' title='bbox 1771 2728 1872 2778; x_wconf 88' lang='lat' dir='ltr'>est</span> <span class='ocrx_word' id='word_1_337' title='bbox 1901 2725 2018 2780; x_wconf 90' lang='lat' dir='ltr'>aut</span> <span class='ocrx_word' id='word_1_338' title='bbox 2048 2717 2172 2780; x_wconf 87' lang='lat' dir='ltr'>fuit</span> <span class='ocrx_word' id='word_1_339' title='bbox 2215 2715 2574 2798; x_wconf 88' lang='lat' dir='ltr'>aliquando</span> <span class='ocrx_word' id='word_1_340' title='bbox 2603 2724 2743 2778; x_wconf 90' lang='lat' dir='ltr'>tam</span> <span class='ocrx_word' id='word_1_341' title='bbox 2774 2736 2969 2797; x_wconf 91' lang='lat' dir='ltr'>gran-</span> 
     </span>
     <span class='ocr_line' id='line_1_75' title="bbox 1770 2801 2966 2887; baseline 0 -21"><span class='ocrx_word' id='word_1_342' title='bbox 1770 2801 1872 2866; x_wconf 90' lang='lat' dir='ltr'>dis</span> <span class='ocrx_word' id='word_1_343' title='bbox 1919 2805 2100 2869; x_wconf 90' lang='lat' dir='ltr'>natio</span> <span class='ocrx_word' id='word_1_344' title='bbox 2161 2826 2290 2887; x_wconf 91' lang='lat' dir='ltr'>que</span> <span class='ocrx_word' id='word_1_345' title='bbox 2344 2805 2586 2868; x_wconf 88' lang='lat' dir='ltr'>habeat</span> <span class='ocrx_word' id='word_1_346' title='bbox 2636 2805 2796 2867; x_wconf 91' lang='lat' dir='ltr'>deos</span> <span class='ocrx_word' id='word_1_347' title='bbox 2849 2825 2966 2886; x_wconf 91' lang='lat' dir='ltr'>ap-</span> 
     </span>
     <span class='ocr_line' id='line_1_76' title="bbox 1769 2892 2967 2975; baseline 0.001 -20"><span class='ocrx_word' id='word_1_348' title='bbox 1769 2895 2286 2975; x_wconf 88' lang='lat' dir='ltr'>propinquantes</span> <span class='ocrx_word' id='word_1_349' title='bbox 2333 2892 2500 2958; x_wconf 89' lang='lat' dir='ltr'>sibi:</span> <span class='ocrx_word' id='word_1_350' title='bbox 2547 2893 2718 2955; x_wconf 92' lang='lat' dir='ltr'>sicut</span> <span class='ocrx_word' id='word_1_351' title='bbox 2776 2892 2967 2956; x_wconf 89' lang='lat' dir='ltr'>adest</span> 
     </span>
     <span class='ocr_line' id='line_1_77' title="bbox 1769 2981 2964 3064; baseline 0.003 -22"><span class='ocrx_word' id='word_1_352' title='bbox 1769 2981 1958 3045; x_wconf 90' lang='lat' dir='ltr'>nobis</span> <span class='ocrx_word' id='word_1_353' title='bbox 2019 2983 2183 3046; x_wconf 89' lang='lat' dir='ltr'>deus</span> <span class='ocrx_word' id='word_1_354' title='bbox 2231 2991 2469 3046; x_wconf 91' lang='lat' dir='ltr'>noster.</span> <span class='ocrx_word' id='word_1_355' title='bbox 2563 2981 2964 3064; x_wconf 89' lang='lat' dir='ltr'>Unigenitus</span> 
     </span>
     <span class='ocr_line' id='line_1_78' title="bbox 1765 3067 2962 3152; baseline 0.002 -21"><span class='ocrx_word' id='word_1_356' title='bbox 1765 3069 2090 3152; x_wconf 88' lang='lat' dir='ltr'>siquidem</span> <span class='ocrx_word' id='word_1_357' title='bbox 2137 3071 2246 3134; x_wconf 91' lang='lat' dir='ltr'>dei</span> <span class='ocrx_word' id='word_1_358' title='bbox 2293 3070 2463 3134; x_wconf 85' lang='lat' dir='ltr'>filius</span> <span class='ocrx_word' id='word_1_359' title='bbox 2508 3091 2624 3134; x_wconf 90' lang='lat' dir='ltr'>sue</span> <span class='ocrx_word' id='word_1_360' title='bbox 2655 3067 2962 3133; x_wconf 88' lang='lat' dir='ltr'>divinita-</span> 
     </span>
     <span class='ocr_line' id='line_1_79' title="bbox 1765 3157 2960 3240; baseline 0.002 -20"><span class='ocrx_word' id='word_1_361' title='bbox 1765 3157 1850 3222; x_wconf 89' lang='lat' dir='ltr'>tis</span> <span class='ocrx_word' id='word_1_362' title='bbox 1898 3158 2126 3222; x_wconf 92' lang='lat' dir='ltr'>volens</span> <span class='ocrx_word' id='word_1_363' title='bbox 2187 3179 2308 3222; x_wconf 91' lang='lat' dir='ltr'>nos</span> <span class='ocrx_word' id='word_1_364' title='bbox 2368 3179 2513 3222; x_wconf 87' lang='lat' dir='ltr'>esse</span> <span class='ocrx_word' id='word_1_365' title='bbox 2565 3158 2960 3240; x_wconf 88' lang='lat' dir='ltr'>participes:</span> 
     </span>
     <span class='ocr_line' id='line_1_80' title="bbox 1763 3247 2959 3329; baseline 0.002 -20"><span class='ocrx_word' id='word_1_366' title='bbox 1763 3257 2066 3310; x_wconf 90' lang='lat' dir='ltr'>naturam</span> <span class='ocrx_word' id='word_1_367' title='bbox 2099 3257 2394 3311; x_wconf 89' lang='lat' dir='ltr'>nostram</span> <span class='ocrx_word' id='word_1_368' title='bbox 2441 3247 2836 3329; x_wconf 88' lang='lat' dir='ltr'>assumpsit:</span> <span class='ocrx_word' id='word_1_369' title='bbox 2884 3257 2959 3311; x_wconf 91' lang='lat' dir='ltr'>ut</span> 
     </span>
     <span class='ocr_line' id='line_1_81' title="bbox 1761 3333 2956 3400; baseline 0.003 -4"><span class='ocrx_word' id='word_1_370' title='bbox 1761 3333 2062 3400; x_wconf 91' lang='lat' dir='ltr'>homines</span> <span class='ocrx_word' id='word_1_371' title='bbox 2095 3336 2256 3400; x_wconf 88' lang='lat' dir='ltr'>deos</span> <span class='ocrx_word' id='word_1_372' title='bbox 2298 3336 2540 3400; x_wconf 85' lang='lat' dir='ltr'>faceret</span> <span class='ocrx_word' id='word_1_373' title='bbox 2590 3335 2804 3399; x_wconf 87' lang='lat' dir='ltr'>factus</span> <span class='ocrx_word' id='word_1_374' title='bbox 2853 3345 2956 3400; x_wconf 90' lang='lat' dir='ltr'>est</span> 
     </span>
     <span class='ocr_line' id='line_1_82' title="bbox 1759 3422 2956 3506; baseline 0.002 -20"><span class='ocrx_word' id='word_1_375' title='bbox 1759 3422 2006 3490; x_wconf 91' lang='lat' dir='ltr'>homo:</span> <span class='ocrx_word' id='word_1_376' title='bbox 2050 3434 2120 3488; x_wconf 90' lang='lat' dir='ltr'>et</span> <span class='ocrx_word' id='word_1_377' title='bbox 2163 3423 2288 3488; x_wconf 92' lang='lat' dir='ltr'>hoc</span> <span class='ocrx_word' id='word_1_378' title='bbox 2334 3425 2600 3506; x_wconf 86' lang='lat' dir='ltr'>insuper</span> <span class='ocrx_word' id='word_1_379' title='bbox 2644 3424 2822 3506; x_wconf 91' lang='lat' dir='ltr'>quod</span> <span class='ocrx_word' id='word_1_380' title='bbox 2869 3424 2956 3488; x_wconf 90' lang='lat' dir='ltr'>de</span> 
     </span>
     <span class='ocr_line' id='line_1_83' title="bbox 1756 3511 2952 3595; baseline 0.001 -20"><span class='ocrx_word' id='word_1_381' title='bbox 1756 3523 1983 3576; x_wconf 88' lang='lat' dir='ltr'>nostro</span> <span class='ocrx_word' id='word_1_382' title='bbox 2060 3515 2421 3595; x_wconf 90' lang='lat' dir='ltr'>assumpsit</span> <span class='ocrx_word' id='word_1_383' title='bbox 2481 3521 2700 3577; x_wconf 90' lang='lat' dir='ltr'>totum</span> <span class='ocrx_word' id='word_1_384' title='bbox 2762 3511 2952 3576; x_wconf 89' lang='lat' dir='ltr'>nobis</span> 
     </span>
     <span class='ocr_line' id='line_1_84' title="bbox 1754 3601 2952 3666; baseline 0 -3"><span class='ocrx_word' id='word_1_385' title='bbox 1754 3603 2038 3665; x_wconf 90' lang='lat' dir='ltr'>contulit</span> <span class='ocrx_word' id='word_1_386' title='bbox 2069 3603 2154 3666; x_wconf 90' lang='lat' dir='ltr'>ad</span> <span class='ocrx_word' id='word_1_387' title='bbox 2209 3603 2509 3666; x_wconf 91' lang='lat' dir='ltr'>salutem.</span> <span class='ocrx_word' id='word_1_388' title='bbox 2601 3601 2719 3664; x_wconf 76' lang='lat' dir='ltr'>Re.</span> <span class='ocrx_word' id='word_1_389' title='bbox 2818 3602 2952 3663; x_wconf 91' lang='lat' dir='ltr'>Im-</span> 
     </span>
     <span class='ocr_line' id='line_1_85' title="bbox 1753 3687 2954 3754; baseline -0.001 -1"><span class='ocrx_word' id='word_1_390' title='bbox 1753 3690 2030 3754; x_wconf 87' lang='lat' dir='ltr'>molabit</span> <span class='ocrx_word' id='word_1_391' title='bbox 2073 3691 2320 3754; x_wconf 90' lang='lat' dir='ltr'>hedum</span> <span class='ocrx_word' id='word_1_392' title='bbox 2367 3690 2726 3754; x_wconf 89' lang='lat' dir='ltr'>multitudo</span> <span class='ocrx_word' id='word_1_393' title='bbox 2784 3687 2954 3752; x_wconf 85' lang='lat' dir='ltr'>filio-</span> 
     </span>
     <span class='ocr_line' id='line_1_86' title="bbox 1751 3777 2950 3862; baseline 0 -22"><span class='ocrx_word' id='word_1_394' title='bbox 1751 3799 1896 3841; x_wconf 90' lang='lat' dir='ltr'>rum</span> <span class='ocrx_word' id='word_1_395' title='bbox 1929 3779 2121 3843; x_wconf 88' lang='lat' dir='ltr'>israel</span> <span class='ocrx_word' id='word_1_396' title='bbox 2167 3779 2252 3842; x_wconf 93' lang='lat' dir='ltr'>ad</span> <span class='ocrx_word' id='word_1_397' title='bbox 2298 3799 2642 3862; x_wconf 89' lang='lat' dir='ltr'>vesperam</span> <span class='ocrx_word' id='word_1_398' title='bbox 2688 3777 2950 3860; x_wconf 91' lang='lat' dir='ltr'>pasche.</span> 
     </span>
     <span class='ocr_line' id='line_1_87' title="bbox 1751 3866 2948 3949; baseline 0.002 -20"><span class='ocrx_word' id='word_1_399' title='bbox 1751 3866 1844 3929; x_wconf 85' lang='lat' dir='ltr'>Et</span> <span class='ocrx_word' id='word_1_400' title='bbox 1867 3869 2067 3932; x_wconf 90' lang='lat' dir='ltr'>edent</span> <span class='ocrx_word' id='word_1_401' title='bbox 2092 3888 2319 3932; x_wconf 89' lang='lat' dir='ltr'>carnes</span> <span class='ocrx_word' id='word_1_402' title='bbox 2349 3876 2418 3930; x_wconf 93' lang='lat' dir='ltr'>et</span> <span class='ocrx_word' id='word_1_403' title='bbox 2449 3868 2698 3931; x_wconf 89' lang='lat' dir='ltr'>azimos</span> <span class='ocrx_word' id='word_1_404' title='bbox 2724 3887 2948 3949; x_wconf 77' lang='lat' dir='ltr'>panes,</span> 
     </span>
     <span class='ocr_line' id='line_1_88' title="bbox 1746 3955 2946 4041; baseline -0.003 -21"><span class='ocrx_word' id='word_1_405' title='bbox 1746 3972 1797 4041; x_wconf 70' lang='grc' dir='ltr'>γ</span> <span class='ocrx_word' id='word_1_406' title='bbox 1843 3955 2094 4021; x_wconf 90' lang='lat' dir='ltr'>Pascha</span> <span class='ocrx_word' id='word_1_407' title='bbox 2168 3966 2468 4020; x_wconf 90' lang='lat' dir='ltr'>nostrum</span> <span class='ocrx_word' id='word_1_408' title='bbox 2563 3955 2946 4018; x_wconf 89' lang='lat' dir='ltr'>immolatus</span> 
     </span>
     <span class='ocr_line' id='line_1_89' title="bbox 1745 4043 2944 4127; baseline 0.001 -21"><span class='ocrx_word' id='word_1_409' title='bbox 1745 4053 1847 4107; x_wconf 93' lang='lat' dir='ltr'>est</span> <span class='ocrx_word' id='word_1_410' title='bbox 1893 4044 2194 4110; x_wconf 89' lang='lat' dir='ltr'>Christus</span> <span class='ocrx_word' id='word_1_411' title='bbox 2227 4046 2450 4127; x_wconf 90' lang='lat' dir='ltr'>itaque</span> <span class='ocrx_word' id='word_1_412' title='bbox 2481 4043 2827 4127; x_wconf 88' lang='lat' dir='ltr'>epulemur</span> <span class='ocrx_word' id='word_1_413' title='bbox 2878 4043 2944 4107; x_wconf 88' lang='lat' dir='ltr'>in</span> 
     </span>
     <span class='ocr_line' id='line_1_90' title="bbox 1743 4132 2946 4197; baseline 0.001 -2"><span class='ocrx_word' id='word_1_414' title='bbox 1743 4132 1973 4197; x_wconf 89' lang='lat' dir='ltr'>azimis</span> <span class='ocrx_word' id='word_1_415' title='bbox 2048 4135 2439 4197; x_wconf 88' lang='lat' dir='ltr'>sinceritatis</span> <span class='ocrx_word' id='word_1_416' title='bbox 2505 4143 2574 4197; x_wconf 93' lang='lat' dir='ltr'>et</span> <span class='ocrx_word' id='word_1_417' title='bbox 2632 4133 2946 4196; x_wconf 67' lang='lat' dir='ltr'>veritatis</span> 
     </span>
     <span class='ocr_line' id='line_1_91' title="bbox 1744 4220 2945 4302; baseline 0.001 -18"><span class='ocrx_word' id='word_1_418' title='bbox 1744 4221 1854 4286; x_wconf 92' lang='lat' dir='ltr'>Et.</span> <span class='ocrx_word' id='word_1_419' title='bbox 2623 4220 2842 4284; x_wconf 86' lang='lat' dir='ltr'><em>Lectio</em></span> <span class='ocrx_word' id='word_1_420' title='bbox 2874 4221 2945 4302; x_wconf 76' lang='lat' dir='ltr'>ij.</span> 
     </span>
    </p>

    <p class='ocr_par' dir='ltr' id='par_1_12' title="bbox 1878 4330 2942 4394">
     <span class='ocr_line' id='line_1_92' title="bbox 1878 4330 2942 4394; baseline -0.001 -21"><span class='ocrx_word' id='word_1_421' title='bbox 1878 4331 2081 4394; x_wconf 88' lang='lat' dir='ltr'>orpus</span> <span class='ocrx_word' id='word_1_422' title='bbox 2114 4331 2378 4394; x_wconf 88' lang='lat' dir='ltr'>nanque</span> <span class='ocrx_word' id='word_1_423' title='bbox 2410 4331 2603 4374; x_wconf 75' lang='lat' dir='ltr'>suum</span> <span class='ocrx_word' id='word_1_424' title='bbox 2635 4330 2756 4393; x_wconf 92' lang='lat' dir='ltr'>pro</span> <span class='ocrx_word' id='word_1_425' title='bbox 2788 4330 2942 4373; x_wconf 90' lang='lat' dir='ltr'>nos-</span> 
     </span>
    </p>

    <p class='ocr_par' dir='ltr' id='par_1_13' title="bbox 1877 4400 2939 4464">
     <span class='ocr_line' id='line_1_93' title="bbox 1877 4400 2939 4464; baseline 0 -2"><span class='ocrx_word' id='word_1_426' title='bbox 1877 4409 1979 4464; x_wconf 89' lang='lat' dir='ltr'>tra</span> <span class='ocrx_word' id='word_1_427' title='bbox 2055 4400 2581 4464; x_wconf 89' lang='lat' dir='ltr'>reconciliatione</span> <span class='ocrx_word' id='word_1_428' title='bbox 2669 4400 2735 4462; x_wconf 88' lang='lat' dir='ltr'>in</span> <span class='ocrx_word' id='word_1_429' title='bbox 2826 4418 2939 4462; x_wconf 89' lang='lat' dir='ltr'>ara</span> 
     </span>
    </p>
   </div>
   <div class='ocr_carea' id='block_1_10' title="bbox 2223 4577 2557 4642">
    <p class='ocr_par' dir='ltr' id='par_1_14' title="bbox 2223 4577 2557 4642">
     <span class='ocr_line' id='line_1_94' title="bbox 2223 4577 2557 4642; baseline 0 -16"><span class='ocrx_word' id='word_1_430' title='bbox 2223 4579 2243 4608; x_wconf 73' lang='lat'>⁸</span> <span class='ocrx_word' id='word_1_431' title='bbox 2275 4593 2455 4642; x_wconf 88' lang='lat' dir='ltr'>quem:</span> <span class='ocrx_word' id='word_1_432' title='bbox 2493 4577 2557 4626; x_wconf 89' lang='lat' dir='ltr'>N.</span> 
     </span>
    </p>
   </div>
  </div>
 </body>
</html>
