3375 5100
1131 351 1617 408 EPIPHANIE
1662 353 1999 408 DOMINI.

844 460 987 516 169

2151 459 2286 514 170

314 569 599 700 Ante
660 563 1009 630 luciferum
1098 565 1367 647 genitus
1443 574 1513 630 et
1598 576 1728 649 per
1741 575 2001 630 octavas
2019 565 2290 629 cotidie.²
2359 582 2406 651 y
2438 564 2574 649 Qui
2606 569 2814 648 appa'-

484 664 641 720 ante
660 653 882 718 secula
894 653 1205 718 dominus
1224 655 1517 718 salvator

318 752 584 808 noster:
622 743 827 806 hodie
874 742 1129 806 mundo
1182 743 1511 824 apparuit,

303 840 407 913 pf,
456 830 787 894 Dominus
819 831 1141 912 regnavit.
1212 831 1349 894 An.
1382 831 1515 894 Ve-

1614 655 1801 719 ruisti
1833 654 2031 718 hodie
2063 654 2371 718 miserere
2411 654 2605 717 nobis
2655 654 2814 717 alle-

1615 743 1775 824 luya
1805 743 1970 806 all’a.
2037 742 2281 807 Gloria.
2344 743 2504 824 Jesu
2532 741 2810 806 Christe.

1614 831 1742 896 Ad
1792 831 2058 894 tertiam
2116 839 2224 894 αῆ.
2303 830 2509 894 Venit
2569 830 2812 894 lumen,

320 920 423 982 nit
482 919 707 983 lumen
757 927 949 982 tuum
1001 917 1399 982 hierusalem
1446 927 1516 982 et
1601 929 1704 1002 pff,
1772 919 2026 1001 Legem
2071 938 2264 1002 pone.
2347 917 2497 1000 Cap.
2599 917 2814 999 Surge

318 1007 535 1090 gloria
615 1007 870 1070 domini
942 1026 1141 1089 super
1218 1017 1286 1071 te
1368 1014 1515 1070 orta

320 1104 423 1158 est
507 1103 578 1158 et
636 1093 1081 1160 ambulabunt
1150 1103 1385 1176 gentes
1446 1094 1514 1157 in

318 1182 571 1246 lumine
647 1193 765 1247 tuo
819 1182 985 1246 all’a.
1048 1191 1153 1264 p3',
1200 1182 1515 1264 Jubilate,

318 1271 455 1336 Αῆ.
499 1271 777 1353 Apertis
828 1270 1155 1334 thesauris
1202 1271 1338 1334 suis
1397 1271 1519 1333 ob-

317 1358 616 1423 tulerunt
689 1359 868 1440 magi
930 1359 1207 1422 domino
1280 1377 1515 1422 aurum

298 1447 477 1513 ,thus
536 1457 607 1511 et
680 1447 949 1510 mirram
1024 1446 1333 1528 alleluya.
1411 1455 1515 1528 pi

323 1535 514 1599 Deus
588 1535 757 1598 deus
819 1554 1025 1598 meus,
1115 1535 1249 1598 Ανῖ.
1302 1535 1518 1598 Maria

323 1632 392 1688 et
448 1621 728 1687 flumina
789 1623 1165 1687 benedicite
1239 1623 1519 1686 domino

320 1711 653 1793 hymnum
712 1711 913 1774 dicite
975 1711 1191 1774 fontes
1244 1712 1519 1774 domino

320 1800 633 1882 alleluya.
735 1808 841 1881 psi
892 1799 1293 1862 Benedicite.
1380 1798 1444 1862 A
1456 1807 1517 1863 ἢ.

320 1886 487 1951 Tria
517 1897 674 1952 sunt
692 1907 968 1951 munera
987 1907 1117 1969 que
1136 1887 1519 1951 obtulerunt

324 1977 505 2058 magi
568 1976 845 2040 domino
920 1994 1155 2038 aurum
1219 1975 1375 2038 thus
1452 1984 1520 2039 et

324 2063 632 2127 mirram¹
694 2061 833 2126 filio
892 2062 1001 2127 dei
1062 2064 1201 2146 regi
1274 2083 1521 2145 magno

322 2151 630 2234 alleluya.
728 2161 829 2232 pf,
902 2151 1224 2215 Laudate.
1334 2151 1521 2232 Capi-

325 2241 556 2303 tulum.
637 2240 849 2322 Surge
875 2237 1262 2302 illuminare.
1310 2240 1521 2319 Hym-

326 2349 466 2392 nus,
563 2328 798 2390 Hostis
828 2327 1127 2391 herodes,
1217 2344 1264 2413 y
1316 2328 1524 2391 Venit

324 2415 553 2479 lumen
629 2424 819 2479 tuum
896 2414 1308 2479 hierusalem.
1431 2415 1523 2479 Et

322 2505 534 2588 gloria
565 2504 817 2568 domini
860 2523 1057 2587 super
1100 2513 1169 2568 te
1222 2513 1369 2568 orta
1422 2513 1524 2568 est

324 2593 629 2675 alleluya.
673 2593 757 2656 In
786 2593 1112 2674 evangelio
1140 2602 1245 2657 αφῖ.
1298 2593 1524 2657 Hodie

326 2682 551 2746 celesti
598 2701 845 2763 sponso
885 2682 1121 2763 juncta
1168 2690 1271 2745 est
1315 2680 1523 2744 eccle-

324 2772 425 2833 sia
499 2770 816 2852 quoniam
894 2770 963 2831 in
1025 2769 1309 2851 jordane
1362 2770 1526 2834 lavit

328 2858 631 2923 Christus
686 2858 832 2938 ejus
879 2858 1195 2922 crimina:
1256 2867 1526 2922 currunt

326 2967 483 3011 cum
516 2947 899 3010 muneribus
944 2947 1121 3029 magi
1153 2947 1237 3010 ad
1273 2945 1525 3027 regales

328 3036 595 3118 nuptias
646 3045 713 3099 et
764 3054 855 3097 ex
905 3054 1082 3117 aqua
1134 3035 1312 3098 facto
1370 3034 1527 3099 vino

332 3123 625 3186 letantur
654 3123 929 3187 convive
960 3122 1125 3186 all’a.
1179 3132 1280 3205 pf,
1316 3123 1527 3187 Bene-

324 3211 561 3275 dictus,
1280 3210 1525 3275 Oratio,

322 3302 597 3431 Deus
628 3297 742 3381 qui
790 3298 1108 3362 hodierna
1144 3300 1253 3363 die
1300 3300 1525 3382 unige-

483 3388 695 3450 nitum
733 3395 924 3450 tuum
972 3388 1282 3469 gentibus
1334 3388 1527 3451 stella

324 3476 497 3539 duce
546 3474 889 3539 revelasti:
962 3476 1252 3540 concede
1307 3478 1528 3559 propi-

325 3564 503 3627 tius:
579 3572 654 3627 ut
720 3564 835 3645 qui
892 3563 1034 3644 jam
1112 3574 1179 3627 te
1239 3583 1328 3628 ex
1392 3565 1526 3628 fide

323 3652 803 3734 cognovimus:
850 3671 1063 3733 usque
1095 3654 1179 3715 ad
1226 3662 1529 3716 contem-

325 3738 643 3822 plandam
706 3741 995 3822 speciem
1074 3750 1185 3803 tue
1262 3740 1525 3805 celsitu-

327 3828 503 3893 dinis
533 3829 975 3910 perducamur
1002 3850 1015 3893 :
1062 3849 1182 3911 per
1212 3829 1517 3894 eundem.

324 3916 544 3980 Nulla
576 3916 889 3979 memoria
901 3916 1055 3999 fiat.

412 4004 540 4068 Ad
573 4005 873 4085 primam
932 4014 1039 4069 ar'i,
1114 4004 1303 4070 Ante
1364 4007 1525 4070 luci-

322 4093 555 4157 ferum.
631 4102 733 4176 psi
767 4093 953 4156 Deus
1000 4095 1067 4157 in
1100 4096 1387 4159 nomine.
1419 4104 1521 4175 pf.

320 4181 513 4245 Beati
535 4181 961 4245 immaculati,
1007 4182 1363 4264 antiphona
1394 4204 1521 4247 non

322 4280 629 4333 mutatur
643 4270 742 4333 ad
748 4270 1085 4350 psalmum
1120 4271 1519 4354 Quicunque

320 4358 485 4422 vult.
572 4359 687 4423 Re.
716 4359 873 4440 Jesu
902 4358 1165 4424 Christe
1186 4380 1331 4424 cum
1355 4360 1522 4424 all’a.

816 4540 829 4569 ¹
872 4539 1071 4603 myrrha
1090 4558 1103 4587 ι
1140 4540 1203 4589 G.

1618 1006 2008 1072 illuminare,
2119 1007 2237 1070 Re.
2293 1006 2518 1088 Reges
2573 1006 2814 1069 tharsis

1620 1104 1687 1160 et
1737 1095 1949 1159 insule
2002 1115 2273 1159 munera
2325 1095 2604 1158 offerent
2665 1093 2816 1158 all'a

1617 1183 1784 1248 ali’a.
1875 1200 1922 1269 y
1969 1184 2193 1266 Reges
2237 1183 2515 1247 arabum
2553 1193 2621 1247 et
2651 1183 2816 1246 saba

1620 1272 1802 1335 dona
1847 1272 2204 1335 adducent.
2302 1270 2593 1353 alleluya
2645 1271 2814 1334 all'a.

1622 1359 1851 1423 Gloria
1880 1360 2071 1442 patri,
2165 1360 2402 1441 Reges,
2464 1376 2511 1445 y
2559 1358 2816 1423 Omnes

1619 1448 1707 1510 de
1729 1448 1910 1511 saba.
1993 1447 2238 1512 Oratio.
2289 1449 2476 1511 Deus
2493 1447 2608 1529 qui
2627 1447 2815 1510 hodi-

1620 1556 1796 1599 erna.
1897 1534 2024 1598 Ad
2073 1545 2320 1598 sextam
2380 1543 2486 1598 αῆ.
2537 1533 2816 1618 Apertis

1620 1623 1966 1688 thesauris,
2041 1633 2144 1706 pff.
2194 1623 2480 1687 Defecit.
2577 1623 2727 1705 Cap,

1620 1714 1880 1846 Leva
1913 1712 1980 1775 in
2011 1711 2284 1776 circuitu
2309 1710 2538 1776 oculos
2569 1720 2719 1775 tuos
2749 1720 2820 1774 et

1762 1801 1954 1864 vide:
2000 1819 2232 1864 omnes
2277 1800 2385 1863 isti
2435 1800 2820 1882 congregati

1622 1895 1780 1952 sunt
1811 1897 2136 1952 venerunt
2180 1889 2320 1952 tibi.
2411 1887 2527 1952 Re.
2563 1888 2820 1953 Omnes

1623 1977 1712 2039 de
1771 1975 1934 2038 saba
1983 1977 2254 2039 venient
2314 1975 2466 2039 all’a
2511 1975 2678 2039 all'a.
2771 1992 2821 2061 γ

1622 2063 1888 2127 Aurum
1950 2072 2018 2127 et
2079 2064 2234 2127 thus
2294 2063 2668 2127 deferentes
2747 2074 2820 2127 et

1626 2152 1892 2214 laudem
1968 2151 2244 2214 domino
2321 2152 2819 2216 annunciantes,

1624 2239 1776 2304 all'a
1799 2239 1966 2304 all'a.
2045 2239 2273 2304 Gloria
2295 2239 2486 2322 patri,
2564 2239 2820 2304 Omnes

1625 2329 1712 2391 de
1741 2328 1921 2392 saba.
2011 2344 2061 2413 γ
2093 2327 2348 2392 Omnes
2365 2336 2600 2409 gentes
2625 2346 2822 2409 quas-

1626 2436 1906 2498 cunque.
1958 2415 2105 2481 Of‘o.
2136 2416 2320 2479 Deus
2343 2415 2455 2497 qui
2481 2414 2818 2478 hodierna.

1624 2504 1753 2569 Ad
1792 2524 2032 2569 nonam
2087 2512 2195 2569 αῇ.
2250 2504 2411 2569 Tria
2469 2512 2640 2569 sunt.
2717 2513 2820 2586 plr',

1628 2594 1978 2658 Mirabilia.
2431 2592 2822 2675 Capitulum.

1765 2703 1953 2745 mnes
1985 2682 2070 2745 de
2101 2682 2265 2745 saba
2287 2682 2557 2745 venient
2583 2684 2822 2745 aurum

1763 2780 1833 2835 et
1891 2771 2046 2834 thus
2094 2769 2502 2834 deserentes:
2564 2779 2632 2834 et
2686 2769 2825 2833 lau-

1628 2858 1783 2922 dem
1815 2859 2089 2922 domino
2119 2860 2616 2922 annunciantes
2705 2858 2824 2921 Re.

1630 2947 1888 3012 Omnes
1896 2956 2130 3030 gentes
2140 2966 2568 3030 quascunque
2579 2946 2789 3009 fecisti
2809 2968 2822 3009 :

1628 3036 1918 3117 alleluya
1948 3035 2113 3099 all’a.
2161 3033 2528 3109 ffVenient
2552 3044 2622 3098 et
2666 3034 2826 3097 ado-

1630 3124 1874 3187 rabunt
1907 3143 2128 3187 coram
2161 3133 2230 3187 te
2267 3124 2553 3188 domine,
2645 3122 2827 3185 All’a

1630 3212 1796 3275 all’a.
1913 3212 2158 3276 Gloria.
2271 3210 2526 3275 Omnes
2573 3220 2825 3293 gentes.

1630 3308 1683 3383 Ϋ
1729 3300 1930 3363 Venit
1987 3300 2212 3363 lumen
2272 3309 2480 3363 tuum.
2576 3299 2824 3364 Oratio.

1632 3388 1819 3451 Deus
1852 3389 1964 3469 qui
2003 3388 2339 3452 hodierna.
2386 3388 2510 3450 Ad
2533 3396 2827 3467 vesperas

1628 3485 1736 3540 aii.
1813 3476 1998 3540 Ante
2059 3476 2418 3539 luciferum.
2520 3483 2584 3537 et
2637 3484 2831 3537 cetere

1628 3564 1977 3646 antiphone
2001 3564 2082 3626 de
2107 3563 2429 3626 laudibus.
2489 3570 2591 3642 pf,
2625 3560 2826 3624 Dixit

1625 3652 1959 3716 dominus,
1989 3662 2096 3715 etc.
2165 3649 2368 3731 Capit.
2419 3648 2632 3729 Surge
2677 3648 2825 3711 illu-

1629 3742 1904 3804 minare.
2001 3739 2114 3802 Re,
2193 3738 2276 3801 In
2335 3736 2661 3799 columbe.
2773 3754 2817 3823 γ

1630 3828 1773 3893 Celi
1845 3828 2073 3909 aperti.
2194 3826 2518 3906 Hymnus.
2587 3824 2826 3889 Hostis

1627 3916 1927 3979 herodes,
2019 3932 2066 4001 y
2115 3916 2338 3995 Reges
2392 3913 2650 3978 tharsis,
2740 3915 2826 3977 In

1620 4002 1950 4087 evangelio
1991 4013 2099 4068 an,
2163 4002 2282 4066 Ab
2326 4003 2580 4066 oriente
2628 4022 2826 4065 vene-

1622 4102 1777 4157 runt
1808 4094 1989 4175 magi
2039 4094 2107 4156 in
2161 4091 2498 4156 bethleem
2548 4091 2827 4155 adorare

1622 4182 1969 4245 dominum
2032 4188 2102 4245 et
2176 4181 2424 4263 apertis
2500 4181 2828 4244 thesauris

1623 4271 1761 4333 suis
1792 4271 2092 4353 preciosa
2115 4290 2388 4333 munera
2410 4268 2829 4333 obtulerunt:

1621 4379 1857 4423 >aurum
1913 4360 2085 4423 sicut
2133 4358 2272 4442 regi
2329 4378 2619 4440 magno:
2663 4357 2822 4420 thus

1987 4540 2006 4569 ²
2037 4538 2252 4604 quotidie
2264 4555 2282 4587 .·
2309 4538 2376 4595 E,
2390 4536 2450 4589 G.
2469 4536 2546 4587 lV.
