3375 5100
1241 351 1345 406 IN
1386 350 1605 406 SEXA
1616 350 1957 406 GESJMA.

866 461 1025 520 253

334 581 508 646 timo
539 579 829 645 fructum
862 581 1149 645 afferunt
1180 582 1249 644 in
1283 581 1538 663 patien-

334 673 449 734 tia.
482 679 585 752 pff.
622 669 1039 734 Benedictus
1100 669 1228 733 Ad
1251 681 1545 752 vesperas

338 760 411 821 in
443 779 697 841 evange.
730 767 837 822 aa.
880 757 1083 840 Quod
1116 767 1342 822 autem
1375 759 1542 823 ceci-

344 849 445 911 dit
478 849 545 910 in
578 857 823 910 terram
860 846 1107 910 bonam
1140 847 1206 910 hi
1238 856 1396 911 sunt
1428 847 1544 929 qui

341 938 408 998 in
445 938 643 999 corde
676 936 855 998 bono
887 944 955 998 et
986 937 1245 1018 optimo
1264 936 1543 998 verbum

346 1025 637 1087 retinent
686 1034 756 1088 et
809 1023 1096 1088 fructum
1144 1024 1430 1088 afferunt
1477 1025 1544 1087 in

345 1114 687 1196 patientia.
765 1121 865 1194 pff.
916 1111 1321 1196 Magnificat.

351 1207 415 1278 (Ι
462 1202 664 1265 Feria
696 1201 821 1285 iiij.
1254 1199 1473 1265 Lectio
1481 1200 1544 1283 j.

346 1291 766 1421 Dixitque
800 1288 816 1328 ¹
848 1290 1159 1353 dominus
1212 1290 1299 1352 ad
1353 1291 1547 1354 Noe:

507 1379 865 1460 Ingredere
912 1388 985 1442 tu
1034 1388 1105 1442 et
1162 1380 1381 1442 omnis
1429 1378 1548 1441 do-

351 1487 499 1530 mus
559 1475 677 1529 tua
737 1467 805 1530 in
857 1466 1171 1532 archam:
1241 1477 1308 1531 te
1369 1468 1547 1530 enim

348 1556 483 1618 vidi
525 1554 781 1636 justum
828 1575 1051 1618 coram
1098 1577 1205 1619 me
1252 1557 1315 1619 in
1350 1575 1553 1638 gene-

352 1644 607 1706 ratione
660 1643 803 1707 hac,
896 1643 1007 1706 Ex
1055 1643 1365 1707 omnibus
1410 1643 1551 1706 ani-

352 1733 689 1796 mantibus
736 1733 1002 1796 mundis
1034 1732 1227 1796 tolles
1274 1741 1552 1814 septena

352 1831 421 1885 et
462 1828 783 1903 septena:
832 1820 1201 1884 masculum
1249 1830 1318 1884 et
1364 1819 1551 1884 femi-

356 1928 530 1972 nam.
1240 1908 1453 1972 Lectio
1485 1908 1553 1991 ij.

632 1996 1081 2060 animantibus
1170 2017 1327 2061 vero
1420 2015 1553 2059 non

514 2085 779 2148 mundis
838 2084 975 2149 duo
1036 2095 1104 2149 et
1156 2087 1331 2150 duo:
1380 2105 1553 2148 mas-

356 2173 580 2238 culum
628 2183 696 2236 et
741 2173 1073 2238 feminam.
1169 2174 1302 2241 Sed
1355 2183 1424 2237 et
1468 2173 1556 2237 de

356 2261 740 2326 volatilibus
786 2262 909 2325 celi
962 2271 1241 2345 septena
1294 2271 1363 2326 et
1408 2281 1555 2344 sep-

356 2364 517 2415 tena
563 2350 932 2414 masculum
965 2359 1033 2413 et
1064 2351 1381 2414 feminam
1419 2373 1433 2414 :
1482 2357 1558 2413 ut

356 2439 648 2503 salvetur
667 2458 896 2502 semen
926 2459 1125 2523 super
1146 2440 1382 2503 faciem
1413 2441 1559 2503 uni-

359 2549 546 2593 verse
575 2536 763 2592 terre.
1215 2527 1430 2591 Lectio
1460 2527 1557 2611 iij.

359 2617 703 2750 Adhuc
735 2616 915 2680 enim
948 2624 1013 2680 et
1047 2625 1200 2699 post
1231 2617 1374 2681 dies
1411 2638 1557 2700 sep-

528 2715 664 2768 tem
688 2725 817 2788 ego
836 2705 1063 2787 pluam
1088 2725 1287 2788 super
1315 2714 1558 2769 terram

362 2794 807 2876 quadraginta
852 2792 1086 2856 diebus
1155 2804 1223 2857 et
1275 2795 1560 2875 quadra-

361 2884 551 2965 ginta
570 2883 905 2946 noctibus:
938 2891 1005 2945 et
1029 2880 1269 2945 delebo
1288 2901 1558 2945 omnem

361 2971 803 3034 substantiam
836 2990 1037 3052 quam
1062 2969 1187 3034 feci
1217 2971 1304 3034 de
1334 2991 1562 3053 super-

364 3059 511 3123 ficie
564 3068 749 3123 terre.
840 3060 927 3123 In
970 3078 1225 3141 evange.
1285 3068 1390 3122 ari.
1486 3058 1557 3123 Si

362 3168 515 3211 vere
561 3148 795 3211 fratres
842 3147 1081 3210 divites
1129 3167 1273 3211 esse
1318 3147 1560 3230 cupitis

363 3256 549 3300 veras
581 3236 847 3299 divitias
878 3243 1118 3298 amate.
1179 3244 1281 3318 pf.
1348 3236 1559 3299 Bene-

362 3326 596 3388 dictus,
665 3323 788 3389 Ad
838 3334 1001 3405 vesp.
1032 3331 1137 3387 aii.
1188 3324 1263 3389 Si
1296 3324 1559 3387 culmen

363 3414 498 3477 veri
560 3412 829 3476 honoris
892 3412 1165 3493 queritis
1225 3413 1310 3475 ad
1376 3412 1559 3476 illam

364 3501 676 3565 celestem
783 3500 1067 3583 patriam
1173 3502 1561 3582 quantotius

365 3599 731 3673 properate.
791 3598 891 3672 p5.
949 3589 1353 3671 Magnificat.

370 3683 432 3756 (Ι
480 3678 680 3741 Feria
708 3699 769 3741 v.
1273 3677 1490 3741 Lectio
1499 3678 1561 3760 j.

365 3767 640 3898 Fecit
700 3785 859 3848 ergo
930 3785 1058 3828 noe
1133 3766 1359 3829 omnia
1433 3785 1564 3847 que

511 3856 942 3918 mandaverat
1061 3854 1121 3916 ei
1235 3855 1561 3918 dominus,

370 3943 665 4025 Eratque
711 3952 1181 4006 sexcentorum
1235 3962 1561 4006 annorum

367 4032 639 4114 quando
687 4031 915 4095 diluvii
968 4050 1139 4112 aque
1202 4031 1563 4095 inundave-

364 4128 519 4185 runt
572 4140 771 4203 super
813 4129 1075 4183 terram.
1172 4119 1263 4182 Et
1316 4122 1563 4202 ingres-

368 4228 480 4275 sus
528 4217 631 4272 est
684 4228 811 4271 noe
864 4216 932 4270 et
980 4207 1095 4269 filii
1152 4208 1337 4289 ejus:
1392 4228 1566 4272 uxor

368 4296 562 4379 ejus:
638 4306 706 4360 et
766 4316 1013 4360 uxores
1073 4294 1359 4359 filiorum
1422 4296 1565 4378 ejus

367 4406 519 4449 cum
554 4406 635 4449 eo
668 4386 735 4448 in
768 4385 1037 4449 archam
1063 4394 1335 4467 propter
1359 4404 1567 4468 aquas

368 4474 611 4537 diluvii.
1252 4473 1467 4537 Lectio
1498 4474 1566 4556 ij.

662 4584 676 4615 ¹
719 4584 1033 4649 ‘que’om.:
1068 4582 1133 4631 G.

2166 464 2318 521 254

1878 582 2328 648 animantibus
2359 601 2626 664 quoque
2656 602 2848 646 mun-

1799 671 1903 735 dis
1948 681 2018 735 et
2049 672 2456 735 immundis:
2503 681 2570 734 et
2602 671 2690 734 de
2731 692 2850 734 vo-

1646 760 1934 825 lucribus
1966 769 2035 823 et
2066 781 2154 823 ex
2187 761 2374 823 omni
2411 759 2591 841 quod
2625 779 2849 823 move-

1648 858 1756 913 tur
1803 869 2003 932 super
2068 859 2312 913 terram
2349 870 2364 912 :
2411 850 2545 912 duo
2599 857 2668 911 et
2714 849 2850 910 duo

1648 939 1944 1020 ingressa
1969 947 2123 1001 sunt
2147 938 2233 1000 ad
2268 957 2396 1000 noe
2441 938 2504 999 in
2545 936 2850 1000 archam:

1650 1026 1985 1089 masculus
2030 1036 2099 1090 et
2131 1026 2380 1089 semina
2424 1025 2594 1089 sicut
2627 1045 2851 1107 prece-

1651 1124 1839 1198 perat
1871 1115 2038 1178 deus
2070 1133 2214 1178 noe.
2309 1115 2590 1196 Cunque
2635 1122 2848 1176 trans-

1652 1205 1857 1266 issent
1899 1212 2160 1286 septem
2191 1203 2372 1267 dies:
2411 1222 2584 1284 aque
2621 1201 2849 1266 diluvii

1651 1293 2140 1356 inundaverunt
2171 1311 2370 1372 super
2399 1301 2660 1354 terram.

1650 1382 1805 1513 Α
1821 1400 1955 1443 nno
1978 1381 2468 1443 sexcentesimo
2491 1379 2734 1463 [Lectio
2753 1377 2850 1461 iij.

1818 1469 1954 1532 vite
2003 1488 2172 1532 noe:
2239 1487 2467 1532 mense
2514 1468 2850 1532 secundo:

1652 1556 2200 1640 septimodecimo
2224 1557 2333 1620 die
2366 1558 2642 1620 mensis:
2677 1556 2852 1638 rupti

1652 1654 1809 1709 sunt
1828 1665 2062 1708 omnes
2084 1644 2304 1709 fontes
2328 1645 2550 1726 abyssi
2577 1664 2851 1726 magne:

1652 1744 1721 1797 et
1741 1733 2121 1798 catharacte
2144 1733 2267 1796 celi
2291 1743 2518 1816 aperte
2539 1742 2710 1797 sunt.
2764 1733 2854 1796 Et

1655 1823 1833 1886 facta
1893 1831 1994 1885 est
2052 1821 2280 1905 pluvia
2351 1842 2548 1905 super
2608 1832 2852 1885 terram

1656 1910 2102 1992 quadraginta
2152 1909 2388 1974 diebus
2453 1920 2519 1975 et
2569 1910 2854 1992 quadra-

1653 1999 1842 2081 ginta
1875 1998 2196 2062 noctibuS.
2274 1997 2360 2061 In
2391 1999 2719 2079 evangelio
2745 2005 2852 2062 αῆ.

1655 2087 1868 2149 Vobis
1890 2087 2124 2149 datum
2148 2093 2265 2150 est.
2299 2095 2401 2168 pff.
2437 2087 2852 2150 Benedictus,

1656 2175 1940 2257 Require
1964 2173 2232 2254 inferia
2264 2175 2334 2256 ij.
2355 2175 2454 2238 ad
2477 2175 2854 2238 matutinas.

1659 2263 1782 2328 Ad
1805 2274 2097 2345 vesperas
2125 2264 2196 2326 in
2225 2283 2406 2326 evan.
2439 2270 2545 2326 αῆ.
2609 2261 2854 2327 Semen

1658 2360 1762 2416 est
1793 2351 2066 2415 verbum
2099 2351 2226 2415 dei.
2288 2359 2386 2434 pf.
2447 2350 2854 2433 Magnificat.

1662 2441 1943 2522 Require
1965 2450 2253 2522 utsupra
2278 2440 2542 2522 inferia
2562 2439 2856 2502 secunda.

1664 2533 1727 2607 (Ι
1775 2528 1975 2592 Feria
2005 2529 2090 2613 vj.
2569 2527 2785 2592 Lectio
2795 2528 2857 2611 j.

1762 2638 1805 2680 n
1866 2618 2145 2681 articulo
2205 2628 2431 2681 autem
2492 2618 2623 2681 diei
2685 2616 2860 2681 illius

1761 2706 2092 2789 ingressus
2141 2716 2243 2770 est
2293 2726 2418 2770 noe
2471 2716 2540 2769 et
2593 2726 2734 2769 sem
2789 2714 2862 2770 et

1662 2793 1857 2859 cham
1890 2805 1957 2858 et
1983 2794 2218 2877 japhet
2249 2795 2364 2859 filii
2413 2794 2555 2873 ejus
2587 2802 2653 2858 et
2685 2814 2861 2858 uxor

1663 2883 1836 2947 illius
1867 2893 1936 2947 et
1966 2892 2099 2947 tres
2123 2903 2368 2947 uxores
2398 2883 2682 2946 filiorum
2715 2884 2860 2965 ejus

1660 2992 1811 3035 cum
1846 2973 1941 3035 eis
1973 2972 2038 3034 in
2071 2972 2378 3037 archam:
2418 2973 2540 3055 ipsi
2573 2981 2641 3035 et
2661 2991 2860 3035 omne

1660 3060 1908 3124 animal
1955 3063 2322 3126 secundum
2368 3080 2578 3143 genus
2624 3080 2860 3124 suum:

1662 3149 2098 3231 universaque
2153 3149 2460 3231 jumenta
2506 3149 2570 3212 in
2614 3168 2858 3230 genere

1661 3258 1783 3301 suo
1819 3258 1833 3301 :
1909 3247 1978 3300 et
2043 3258 2241 3300 omne
2302 3238 2483 3319 quod
2557 3246 2864 3300 movetur

1660 3345 1859 3407 super
1932 3334 2174 3389 terram
2238 3326 2302 3388 in
2373 3345 2615 3407 genere
2685 3346 2806 3389 suo
2842 3344 2858 3387 :

1661 3422 2106 3495 cunctumque
2163 3412 2434 3477 volatile
2493 3414 2859 3476 secundum

1660 3522 1873 3585 genus
1903 3521 2115 3566 suum.
2545 3500 2760 3563 Lectio
2789 3501 2860 3583 ij.

1683 3591 2095 3726 Universe
2143 3610 2299 3652 aves
2347 3608 2713 3671 omnesque
2745 3609 2861 3651 vo-

1836 3676 2044 3741 lucres
2089 3678 2381 3759 ingresse
2427 3685 2582 3739 sunt
2613 3678 2698 3739 ad
2733 3696 2862 3739 noe

1669 3768 1732 3829 in
1781 3766 2051 3829 archam
2083 3765 2240 3829 bina
2286 3775 2352 3829 et
2385 3764 2580 3828 bina:
2628 3774 2694 3828 et
2715 3766 2740 3803 ²
2771 3785 2860 3828 ex

1665 3855 1848 3918 omni
1890 3874 2087 3917 carne
2129 3855 2194 3917 in
2241 3874 2377 3935 qua
2421 3862 2562 3917 erat
2593 3854 2863 3936 spiritus

1663 3943 1816 4007 vite.
1898 3943 1986 4005 Et
2019 3963 2148 4024 que
2181 3943 2472 4024 ingressa
2502 3952 2659 4005 sunt
2690 3962 2864 4005 mas-

1664 4032 1851 4094 culus
1896 4041 1963 4095 et
2009 4031 2254 4094 femina
2298 4052 2386 4095 ex
2435 4032 2618 4094 omni
2665 4050 2862 4095 carne

1668 4119 2060 4184 introierunt
2119 4120 2289 4183 sicut
2359 4127 2742 4203 preceperat
2802 4120 2860 4183 ei

1668 4211 1850 4273 deuS.
2522 4208 2737 4272 Lectio
2767 4207 2863 4290 iij.

1815 4306 1844 4361 t
1898 4295 2158 4359 inclusit
2206 4317 2359 4360 eum
2408 4297 2720 4360 dominus
2780 4297 2866 4359 de

1816 4384 1989 4448 foris,
2085 4386 2498 4468 Factumque
2548 4393 2647 4449 est
2695 4384 2866 4447 dilu-

1665 4475 1846 4537 vium
1897 4473 2337 4556 quadraginta
2385 4473 2620 4537 diebus
2673 4492 2871 4555 super

2007 4584 2028 4613 ²
2067 4587 2144 4633 ‘et
2167 4585 2178 4607 ¹
2203 4598 2344 4635 om.:
2379 4585 2606 4659 1⁴:.G.w²
