3375 5100
951 333 1370 389 DOMJNJCA
1423 332 1528 387 IN
1573 333 1896 387 OCTAVA
1948 335 2297 391 PASCHE.

911 444 1070 498 425

367 547 876 616 'resurrectionis
911 551 1054 632 ejus
1099 551 1328 632 ignara
1357 549 1580 613 viven-

381 650 524 704 tem
585 641 757 703 inter
822 649 1118 704 mortuos
1192 637 1578 721 requirebat.

381 729 502 792 Re.
569 727 786 792 Ecce¹
819 747 1010 792 nunc.
1014 729 1040 764 ²
1265 727 1482 790 Lectio
1514 726 1582 809 ij.

381 818 590 948 Et
649 817 817 880 vidit
893 816 1182 898 lapidem
1243 815 1578 878 sublatum

561 925 602 968 a
647 913 1078 968 monumento
1111 913 1311 986 atque
1342 903 1584 967 festina

379 993 726 1075 discipulis
756 993 1105 1056 nunciavit.
1197 991 1398 1073 Quod
1430 1012 1580 1054 cum

379 1080 690 1164 discipuli
721 1081 1058 1144 audissent
1088 1080 1180 1144 illi
1203 1101 1318 1162 pre
1350 1081 1582 1144 ceteris

377 1179 809 1234 cucurrerunt
837 1170 952 1252 qui
980 1189 1100 1251 pre
1138 1170 1370 1232 ceteris
1401 1188 1582 1231 ama-

379 1268 660 1321 verunt:
706 1267 934 1340 petrus
975 1256 1223 1322 scilicet
1252 1266 1320 1321 et
1342 1257 1580 1340 johan-

379 1366 520 1410 nes.
614 1346 737 1409 Per
763 1354 1024 1428 petrum
1056 1365 1214 1428 ergo
1255 1345 1578 1409 seniorem

377 1431 792 1516 significatur
817 1434 1082 1517 gentilis
1105 1433 1430 1516 populus.
1461 1453 1578 1516 per

369 1523 710 1606 juniorem
769 1543 924 1586 vero
970 1522 1332 1606 johannem
1381 1542 1578 1604 syna-

377 1631 560 1694 goga
605 1611 975 1693 judeorum.
1064 1611 1182 1674 Re.
1251 1611 1370 1674 Isti
1422 1618 1577 1673 sunt

379 1701 558 1782 agni.
1120 1698 1336 1762 Lectio
1366 1699 1575 1762 tertia.

397 1787 673 1938 Vidit
747 1807 906 1870 ergo
973 1786 1298 1869 Johannes
1357 1789 1576 1869 posita

522 1875 938 1940 linthiamina
954 1875 1016 1914 ⁸·
1001 1925 1015 1939 .
1061 1896 1196 1938 non
1221 1884 1446 1938 tamen
1473 1875 1574 1938 in-

375 1965 644 2029 troivit:
690 1966 846 2047 quia
885 1963 1190 2028 videlicet
1234 1983 1575 2046 synagoga

379 2061 454 2116 et
497 2054 816 2136 scripture
865 2061 1278 2116 sacramenta
1329 2071 1572 2134 cogno-

375 2142 518 2205 vit:
563 2151 632 2205 et
661 2150 883 2205 tamen
910 2140 994 2204 ad
1019 2140 1218 2204 fidem
1251 2141 1575 2223 passionis

379 2230 713 2293 dominice
744 2228 1073 2294 credendo
1103 2230 1342 2292 intrare
1365 2229 1574 2292 distu-

377 2318 477 2382 lit.
550 2318 755 2384 Venit
785 2327 1006 2381 autem
1039 2326 1262 2399 petrus
1293 2337 1576 2399 sequens

375 2426 576 2470 eum:
621 2415 690 2470 et
733 2407 1025 2470 introivit
1070 2407 1136 2468 in
1185 2425 1572 2470 monumen-

375 2503 572 2559 tum:
616 2495 774 2578 quia
818 2503 1046 2560 secuta
1097 2495 1418 2577 posterior
1465 2515 1570 2558 ec-

374 2583 582 2647 clesia
626 2584 924 2666 gentium
977 2584 1410 2647 mediatorem
1463 2582 1571 2647 dei

375 2681 450 2736 et
479 2672 822 2736 hominum
862 2672 1198 2735 hominem
1233 2672 1569 2736 Christum

373 2760 610 2843 Jesum
661 2769 731 2824 et
780 2761 1091 2843 cognovit
1142 2779 1336 2823 carne
1395 2780 1572 2823 mor-

373 2859 570 2912 tuum
601 2858 668 2912 et
697 2849 1028 2913 viventem
1069 2846 1364 2912 credidit.
1453 2848 1572 2913 Re.

374 2937 488 3001 De
518 2957 631 3001 ore
660 2936 1015 3020 prudentis,
1075 2946 1178 3017 ps‘·.
1221 2936 1323 3000 Te
1352 2936 1570 3002 deum.

375 3042 430 3112 y
493 3026 795 3091 Surrexit
855 3026 1162 3089 dominus
1218 3045 1387 3089 vere.
1484 3026 1568 3088 In

373 3114 682 3177 laudibus
708 3123 786 3177 ut
810 3126 1023 3196 supra.
1077 3114 1161 3176 In
1189 3134 1441 3195 evange.
1461 3134 1568 3177 an.

377 3202 750 3267 Currebant
778 3202 912 3265 duo
942 3201 1136 3265 simul
1167 3212 1236 3265 et
1267 3202 1375 3265 ille
1405 3202 1572 3265 alius

375 3290 736 3373 discipulus
781 3290 1178 3373 precucurrit
1218 3290 1412 3354 citius
1451 3310 1568 3373 pe-

373 3388 481 3442 tro
527 3388 594 3443 et
621 3381 803 3443 venit
831 3380 1007 3461 prior
1047 3379 1132 3442 ad
1180 3398 1569 3443 monumen-

373 3476 536 3531 tum.
606 3466 768 3532 all’.a
814 3476 915 3548 ps.
950 3467 1361 3532 Benedictus,
1419 3467 1566 3533 Oto,

387 3556 754 3708 Concede
772 3575 1128 3639 quesumus
1147 3556 1568 3638 omnipotens

501 3644 706 3709 deuS.
755 3652 830 3707 ut
859 3645 972 3727 qui
1019 3643 1187 3707 festa
1231 3643 1567 3726 paschalia

373 3733 752 3797 venerando
781 3734 1078 3815 egimus:
1124 3752 1243 3815 per
1258 3732 1380 3797 hec
1411 3752 1566 3796 con-

373 3822 627 3903 tingere
657 3821 742 3884 ad
775 3821 1017 3903 gaudia
1060 3829 1286 3883 eterna
1317 3840 1566 3885 merea-

375 3928 536 3973 mur.
631 3908 753 3973 Per
788 3908 1149 3973 dominum.
1237 3909 1570 3973 Dicuntur

372 3997 569 4061 etiam
600 3996 750 4060 hore
793 3996 914 4060 isto
941 3997 1048 4061 die
1075 4007 1152 4061 ut
1177 4008 1375 4079 supra
1396 4022 1420 4061 .·
1462 4018 1564 4060 ex-

370 4094 534 4167 cepto
551 4084 724 4169 quod
745 4106 868 4149 non
899 4086 1149 4149 dicetur
1161 4086 1487 4167 graduale
1503 4087 1566 4149 :⁴

2190 448 2348 501 426

1685 548 1884 614 leluia
1933 549 2128 614 All’a.
2217 569 2266 639 γ
2314 553 2463 618 Hec
2502 554 2644 619 dies
2674 576 2881 639 quam

1682 636 1838 701 fecit
1882 638 2190 702 dominus
2247 641 2625 707 exultemus
2672 655 2740 709 et
2785 645 2879 709 le-

1683 735 1902 790 temur
1929 729 1995 790 in
2028 749 2121 792 ea.

1687 819 1751 892 (Ι
1796 816 1879 878 In
1908 826 2131 879 octava
2148 817 2175 852 ⁸
2188 817 2437 898 pasche.

1688 903 1971 967 sabbato
2016 905 2113 968 ad
2156 915 2449 986 vesperas
2492 916 2603 972 an.
2688 908 2877 973 Alle-

1681 990 1832 1054 luia.
1900 991 2065 1056 all’.a
2134 993 2411 1059 alleluia.
2486 1005 2587 1076 ps‘.
2665 997 2877 1061 Bene-

1681 1080 1897 1144 dictus
1948 1080 2257 1145 dominus
2303 1083 2467 1146 deus
2520 1104 2708 1148 meus
2759 1087 2875 1169 qui

1681 1168 1893 1231 docet.
1964 1179 2029 1232 et
2080 1170 2270 1232 ceteri
2307 1171 2559 1252 psalmi
2600 1174 2879 1254 fin‘aler

1678 1256 1799 1319 sub
1826 1255 1947 1320 hac
1970 1257 2337 1340 antiphona.
2484 1259 2873 1343 Capitulum.

1691 1344 2057 1478 Christus
2101 1367 2446 1430 resurgens
2474 1369 2566 1412 ex
2597 1352 2877 1414 mortuis

1808 1453 1947 1514 Jam
1997 1455 2129 1497 non
2177 1437 2494 1501 moritur:
2554 1459 2730 1502 mors
2778 1439 2874 1503 illi

1677 1520 1852 1585 ultra
1924 1542 2059 1586 non
2119 1525 2616 1589 dominabitur.
2690 1528 2879 1610 quod

1677 1611 1854 1672 enim
1882 1611 2046 1674 vivit
2080 1611 2245 1674 vivit
2288 1614 2432 1678 deo,
2520 1615 2874 1696 Responsa-

1674 1699 1855 1761 rium
1885 1719 2009 1762 non
2036 1699 2311 1765 dicatur.
2546 1703 2871 1783 Hymnus.

1802 1785 1998 1851 horus
2026 1807 2195 1851 nove
2218 1787 2607 1854 hierusalem
2627 1812 2871 1856 novam

1801 1874 1955 1938 meli
2001 1876 2418 1940 dulcedinem
2464 1889 2730 1960 promat
2760 1901 2870 1944 co-

1675 1961 1819 2026 lens
1850 1984 1999 2027 cum
2032 1964 2263 2027 sobriis
2286 1964 2595 2046 paschale
2624 1967 2875 2032 festum

1673 2051 1948 2133 gaudiis,
2044 2051 2193 2132 Quo
2240 2052 2537 2117 Christus
2584 2055 2875 2120 invictus

1676 2139 1781 2202 leo
1806 2139 2091 2204 dracone
2134 2160 2407 2222 surgens
2438 2143 2675 2206 obruto
2705 2143 2869 2208 dum

1672 2247 1836 2292 voce
1865 2229 2015 2292 viva
2044 2238 2355 2310 personat
2374 2251 2414 2293 a
2446 2241 2658 2294 morte
2680 2230 2871 2295 func-¹

1672 2324 1780 2378 tos
1810 2317 2077 2380 excitat.
2138 2316 2349 2396 Quam
2376 2318 2725 2382 devorarat
2745 2321 2867 2383 im-

1671 2405 1919 2486 probus
1968 2405 2245 2488 predam
2292 2405 2532 2469 refudit
2581 2416 2869 2472 tartarus

1670 2494 2057 2577 captivitate
2087 2493 2293 2558 libera
2322 2495 2549 2577 Jesum
2580 2515 2869 2580 sequun-

1669 2592 1779 2648 tur
1791 2584 2073 2667 agmina.
2114 2582 2504 2667 Triutnphat
2522 2584 2631 2649 ille
2649 2585 2867 2668 splen-

1669 2672 1826 2735 dide
1856 2681 1925 2736 et
1954 2672 2191 2754 dignus
2222 2671 2697 2755 amplitudine:
2742 2673 2867 2738 soli

1669 2760 1938 2843 polique
1968 2762 2251 2843 patriam
2285 2780 2484 2825 unam
2508 2762 2667 2826 facit
2697 2783 2868 2826 rem-

1669 2849 2020 2931 publicam.
2111 2850 2343 2931 Ipsum
2376 2852 2677 2915 canendo
2712 2872 2872 2935 sup-

1670 2936 1875 3019 plices
1923 2958 2145 3020 regem
2197 2958 2541 3020 precemur
2584 2940 2865 3005 milites:

1671 3034 1746 3089 ut
1778 3026 1845 3089 in
1876 3046 2003 3089 suo
2042 3024 2401 3090 clarissimo
2447 3046 2569 3090 nos
2606 3027 2866 3092 ordinet

1670 3112 1937 3197 palatio,
1988 3114 2129 3178 Per
2155 3114 2419 3179 secula⁶
2438 3126 2615 3180 mete
2647 3118 2867 3181 nescia

1669 3203 1841 3285 patri
1871 3221 2182 3284 supremo
2226 3202 2479 3305 gloria:
2525 3204 2867 3288 honorque

1669 3290 1757 3354 sit
1788 3310 1937 3355 cum
1969 3290 2104 3354 filio
2147 3299 2215 3354 et
2243 3292 2472 3374 spiritu
2504 3292 2863 3375 paraclyto,

1668 3378 1913 3443 Amen.
2002 3396 2045 3467 γ
2096 3379 2298 3443 Mane
2349 3379 2694 3443 nobiscum
2748 3379 2864 3443 do-

1670 3468 1865 3532 mine.
1974 3466 2307 3549 Quoniam
2377 3468 2864 3550 advesperascit

1668 3563 1739 3618 et
1784 3554 2100 3619 inclinata
2146 3564 2247 3619 est
2286 3554 2425 3635 jam
2472 3556 2631 3619 dies.
2696 3555 2863 3621 all’a.

1669 3642 1790 3707 Sic
1829 3644 2139 3706 dicantur
2162 3643 2544 3724 antiphone·
2520 3693 2535 3707 .
2573 3644 2863 3725 psalmi·
2842 3692 2857 3707 .

1665 3732 2014 3813 capitulum
2035 3756 2059 3795 :
2115 3730 2390 3811 hymnus
2408 3754 2433 3793 .·
2490 3742 2553 3795 et
2586 3732 2861 3795 versicu-

1665 3820 1771 3883 lus
1822 3820 1894 3883 in
1940 3818 2223 3883 sabbatis
2271 3840 2471 3901 usque
2509 3820 2607 3883 ad
2650 3840 2863 3883 ascen-

1663 3908 1905 3972 sionem
1948 3906 2203 3971 domini
2244 3906 2497 3990 quando
2534 3908 2613 3972 de
2652 3908 2861 3973 domi-

1665 3997 1808 4060 nica
1836 3996 2079 4079 agitur.

1667 4089 1731 4162 01
1769 4086 1871 4149 Et
1892 4084 2217 4149 sciendum
2247 4084 2421 4167 quod
2441 4085 2539 4148 ad
2559 4085 2861 4149 ultimam

369 4174 490 4237 sed
525 4174 650 4237 loco
689 4174 1042 4255 gradualis
1086 4175 1337 4237 dicetur
1377 4174 1565 4238 Alle-
1648 4174 2046 4256 particulam
2072 4173 2376 4237 versiculi
2404 4183 2538 4237 tam
2571 4174 2651 4237 de
2661 4174 2863 4255 scutis·

372 4260 520 4325 luia.
579 4282 721 4325 cum
767 4282 969 4326 versu.
1036 4263 1182 4327 Hec
1221 4264 1376 4327 dies,
1412 4272 1566 4344 post

370 4370 554 4432 quem
585 4370 844 4413 versum
887 4372 1013 4414 non
1057 4351 1377 4435 repetitur.
1436 4349 1562 4414 Al-

473 4489 484 4517 ¹
527 4486 618 4537 ‘Et
643 4502 757 4537 ecce
775 4488 944 4539 vicit':
979 4488 1046 4538 N.

473 4556 490 4585 ⁴
517 4554 724 4618 gradale
743 4554 826 4605 hic
845 4562 890 4605 et
900 4555 1090 4621 passim
1105 4571 1122 4605 .·
1157 4555 1228 4606 Ν.

1267 4490 1288 4521 ²
1319 4504 1409 4555 pro
1439 4486 1636 4604 ‘npncz'
1661 4488 1779 4566 vicit
1797 4556 1863 4605 Ν
1848 4488 1935 4539 W.

1550 4572 1602 4605 oc
1621 4570 1729 4605 ems
1746 4570 1763 4603 .·
1853 4592 1869 4606 .

1661 4272 2031 4325 sanctorum
2062 4282 2259 4344 quam
2291 4262 2373 4325 de
2414 4263 2866 4347 resurrectione

1661 4360 1933 4432 tempore
2007 4350 2130 4415 isto
2201 4350 2497 4433 sequitur
2552 4350 2859 4417 alleluia:

2158 4490 2179 4518 ⁸
2210 4486 2573 4538 lintheamina:
2608 4488 2769 4539 N.w.

2158 4556 2177 4585 ⁸
2210 4554 2341 4605 secla
2368 4571 2381 4605 ε
2414 4553 2570 4604 W.N.
