<?xml version="1.0" encoding="UTF-8"?>
<!DOCTYPE html PUBLIC "-//W3C//DTD XHTML 1.0 Transitional//EN"
    "http://www.w3.org/TR/xhtml1/DTD/xhtml1-transitional.dtd">
<html xmlns="http://www.w3.org/1999/xhtml" xml:lang="en" lang="en">
 <head>
  <title>
</title>
<meta http-equiv="Content-Type" content="text/html;charset=utf-8" />
  <meta name='ocr-system' content='tesseract 3.04.00' />
  <meta name='ocr-capabilities' content='ocr_page ocr_carea ocr_par ocr_line ocrx_word'/>
</head>
<body>
  <div class='ocr_page' id='page_1' title='image "./publicationssur05unkngoog_0468.png"; bbox 0 0 3375 5100; ppageno 0'>
   <div class='ocr_carea' id='block_1_1' title="bbox 1219 406 1923 463">
    <p class='ocr_par' dir='ltr' id='par_1_1' title="bbox 1219 406 1923 463">
     <span class='ocr_line' id='line_1_1' title="bbox 1219 406 1923 463; baseline 0.001 -1"><span class='ocrx_word' id='word_1_1' title='bbox 1219 407 1345 462; x_wconf 79' lang='lat' dir='ltr'>AD</span> <span class='ocrx_word' id='word_1_2' title='bbox 1390 406 1517 462; x_wconf 79' lang='lat' dir='ltr'>MA</span> <span class='ocrx_word' id='word_1_3' title='bbox 1533 406 1923 463; x_wconf 78' lang='lat' dir='ltr'><em>TUTJNAS.</em></span> 
     </span>
    </p>
   </div>
   <div class='ocr_carea' id='block_1_2' title="bbox 864 516 1005 573">
    <p class='ocr_par' dir='ltr' id='par_1_2' title="bbox 864 516 1005 573">
     <span class='ocr_line' id='line_1_2' title="bbox 864 516 1005 573; baseline -0.007 -1"><span class='ocrx_word' id='word_1_4' title='bbox 864 516 1005 573; x_wconf 83' lang='lat'>819</span> 
     </span>
    </p>
   </div>
   <div class='ocr_carea' id='block_1_3' title="bbox 324 634 1557 4352">
    <p class='ocr_par' dir='ltr' id='par_1_3' title="bbox 324 634 1549 2844">
     <span class='ocr_line' id='line_1_3' title="bbox 324 634 1531 722; baseline -0.002 -20"><span class='ocrx_word' id='word_1_5' title='bbox 324 636 665 722; x_wconf 84' lang='lat' dir='ltr'><strong>potentias</strong></span> <span class='ocrx_word' id='word_1_6' title='bbox 683 657 698 701; x_wconf 75' lang='lat' dir='ltr'><strong><em>z</em></strong></span> <span class='ocrx_word' id='word_1_7' title='bbox 720 656 943 700; x_wconf 89' lang='lat' dir='ltr'>arcum</span> <span class='ocrx_word' id='word_1_8' title='bbox 957 643 1216 699; x_wconf 90' lang='lat' dir='ltr'>scutum</span> <span class='ocrx_word' id='word_1_9' title='bbox 1230 634 1531 718; x_wconf 87' lang='lat' dir='ltr'>gladium</span> 
     </span>
     <span class='ocr_line' id='line_1_4' title="bbox 328 724 1531 790; baseline -0.002 0"><span class='ocrx_word' id='word_1_10' title='bbox 328 736 401 790; x_wconf 90' lang='lat' dir='ltr'>et</span> <span class='ocrx_word' id='word_1_11' title='bbox 432 726 697 790; x_wconf 90' lang='lat' dir='ltr'>bellum.</span> <span class='ocrx_word' id='word_1_12' title='bbox 789 724 1200 788; x_wconf 88' lang='lat' dir='ltr'>Illuminans</span> <span class='ocrx_word' id='word_1_13' title='bbox 1229 734 1303 788; x_wconf 91' lang='lat' dir='ltr'>tu</span> <span class='ocrx_word' id='word_1_14' title='bbox 1337 726 1531 788; x_wconf 88' lang='lat' dir='ltr'>mira-</span> 
     </span>
     <span class='ocr_line' id='line_1_5' title="bbox 327 813 1536 879; baseline -0.002 -1"><span class='ocrx_word' id='word_1_15' title='bbox 327 814 552 879; x_wconf 92' lang='lat' dir='ltr'>biliter</span> <span class='ocrx_word' id='word_1_16' title='bbox 595 836 637 878; x_wconf 91' lang='lat' dir='ltr'>a</span> <span class='ocrx_word' id='word_1_17' title='bbox 682 813 1019 877; x_wconf 87' lang='lat' dir='ltr'>montibus</span> <span class='ocrx_word' id='word_1_18' title='bbox 1063 814 1344 877; x_wconf 90' lang='lat' dir='ltr'>eternis:</span> <span class='ocrx_word' id='word_1_19' title='bbox 1398 822 1536 877; x_wconf 89' lang='lat' dir='ltr'>tur-</span> 
     </span>
     <span class='ocr_line' id='line_1_6' title="bbox 329 902 1535 985; baseline -0.002 -18"><span class='ocrx_word' id='word_1_20' title='bbox 329 904 477 967; x_wconf 90' lang='lat' dir='ltr'>bati</span> <span class='ocrx_word' id='word_1_21' title='bbox 508 911 664 967; x_wconf 92' lang='lat' dir='ltr'>sunt</span> <span class='ocrx_word' id='word_1_22' title='bbox 694 922 927 966; x_wconf 89' lang='lat' dir='ltr'>omnes</span> <span class='ocrx_word' id='word_1_23' title='bbox 973 902 1356 985; x_wconf 88' lang='lat' dir='ltr'><strong>insipientes</strong></span> <span class='ocrx_word' id='word_1_24' title='bbox 1392 922 1535 966; x_wconf 88' lang='lat' dir='ltr'>cor-</span> 
     </span>
     <span class='ocr_line' id='line_1_7' title="bbox 331 990 1532 1056; baseline -0.001 0"><span class='ocrx_word' id='word_1_25' title='bbox 331 993 441 1056; x_wconf 87' lang='lat' dir='ltr'>de.</span> <span class='ocrx_word' id='word_1_26' title='bbox 501 990 939 1056; x_wconf 90' lang='lat' dir='ltr'>Dormierunt</span> <span class='ocrx_word' id='word_1_27' title='bbox 957 1010 1266 1054; x_wconf 90' lang='lat' dir='ltr'>somnum</span> <span class='ocrx_word' id='word_1_28' title='bbox 1298 1010 1532 1055; x_wconf 89' lang='lat' dir='ltr'>suum:</span> 
     </span>
     <span class='ocr_line' id='line_1_8' title="bbox 332 1077 1534 1144; baseline -0.003 0"><span class='ocrx_word' id='word_1_29' title='bbox 332 1089 405 1144; x_wconf 93' lang='lat' dir='ltr'>et</span> <span class='ocrx_word' id='word_1_30' title='bbox 458 1078 621 1143; x_wconf 88' lang='lat' dir='ltr'>nihil</span> <span class='ocrx_word' id='word_1_31' title='bbox 680 1080 1071 1142; x_wconf 89' lang='lat' dir='ltr'>invenerunt</span> <span class='ocrx_word' id='word_1_32' title='bbox 1129 1098 1363 1142; x_wconf 90' lang='lat' dir='ltr'>omnes</span> <span class='ocrx_word' id='word_1_33' title='bbox 1413 1077 1534 1142; x_wconf 91' lang='lat' dir='ltr'>viri</span> 
     </span>
     <span class='ocr_line' id='line_1_9' title="bbox 332 1166 1535 1232; baseline -0.002 0"><span class='ocrx_word' id='word_1_34' title='bbox 332 1168 715 1232; x_wconf 88' lang='lat' dir='ltr'>divitiarum</span> <span class='ocrx_word' id='word_1_35' title='bbox 818 1167 887 1230; x_wconf 88' lang='lat' dir='ltr'>in</span> <span class='ocrx_word' id='word_1_36' title='bbox 990 1166 1296 1231; x_wconf 89' lang='lat' dir='ltr'>manibus</span> <span class='ocrx_word' id='word_1_37' title='bbox 1384 1167 1535 1230; x_wconf 89' lang='lat' dir='ltr'>suis.</span> 
     </span>
     <span class='ocr_line' id='line_1_10' title="bbox 331 1254 1536 1338; baseline -0.002 -17"><span class='ocrx_word' id='word_1_38' title='bbox 331 1258 454 1321; x_wconf 84' lang='lat' dir='ltr'>Ab</span> <span class='ocrx_word' id='word_1_39' title='bbox 486 1256 933 1338; x_wconf 85' lang='lat' dir='ltr'>increpatione</span> <span class='ocrx_word' id='word_1_40' title='bbox 963 1263 1081 1319; x_wconf 85' lang='lat' dir='ltr'>tua</span> <span class='ocrx_word' id='word_1_41' title='bbox 1115 1255 1278 1318; x_wconf 91' lang='lat' dir='ltr'>deus</span> <span class='ocrx_word' id='word_1_42' title='bbox 1303 1254 1536 1336; x_wconf 89' lang='lat' dir='ltr'>jacob:</span> 
     </span>
     <span class='ocr_line' id='line_1_11' title="bbox 334 1344 1538 1426; baseline -0.002 -17"><span class='ocrx_word' id='word_1_43' title='bbox 334 1346 859 1409; x_wconf 88' lang='lat' dir='ltr'>dormitaverunt</span> <span class='ocrx_word' id='word_1_44' title='bbox 918 1345 1031 1426; x_wconf 93' lang='lat' dir='ltr'>qui</span> <span class='ocrx_word' id='word_1_45' title='bbox 1096 1344 1538 1407; x_wconf 89' lang='lat' dir='ltr'>ascenderunt</span> 
     </span>
     <span class='ocr_line' id='line_1_12' title="bbox 334 1431 1538 1517; baseline -0.003 -18"><span class='ocrx_word' id='word_1_46' title='bbox 334 1454 560 1517; x_wconf 90' lang='lat' dir='ltr'>equos.</span> <span class='ocrx_word' id='word_1_47' title='bbox 663 1434 767 1497; x_wconf 88' lang='lat' dir='ltr'>Tu</span> <span class='ocrx_word' id='word_1_48' title='bbox 815 1431 1119 1496; x_wconf 90' lang='lat' dir='ltr'>terribilis</span> <span class='ocrx_word' id='word_1_49' title='bbox 1174 1452 1244 1495; x_wconf 91' lang='lat' dir='ltr'>es</span> <span class='ocrx_word' id='word_1_50' title='bbox 1291 1440 1360 1495; x_wconf 90' lang='lat' dir='ltr'>et</span> <span class='ocrx_word' id='word_1_51' title='bbox 1390 1432 1538 1514; x_wconf 90' lang='lat' dir='ltr'>quis</span> 
     </span>
     <span class='ocr_line' id='line_1_13' title="bbox 336 1520 1535 1587; baseline -0.002 0"><span class='ocrx_word' id='word_1_52' title='bbox 336 1524 601 1587; x_wconf 85' lang='lat' dir='ltr'>resistet</span> <span class='ocrx_word' id='word_1_53' title='bbox 653 1521 815 1585; x_wconf 89' lang='lat' dir='ltr'>tibi:</span> <span class='ocrx_word' id='word_1_54' title='bbox 882 1541 972 1585; x_wconf 88' lang='lat' dir='ltr'>ex</span> <span class='ocrx_word' id='word_1_55' title='bbox 1026 1528 1186 1584; x_wconf 91' lang='lat' dir='ltr'>tunc</span> <span class='ocrx_word' id='word_1_56' title='bbox 1246 1520 1343 1585; x_wconf 91' lang='lat' dir='ltr'>ira</span> <span class='ocrx_word' id='word_1_57' title='bbox 1402 1530 1535 1585; x_wconf 91' lang='lat' dir='ltr'>tua.</span> 
     </span>
     <span class='ocr_line' id='line_1_14' title="bbox 334 1608 1539 1691; baseline -0.004 -15"><span class='ocrx_word' id='word_1_58' title='bbox 334 1613 449 1676; x_wconf 89' lang='lat' dir='ltr'>De</span> <span class='ocrx_word' id='word_1_59' title='bbox 508 1610 653 1676; x_wconf 93' lang='lat' dir='ltr'>celo</span> <span class='ocrx_word' id='word_1_60' title='bbox 720 1609 1025 1673; x_wconf 88' lang='lat' dir='ltr'>auditum</span> <span class='ocrx_word' id='word_1_61' title='bbox 1094 1608 1305 1673; x_wconf 83' lang='lat' dir='ltr'>fecisti</span> <span class='ocrx_word' id='word_1_62' title='bbox 1361 1608 1539 1691; x_wconf 90' lang='lat' dir='ltr'>judi-</span> 
     </span>
     <span class='ocr_line' id='line_1_15' title="bbox 336 1696 1536 1780; baseline -0.003 -16"><span class='ocrx_word' id='word_1_63' title='bbox 336 1702 559 1764; x_wconf 86' lang='lat' dir='ltr'>cium:</span> <span class='ocrx_word' id='word_1_64' title='bbox 610 1710 782 1763; x_wconf 87' lang='lat' dir='ltr'>terra</span> <span class='ocrx_word' id='word_1_65' title='bbox 834 1696 1105 1762; x_wconf 90' lang='lat' dir='ltr'>tremuit</span> <span class='ocrx_word' id='word_1_66' title='bbox 1154 1707 1222 1761; x_wconf 93' lang='lat' dir='ltr'>et</span> <span class='ocrx_word' id='word_1_67' title='bbox 1271 1698 1536 1780; x_wconf 88' lang='lat' dir='ltr'>quievit.</span> 
     </span>
     <span class='ocr_line' id='line_1_16' title="bbox 345 1785 1538 1870; baseline -0.003 -16"><span class='ocrx_word' id='word_1_68' title='bbox 345 1788 512 1855; x_wconf 89' lang='lat' dir='ltr'>Cum</span> <span class='ocrx_word' id='word_1_69' title='bbox 560 1794 914 1870; x_wconf 78' lang='lat' dir='ltr'>exurgeret</span> <span class='ocrx_word' id='word_1_70' title='bbox 947 1786 1011 1849; x_wconf 91' lang='lat' dir='ltr'>in</span> <span class='ocrx_word' id='word_1_71' title='bbox 1038 1785 1289 1868; x_wconf 89' lang='lat' dir='ltr'>judicio</span> <span class='ocrx_word' id='word_1_72' title='bbox 1336 1785 1538 1851; x_wconf 89' lang='lat' dir='ltr'>deus:</span> 
     </span>
     <span class='ocr_line' id='line_1_17' title="bbox 338 1876 1540 1941; baseline -0.004 0"><span class='ocrx_word' id='word_1_73' title='bbox 338 1885 415 1941; x_wconf 89' lang='lat' dir='ltr'>ut</span> <span class='ocrx_word' id='word_1_74' title='bbox 445 1876 663 1940; x_wconf 90' lang='lat' dir='ltr'>salvos</span> <span class='ocrx_word' id='word_1_75' title='bbox 694 1876 939 1939; x_wconf 84' lang='lat' dir='ltr'>faceret</span> <span class='ocrx_word' id='word_1_76' title='bbox 969 1895 1202 1939; x_wconf 91' lang='lat' dir='ltr'>omnes</span> <span class='ocrx_word' id='word_1_77' title='bbox 1234 1894 1540 1939; x_wconf 89' lang='lat' dir='ltr'>mansue-</span> 
     </span>
     <span class='ocr_line' id='line_1_18' title="bbox 340 1962 1542 2047; baseline -0.003 -18"><span class='ocrx_word' id='word_1_78' title='bbox 340 1975 447 2030; x_wconf 91' lang='lat' dir='ltr'>tos</span> <span class='ocrx_word' id='word_1_79' title='bbox 518 1974 705 2029; x_wconf 88' lang='lat' dir='ltr'>terre.</span> <span class='ocrx_word' id='word_1_80' title='bbox 824 1962 1151 2042; x_wconf 83' lang='lat' dir='ltr'>Quoniam</span> <span class='ocrx_word' id='word_1_81' title='bbox 1224 1962 1542 2047; x_wconf 79' lang='lat' dir='ltr'>cogitatio</span> 
     </span>
     <span class='ocr_line' id='line_1_19' title="bbox 338 2051 1544 2117; baseline -0.002 0"><span class='ocrx_word' id='word_1_82' title='bbox 338 2054 627 2117; x_wconf 87' lang='lat' dir='ltr'>hominis</span> <span class='ocrx_word' id='word_1_83' title='bbox 672 2051 1095 2117; x_wconf 86' lang='lat' dir='ltr'>confitebitur</span> <span class='ocrx_word' id='word_1_84' title='bbox 1139 2052 1299 2117; x_wconf 87' lang='lat' dir='ltr'>tibi:</span> <span class='ocrx_word' id='word_1_85' title='bbox 1346 2060 1413 2115; x_wconf 92' lang='lat' dir='ltr'>et</span> <span class='ocrx_word' id='word_1_86' title='bbox 1446 2072 1544 2115; x_wconf 92' lang='lat' dir='ltr'>re-</span> 
     </span>
     <span class='ocr_line' id='line_1_20' title="bbox 340 2139 1543 2225; baseline -0.002 -20"><span class='ocrx_word' id='word_1_87' title='bbox 340 2141 545 2225; x_wconf 90' lang='lat' dir='ltr'>liquie</span> <span class='ocrx_word' id='word_1_88' title='bbox 601 2142 1021 2223; x_wconf 85' lang='lat' dir='ltr'>cogitationis</span> <span class='ocrx_word' id='word_1_89' title='bbox 1070 2141 1249 2206; x_wconf 89' lang='lat' dir='ltr'>diem</span> <span class='ocrx_word' id='word_1_90' title='bbox 1298 2139 1543 2204; x_wconf 85' lang='lat' dir='ltr'>festum</span> 
     </span>
     <span class='ocr_line' id='line_1_21' title="bbox 341 2228 1544 2313; baseline -0.002 -19"><span class='ocrx_word' id='word_1_91' title='bbox 341 2239 545 2313; x_wconf 84' lang='lat' dir='ltr'>agent</span> <span class='ocrx_word' id='word_1_92' title='bbox 596 2230 735 2295; x_wconf 90' lang='lat' dir='ltr'>tibi.</span> <span class='ocrx_word' id='word_1_93' title='bbox 846 2228 911 2294; x_wconf 84' lang='lat' dir='ltr'><em>V</em></span> <span class='ocrx_word' id='word_1_94' title='bbox 906 2238 1099 2293; x_wconf 87' lang='lat' dir='ltr'>ovete</span> <span class='ocrx_word' id='word_1_95' title='bbox 1159 2238 1227 2293; x_wconf 91' lang='lat' dir='ltr'>et</span> <span class='ocrx_word' id='word_1_96' title='bbox 1287 2229 1544 2293; x_wconf 90' lang='lat' dir='ltr'>reddite</span> 
     </span>
     <span class='ocr_line' id='line_1_22' title="bbox 342 2316 1543 2399; baseline -0.002 -16"><span class='ocrx_word' id='word_1_97' title='bbox 342 2320 617 2383; x_wconf 89' lang='lat' dir='ltr'>domino</span> <span class='ocrx_word' id='word_1_98' title='bbox 648 2319 777 2382; x_wconf 92' lang='lat' dir='ltr'>deo</span> <span class='ocrx_word' id='word_1_99' title='bbox 805 2327 1026 2381; x_wconf 90' lang='lat' dir='ltr'>vestro</span> <span class='ocrx_word' id='word_1_100' title='bbox 1052 2317 1069 2355; x_wconf 86' lang='lat'><strong>¹</strong></span> <span class='ocrx_word' id='word_1_101' title='bbox 1096 2339 1111 2381; x_wconf 91' lang='lat'>:</span> <span class='ocrx_word' id='word_1_102' title='bbox 1158 2338 1392 2381; x_wconf 88' lang='lat' dir='ltr'>omnes</span> <span class='ocrx_word' id='word_1_103' title='bbox 1429 2316 1543 2399; x_wconf 89' lang='lat' dir='ltr'>qui</span> 
     </span>
     <span class='ocr_line' id='line_1_23' title="bbox 344 2405 1544 2488; baseline 0.001 -18"><span class='ocrx_word' id='word_1_104' title='bbox 344 2409 410 2471; x_wconf 91' lang='lat' dir='ltr'>in</span> <span class='ocrx_word' id='word_1_105' title='bbox 452 2408 725 2471; x_wconf 91' lang='lat' dir='ltr'>circuitu</span> <span class='ocrx_word' id='word_1_106' title='bbox 769 2405 913 2488; x_wconf 88' lang='lat' dir='ltr'>ejus</span> <span class='ocrx_word' id='word_1_107' title='bbox 958 2405 1205 2469; x_wconf 88' lang='lat' dir='ltr'>affertis</span> <span class='ocrx_word' id='word_1_108' title='bbox 1254 2426 1544 2471; x_wconf 84' lang='lat' dir='ltr'>munera.</span> 
     </span>
     <span class='ocr_line' id='line_1_24' title="bbox 354 2494 1545 2578; baseline -0.002 -18"><span class='ocrx_word' id='word_1_109' title='bbox 354 2496 650 2561; x_wconf 84' lang='lat' dir='ltr'>Terribili</span> <span class='ocrx_word' id='word_1_110' title='bbox 682 2506 750 2560; x_wconf 85' lang='lat' dir='ltr'>et</span> <span class='ocrx_word' id='word_1_111' title='bbox 769 2496 828 2560; x_wconf 92' lang='lat' dir='ltr'>ei</span> <span class='ocrx_word' id='word_1_112' title='bbox 860 2495 973 2578; x_wconf 89' lang='lat' dir='ltr'>qui</span> <span class='ocrx_word' id='word_1_113' title='bbox 1006 2494 1220 2560; x_wconf 82' lang='lat' dir='ltr'>aufert</span> <span class='ocrx_word' id='word_1_114' title='bbox 1242 2495 1545 2578; x_wconf 89' lang='lat' dir='ltr'>spiritum</span> 
     </span>
     <span class='ocr_line' id='line_1_25' title="bbox 342 2583 1546 2669; baseline -0.002 -19"><span class='ocrx_word' id='word_1_115' title='bbox 342 2586 761 2669; x_wconf 87' lang='lat' dir='ltr'>principum:</span> <span class='ocrx_word' id='word_1_116' title='bbox 807 2583 1081 2650; x_wconf 87' lang='lat' dir='ltr'>terribili</span> <span class='ocrx_word' id='word_1_117' title='bbox 1129 2584 1308 2667; x_wconf 88' lang='lat' dir='ltr'>apud</span> <span class='ocrx_word' id='word_1_118' title='bbox 1357 2604 1546 2666; x_wconf 90' lang='lat' dir='ltr'>reges</span> 
     </span>
     <span class='ocr_line' id='line_1_26' title="bbox 345 2673 1546 2738; baseline -0.002 0"><span class='ocrx_word' id='word_1_119' title='bbox 345 2673 562 2738; x_wconf 77' lang='lat' dir='ltr'>terre.²</span> <span class='ocrx_word' id='word_1_120' title='bbox 614 2683 719 2737; x_wconf 76' lang='grc' dir='ltr'>αῆ.</span> <span class='ocrx_word' id='word_1_121' title='bbox 798 2673 891 2736; x_wconf 90' lang='lat' dir='ltr'>Et</span> <span class='ocrx_word' id='word_1_122' title='bbox 922 2673 1378 2738; x_wconf 89' lang='lat' dir='ltr'>invocabimus</span> <span class='ocrx_word' id='word_1_123' title='bbox 1425 2693 1546 2736; x_wconf 89' lang='lat' dir='ltr'>no-</span> 
     </span>
     <span class='ocr_line' id='line_1_27' title="bbox 346 2761 1549 2844; baseline -0.002 -17"><span class='ocrx_word' id='word_1_124' title='bbox 346 2782 499 2827; x_wconf 88' lang='lat' dir='ltr'>men</span> <span class='ocrx_word' id='word_1_125' title='bbox 533 2772 723 2825; x_wconf 90' lang='lat' dir='ltr'>tuum</span> <span class='ocrx_word' id='word_1_126' title='bbox 754 2761 1041 2826; x_wconf 89' lang='lat' dir='ltr'>domine.</span> <span class='ocrx_word' id='word_1_127' title='bbox 1418 2761 1549 2844; x_wconf 60' lang='lat' dir='ltr'>pf?</span> 
     </span>
    </p>

    <p class='ocr_par' dir='ltr' id='par_1_4' title="bbox 512 2849 1548 2915">
     <span class='ocr_line' id='line_1_28' title="bbox 512 2849 1548 2915; baseline -0.003 0"><span class='ocrx_word' id='word_1_128' title='bbox 512 2871 631 2915; x_wconf 91' lang='lat' dir='ltr'>oce</span> <span class='ocrx_word' id='word_1_129' title='bbox 682 2871 830 2914; x_wconf 93' lang='lat' dir='ltr'>mea</span> <span class='ocrx_word' id='word_1_130' title='bbox 882 2849 969 2914; x_wconf 90' lang='lat' dir='ltr'>ad</span> <span class='ocrx_word' id='word_1_131' title='bbox 1018 2850 1363 2915; x_wconf 90' lang='lat' dir='ltr'>dominum</span> <span class='ocrx_word' id='word_1_132' title='bbox 1413 2849 1548 2913; x_wconf 93' lang='lat' dir='ltr'>cla-</span> 
     </span>
    </p>

    <p class='ocr_par' dir='ltr' id='par_1_5' title="bbox 347 2937 1557 4352">
     <span class='ocr_line' id='line_1_29' title="bbox 514 2937 1546 3003; baseline -0.002 -1"><span class='ocrx_word' id='word_1_133' title='bbox 514 2939 733 3003; x_wconf 89' lang='lat' dir='ltr'>mavi:</span> <span class='ocrx_word' id='word_1_134' title='bbox 790 2959 954 3002; x_wconf 92' lang='lat' dir='ltr'>voce</span> <span class='ocrx_word' id='word_1_135' title='bbox 1001 2959 1151 3003; x_wconf 91' lang='lat' dir='ltr'>mea</span> <span class='ocrx_word' id='word_1_136' title='bbox 1204 2940 1289 3003; x_wconf 89' lang='lat' dir='ltr'>ad</span> <span class='ocrx_word' id='word_1_137' title='bbox 1344 2937 1546 3002; x_wconf 90' lang='lat' dir='ltr'>deum</span> 
     </span>
     <span class='ocr_line' id='line_1_30' title="bbox 348 3026 1549 3093; baseline -0.002 -1"><span class='ocrx_word' id='word_1_138' title='bbox 348 3037 416 3093; x_wconf 89' lang='lat' dir='ltr'>et</span> <span class='ocrx_word' id='word_1_139' title='bbox 453 3027 742 3092; x_wconf 89' lang='lat' dir='ltr'>intendit</span> <span class='ocrx_word' id='word_1_140' title='bbox 788 3026 965 3090; x_wconf 89' lang='lat' dir='ltr'>mihi.</span> <span class='ocrx_word' id='word_1_141' title='bbox 1054 3027 1141 3090; x_wconf 90' lang='lat' dir='ltr'>In</span> <span class='ocrx_word' id='word_1_142' title='bbox 1186 3027 1295 3090; x_wconf 90' lang='lat' dir='ltr'>die</span> <span class='ocrx_word' id='word_1_143' title='bbox 1340 3027 1549 3091; x_wconf 90' lang='lat' dir='ltr'>tribu-</span> 
     </span>
     <span class='ocr_line' id='line_1_31' title="bbox 347 3115 1547 3198; baseline -0.002 -18"><span class='ocrx_word' id='word_1_144' title='bbox 347 3117 615 3180; x_wconf 89' lang='lat' dir='ltr'>lationis</span> <span class='ocrx_word' id='word_1_145' title='bbox 646 3137 792 3180; x_wconf 90' lang='lat' dir='ltr'>mee</span> <span class='ocrx_word' id='word_1_146' title='bbox 822 3115 1022 3179; x_wconf 88' lang='lat' dir='ltr'>deum</span> <span class='ocrx_word' id='word_1_147' title='bbox 1048 3115 1373 3198; x_wconf 88' lang='lat' dir='ltr'>exquisivi</span> <span class='ocrx_word' id='word_1_148' title='bbox 1408 3135 1547 3178; x_wconf 90' lang='lat' dir='ltr'>ma-</span> 
     </span>
     <span class='ocr_line' id='line_1_32' title="bbox 349 3205 1545 3270; baseline -0.003 -1"><span class='ocrx_word' id='word_1_149' title='bbox 349 3206 542 3270; x_wconf 91' lang='lat' dir='ltr'>nibus</span> <span class='ocrx_word' id='word_1_150' title='bbox 592 3205 757 3268; x_wconf 91' lang='lat' dir='ltr'>meis</span> <span class='ocrx_word' id='word_1_151' title='bbox 817 3211 1012 3268; x_wconf 89' lang='lat' dir='ltr'>nocte</span> <span class='ocrx_word' id='word_1_152' title='bbox 1071 3215 1303 3269; x_wconf 86' lang='lat' dir='ltr'>contra</span> <span class='ocrx_word' id='word_1_153' title='bbox 1350 3221 1545 3268; x_wconf 85' lang='lat' dir='ltr'>eum:</span> 
     </span>
     <span class='ocr_line' id='line_1_33' title="bbox 349 3293 1551 3376; baseline -0.002 -18"><span class='ocrx_word' id='word_1_154' title='bbox 349 3304 417 3358; x_wconf 93' lang='lat' dir='ltr'>et</span> <span class='ocrx_word' id='word_1_155' title='bbox 474 3314 610 3357; x_wconf 89' lang='lat' dir='ltr'>non</span> <span class='ocrx_word' id='word_1_156' title='bbox 669 3315 817 3358; x_wconf 91' lang='lat' dir='ltr'>sum</span> <span class='ocrx_word' id='word_1_157' title='bbox 867 3295 1205 3376; x_wconf 76' lang='lat' dir='ltr'>deceptus,</span> <span class='ocrx_word' id='word_1_158' title='bbox 1295 3293 1551 3357; x_wconf 88' lang='lat' dir='ltr'>Renuit</span> 
     </span>
     <span class='ocr_line' id='line_1_34' title="bbox 349 3383 1553 3448; baseline -0.003 0"><span class='ocrx_word' id='word_1_159' title='bbox 349 3383 673 3448; x_wconf 88' lang='lat' dir='ltr'>consolari</span> <span class='ocrx_word' id='word_1_160' title='bbox 734 3383 958 3446; x_wconf 86' lang='lat' dir='ltr'>anima</span> <span class='ocrx_word' id='word_1_161' title='bbox 1019 3402 1219 3447; x_wconf 88' lang='lat' dir='ltr'>mea:</span> <span class='ocrx_word' id='word_1_162' title='bbox 1296 3401 1553 3444; x_wconf 86' lang='lat' dir='ltr'>memor</span> 
     </span>
     <span class='ocr_line' id='line_1_35' title="bbox 350 3470 1553 3536; baseline -0.003 0"><span class='ocrx_word' id='word_1_163' title='bbox 350 3471 442 3536; x_wconf 86' lang='lat' dir='ltr'>fui</span> <span class='ocrx_word' id='word_1_164' title='bbox 503 3472 611 3536; x_wconf 93' lang='lat' dir='ltr'>dei</span> <span class='ocrx_word' id='word_1_165' title='bbox 673 3480 742 3536; x_wconf 91' lang='lat' dir='ltr'>et</span> <span class='ocrx_word' id='word_1_166' title='bbox 798 3470 1169 3536; x_wconf 88' lang='lat' dir='ltr'>delectatus</span> <span class='ocrx_word' id='word_1_167' title='bbox 1221 3491 1414 3535; x_wconf 90' lang='lat' dir='ltr'>sum:</span> <span class='ocrx_word' id='word_1_168' title='bbox 1484 3477 1553 3533; x_wconf 90' lang='lat' dir='ltr'>et</span> 
     </span>
     <span class='ocr_line' id='line_1_36' title="bbox 352 3557 1555 3640; baseline -0.004 -15"><span class='ocrx_word' id='word_1_169' title='bbox 352 3560 753 3625; x_wconf 88' lang='lat' dir='ltr'>exercitatus</span> <span class='ocrx_word' id='word_1_170' title='bbox 797 3579 943 3624; x_wconf 90' lang='lat' dir='ltr'>sum</span> <span class='ocrx_word' id='word_1_171' title='bbox 991 3566 1060 3623; x_wconf 87' lang='lat' dir='ltr'>et</span> <span class='ocrx_word' id='word_1_172' title='bbox 1090 3557 1333 3623; x_wconf 86' lang='lat' dir='ltr'>defecit</span> <span class='ocrx_word' id='word_1_173' title='bbox 1363 3557 1555 3640; x_wconf 89' lang='lat' dir='ltr'>spiri-</span> 
     </span>
     <span class='ocr_line' id='line_1_37' title="bbox 354 3647 1552 3731; baseline -0.003 -19"><span class='ocrx_word' id='word_1_174' title='bbox 354 3659 459 3712; x_wconf 89' lang='lat' dir='ltr'>tus</span> <span class='ocrx_word' id='word_1_175' title='bbox 506 3669 711 3714; x_wconf 81' lang='lat' dir='ltr'>meus,</span> <span class='ocrx_word' id='word_1_176' title='bbox 799 3649 862 3711; x_wconf 85' lang='lat' dir='ltr'><em>A</em></span> <span class='ocrx_word' id='word_1_177' title='bbox 873 3647 1357 3731; x_wconf 88' lang='lat' dir='ltr'>nticipaverunt</span> <span class='ocrx_word' id='word_1_178' title='bbox 1387 3647 1552 3728; x_wconf 91' lang='lat' dir='ltr'>vigi-</span> 
     </span>
     <span class='ocr_line' id='line_1_38' title="bbox 354 3736 1556 3802; baseline -0.002 -2"><span class='ocrx_word' id='word_1_179' title='bbox 354 3737 476 3801; x_wconf 89' lang='lat' dir='ltr'>lias</span> <span class='ocrx_word' id='word_1_180' title='bbox 520 3738 691 3802; x_wconf 89' lang='lat' dir='ltr'>oculi</span> <span class='ocrx_word' id='word_1_181' title='bbox 738 3737 912 3800; x_wconf 90' lang='lat' dir='ltr'>mei:</span> <span class='ocrx_word' id='word_1_182' title='bbox 958 3736 1263 3800; x_wconf 91' lang='lat' dir='ltr'>turbatus</span> <span class='ocrx_word' id='word_1_183' title='bbox 1307 3755 1455 3798; x_wconf 90' lang='lat' dir='ltr'>sum</span> <span class='ocrx_word' id='word_1_184' title='bbox 1486 3742 1556 3798; x_wconf 93' lang='lat' dir='ltr'>et</span> 
     </span>
     <span class='ocr_line' id='line_1_39' title="bbox 358 3823 1554 3906; baseline -0.003 -17"><span class='ocrx_word' id='word_1_185' title='bbox 358 3845 489 3889; x_wconf 89' lang='lat' dir='ltr'>non</span> <span class='ocrx_word' id='word_1_186' title='bbox 520 3846 668 3890; x_wconf 90' lang='lat' dir='ltr'>sum</span> <span class='ocrx_word' id='word_1_187' title='bbox 702 3825 977 3888; x_wconf 80' lang='lat' dir='ltr'>locutus,</span> <span class='ocrx_word' id='word_1_188' title='bbox 1076 3823 1374 3906; x_wconf 86' lang='lat' dir='ltr'>Cogitavi</span> <span class='ocrx_word' id='word_1_189' title='bbox 1410 3823 1554 3887; x_wconf 91' lang='lat' dir='ltr'>dies</span> 
     </span>
     <span class='ocr_line' id='line_1_40' title="bbox 357 3911 1555 3996; baseline -0.003 -18"><span class='ocrx_word' id='word_1_190' title='bbox 357 3915 709 3996; x_wconf 88' lang='lat' dir='ltr'>antiquos:</span> <span class='ocrx_word' id='word_1_191' title='bbox 764 3923 832 3978; x_wconf 88' lang='lat' dir='ltr'>et</span> <span class='ocrx_word' id='word_1_192' title='bbox 894 3933 1105 3976; x_wconf 89' lang='lat' dir='ltr'>annos</span> <span class='ocrx_word' id='word_1_193' title='bbox 1164 3924 1427 3976; x_wconf 88' lang='lat' dir='ltr'>eternos</span> <span class='ocrx_word' id='word_1_194' title='bbox 1487 3911 1555 3974; x_wconf 90' lang='lat' dir='ltr'>in</span> 
     </span>
     <span class='ocr_line' id='line_1_41' title="bbox 359 4001 1554 4066; baseline -0.003 -1"><span class='ocrx_word' id='word_1_195' title='bbox 359 4013 583 4065; x_wconf 89' lang='lat' dir='ltr'>mente</span> <span class='ocrx_word' id='word_1_196' title='bbox 612 4003 833 4066; x_wconf 85' lang='lat' dir='ltr'>habui.</span> <span class='ocrx_word' id='word_1_197' title='bbox 888 4001 986 4066; x_wconf 90' lang='lat' dir='ltr'>Et</span> <span class='ocrx_word' id='word_1_198' title='bbox 1018 4001 1376 4066; x_wconf 89' lang='lat' dir='ltr'>meditatus</span> <span class='ocrx_word' id='word_1_199' title='bbox 1405 4020 1554 4064; x_wconf 89' lang='lat' dir='ltr'>sum</span> 
     </span>
     <span class='ocr_line' id='line_1_42' title="bbox 359 4091 1557 4155; baseline -0.003 -1"><span class='ocrx_word' id='word_1_200' title='bbox 359 4099 552 4155; x_wconf 89' lang='lat' dir='ltr'>nocte</span> <span class='ocrx_word' id='word_1_201' title='bbox 597 4111 748 4155; x_wconf 89' lang='lat' dir='ltr'>cum</span> <span class='ocrx_word' id='word_1_202' title='bbox 780 4091 979 4155; x_wconf 89' lang='lat' dir='ltr'>corde</span> <span class='ocrx_word' id='word_1_203' title='bbox 1025 4110 1221 4155; x_wconf 90' lang='lat' dir='ltr'>meo:</span> <span class='ocrx_word' id='word_1_204' title='bbox 1266 4099 1336 4152; x_wconf 91' lang='lat' dir='ltr'>et</span> <span class='ocrx_word' id='word_1_205' title='bbox 1363 4108 1557 4152; x_wconf 89' lang='lat' dir='ltr'>exer-</span> 
     </span>
     <span class='ocr_line' id='line_1_43' title="bbox 360 4177 1556 4262; baseline -0.003 -19"><span class='ocrx_word' id='word_1_206' title='bbox 360 4179 612 4243; x_wconf 87' lang='lat' dir='ltr'>citabar</span> <span class='ocrx_word' id='word_1_207' title='bbox 682 4188 752 4243; x_wconf 89' lang='lat' dir='ltr'>et</span> <span class='ocrx_word' id='word_1_208' title='bbox 825 4179 1185 4262; x_wconf 89' lang='lat' dir='ltr'>scopebam</span> <span class='ocrx_word' id='word_1_209' title='bbox 1252 4177 1556 4261; x_wconf 89' lang='lat' dir='ltr'>spiritum</span> 
     </span>
     <span class='ocr_line' id='line_1_44' title="bbox 362 4267 1557 4352; baseline -0.003 -20"><span class='ocrx_word' id='word_1_210' title='bbox 362 4287 602 4332; x_wconf 88' lang='lat' dir='ltr'>meum.</span> <span class='ocrx_word' id='word_1_211' title='bbox 701 4267 1031 4352; x_wconf 89' lang='lat' dir='ltr'>Nunquid</span> <span class='ocrx_word' id='word_1_212' title='bbox 1110 4267 1177 4330; x_wconf 90' lang='lat' dir='ltr'>in</span> <span class='ocrx_word' id='word_1_213' title='bbox 1256 4276 1557 4331; x_wconf 88' lang='lat' dir='ltr'>eternum</span> 
     </span>
    </p>
   </div>
   <div class='ocr_carea' id='block_1_4' title="bbox 560 4429 1359 4692">
    <p class='ocr_par' dir='ltr' id='par_1_6' title="bbox 561 4429 1002 4481">
     <span class='ocr_line' id='line_1_45' title="bbox 561 4429 1002 4481; baseline 0 -2"><span class='ocrx_word' id='word_1_214' title='bbox 561 4431 575 4461; x_wconf 85' lang='lat'>¹</span> <span class='ocrx_word' id='word_1_215' title='bbox 612 4437 821 4481; x_wconf 75' lang='lat' dir='ltr'>nostro:</span> <span class='ocrx_word' id='word_1_216' title='bbox 854 4429 1002 4480; x_wconf 84' lang='lat' dir='ltr'><strong>w.S.</strong></span> 
     </span>
    </p>

    <p class='ocr_par' dir='ltr' id='par_1_7' title="bbox 560 4493 1359 4692">
     <span class='ocr_line' id='line_1_46' title="bbox 560 4493 1359 4560; baseline 0.001 -16"><span class='ocrx_word' id='word_1_217' title='bbox 560 4498 582 4528; x_wconf 82' lang='lat'>²</span> <span class='ocrx_word' id='word_1_218' title='bbox 619 4501 634 4524; x_wconf 89' lang='lat'>‘</span> <span class='ocrx_word' id='word_1_219' title='bbox 657 4495 835 4545; x_wconf 75' lang='lat' dir='ltr'>Gloria</span> <span class='ocrx_word' id='word_1_220' title='bbox 856 4496 985 4560; x_wconf 82' lang='lat' dir='ltr'>patri</span> <span class='ocrx_word' id='word_1_221' title='bbox 1006 4495 1021 4519; x_wconf 86' lang='lat'>’</span> <span class='ocrx_word' id='word_1_222' title='bbox 1051 4493 1189 4545; x_wconf 69' lang='lat' dir='ltr'>adda</span> <span class='ocrx_word' id='word_1_223' title='bbox 1223 4493 1359 4545; x_wconf 67' lang='lat' dir='ltr'>EG.</span> 
     </span>
     <span class='ocr_line' id='line_1_47' title="bbox 560 4561 1343 4626; baseline -0.003 -14"><span class='ocrx_word' id='word_1_224' title='bbox 560 4565 581 4594; x_wconf 83' lang='lat'>⁸</span> <span class='ocrx_word' id='word_1_225' title='bbox 607 4567 682 4626; x_wconf 69' lang='lat' dir='ltr'>pf.</span> <span class='ocrx_word' id='word_1_226' title='bbox 711 4561 809 4625; x_wconf 84' lang='lat'>76:</span> <span class='ocrx_word' id='word_1_227' title='bbox 844 4561 981 4612; x_wconf 85' lang='lat' dir='ltr'><em>E.G.</em></span> <span class='ocrx_word' id='word_1_228' title='bbox 1054 4561 1257 4626; x_wconf 63' lang='lat' dir='ltr'>Lxxvyl:</span> <span class='ocrx_word' id='word_1_229' title='bbox 1290 4561 1343 4611; x_wconf 87' lang='lat' dir='ltr'>S.</span> 
     </span>
     <span class='ocr_line' id='line_1_48' title="bbox 562 4627 1159 4692; baseline 0.002 -14"><span class='ocrx_word' id='word_1_230' title='bbox 562 4631 581 4660; x_wconf 84' lang='lat'><strong>⁴</strong></span> <span class='ocrx_word' id='word_1_231' title='bbox 614 4628 989 4692; x_wconf 79' lang='lat' dir='ltr'>pro‘et’autc</span> <span class='ocrx_word' id='word_1_232' title='bbox 1028 4627 1159 4679; x_wconf 82' lang='lat' dir='ltr'><strong>E.G.</strong></span> 
     </span>
    </p>
   </div>
   <div class='ocr_carea' id='block_1_5' title="bbox 2139 517 2302 577">
    <p class='ocr_par' dir='ltr' id='par_1_8' title="bbox 2139 517 2302 577">
     <span class='ocr_line' id='line_1_49' title="bbox 2139 517 2302 577; baseline 0.025 -5"><span class='ocrx_word' id='word_1_233' title='bbox 2139 517 2302 577; x_wconf 77' lang='lat'>820</span> 
     </span>
    </p>
   </div>
   <div class='ocr_carea' id='block_1_6' title="bbox 1631 636 2891 4353">
    <p class='ocr_par' dir='ltr' id='par_1_9' title="bbox 1631 636 2891 3691">
     <span class='ocr_line' id='line_1_50' title="bbox 1631 636 2838 721; baseline 0.002 -21"><span class='ocrx_word' id='word_1_234' title='bbox 1631 637 1935 720; x_wconf 89' lang='lat' dir='ltr'>projiciet</span> <span class='ocrx_word' id='word_1_235' title='bbox 1965 636 2168 702; x_wconf 91' lang='lat' dir='ltr'>deus:</span> <span class='ocrx_word' id='word_1_236' title='bbox 2214 636 2328 701; x_wconf 89' lang='lat' dir='ltr'>et⁴</span> <span class='ocrx_word' id='word_1_237' title='bbox 2362 657 2496 701; x_wconf 88' lang='lat' dir='ltr'>non</span> <span class='ocrx_word' id='word_1_238' title='bbox 2541 647 2838 721; x_wconf 88' lang='lat' dir='ltr'>apponet</span> 
     </span>
     <span class='ocr_line' id='line_1_51' title="bbox 1634 724 2840 808; baseline 0.002 -20"><span class='ocrx_word' id='word_1_239' title='bbox 1634 735 1711 788; x_wconf 90' lang='lat' dir='ltr'>ut</span> <span class='ocrx_word' id='word_1_240' title='bbox 1743 724 2198 808; x_wconf 89' lang='lat' dir='ltr'>complacitior</span> <span class='ocrx_word' id='word_1_241' title='bbox 2240 726 2326 789; x_wconf 92' lang='lat' dir='ltr'>sit</span> <span class='ocrx_word' id='word_1_242' title='bbox 2369 726 2601 790; x_wconf 89' lang='lat' dir='ltr'>adhuc.</span> <span class='ocrx_word' id='word_1_243' title='bbox 2691 728 2840 790; x_wconf 86' lang='lat' dir='ltr'>Aut</span> 
     </span>
     <span class='ocr_line' id='line_1_52' title="bbox 1636 813 2835 879; baseline 0.002 -2"><span class='ocrx_word' id='word_1_244' title='bbox 1636 815 1704 877; x_wconf 90' lang='lat' dir='ltr'>in</span> <span class='ocrx_word' id='word_1_245' title='bbox 1776 813 1978 877; x_wconf 84' lang='lat' dir='ltr'>finem</span> <span class='ocrx_word' id='word_1_246' title='bbox 2055 815 2570 878; x_wconf 91' lang='lat' dir='ltr'>misericordiam</span> <span class='ocrx_word' id='word_1_247' title='bbox 2646 835 2835 879; x_wconf 90' lang='lat' dir='ltr'>suam</span> 
     </span>
     <span class='ocr_line' id='line_1_53' title="bbox 1635 902 2835 984; baseline -0.001 -17"><span class='ocrx_word' id='word_1_248' title='bbox 1635 902 2068 968; x_wconf 76' lang='lat' dir='ltr'>abscindet⁵z</span> <span class='ocrx_word' id='word_1_249' title='bbox 2144 922 2185 967; x_wconf 91' lang='lat' dir='ltr'>a</span> <span class='ocrx_word' id='word_1_250' title='bbox 2265 904 2691 984; x_wconf 87' lang='lat' dir='ltr'>generatione</span> <span class='ocrx_word' id='word_1_251' title='bbox 2768 904 2835 966; x_wconf 91' lang='lat' dir='ltr'>in</span> 
     </span>
     <span class='ocr_line' id='line_1_54' title="bbox 1634 989 2839 1074; baseline 0 -19"><span class='ocrx_word' id='word_1_252' title='bbox 1634 992 2152 1074; x_wconf 90' lang='lat' dir='ltr'>generationem.</span> <span class='ocrx_word' id='word_1_253' title='bbox 2243 994 2389 1058; x_wconf 88' lang='lat' dir='ltr'>Aut</span> <span class='ocrx_word' id='word_1_254' title='bbox 2419 989 2839 1056; x_wconf 89' lang='lat' dir='ltr'>obliviscetur</span> 
     </span>
     <span class='ocr_line' id='line_1_55' title="bbox 1638 1080 2840 1144; baseline 0.001 -1"><span class='ocrx_word' id='word_1_255' title='bbox 1638 1081 1928 1143; x_wconf 88' lang='lat' dir='ltr'>misereri</span> <span class='ocrx_word' id='word_1_256' title='bbox 1973 1080 2180 1143; x_wconf 86' lang='lat' dir='ltr'>deus:</span> <span class='ocrx_word' id='word_1_257' title='bbox 2227 1088 2345 1143; x_wconf 88' lang='lat' dir='ltr'>aut</span> <span class='ocrx_word' id='word_1_258' title='bbox 2375 1080 2740 1144; x_wconf 90' lang='lat' dir='ltr'>continebit</span> <span class='ocrx_word' id='word_1_259' title='bbox 2772 1082 2840 1144; x_wconf 90' lang='lat' dir='ltr'>in</span> 
     </span>
     <span class='ocr_line' id='line_1_56' title="bbox 1638 1168 2838 1233; baseline 0.002 -2"><span class='ocrx_word' id='word_1_260' title='bbox 1638 1168 1734 1231; x_wconf 90' lang='lat' dir='ltr'>ira</span> <span class='ocrx_word' id='word_1_261' title='bbox 1777 1188 1899 1231; x_wconf 90' lang='lat' dir='ltr'>sua</span> <span class='ocrx_word' id='word_1_262' title='bbox 1951 1168 2430 1232; x_wconf 89' lang='lat' dir='ltr'>misericordias</span> <span class='ocrx_word' id='word_1_263' title='bbox 2481 1188 2652 1233; x_wconf 80' lang='lat' dir='ltr'>suas,</span> <span class='ocrx_word' id='word_1_264' title='bbox 2743 1169 2838 1233; x_wconf 90' lang='lat' dir='ltr'>Et</span> 
     </span>
     <span class='ocr_line' id='line_1_57' title="bbox 1637 1256 2838 1339; baseline 0.001 -18"><span class='ocrx_word' id='word_1_265' title='bbox 1637 1256 1784 1321; x_wconf 85' lang='lat' dir='ltr'>dixi</span> <span class='ocrx_word' id='word_1_266' title='bbox 1845 1276 2020 1320; x_wconf 91' lang='lat' dir='ltr'>nunc</span> <span class='ocrx_word' id='word_1_267' title='bbox 2080 1256 2276 1339; x_wconf 90' lang='lat' dir='ltr'>cepi:</span> <span class='ocrx_word' id='word_1_268' title='bbox 2353 1256 2475 1320; x_wconf 91' lang='lat' dir='ltr'>hec</span> <span class='ocrx_word' id='word_1_269' title='bbox 2553 1259 2838 1322; x_wconf 89' lang='lat' dir='ltr'>mutatio</span> 
     </span>
     <span class='ocr_line' id='line_1_58' title="bbox 1636 1344 2839 1430; baseline 0.001 -22"><span class='ocrx_word' id='word_1_270' title='bbox 1636 1344 1916 1408; x_wconf 88' lang='lat' dir='ltr'>dextere</span> <span class='ocrx_word' id='word_1_271' title='bbox 1947 1344 2210 1409; x_wconf 86' lang='lat' dir='ltr'>excelsi.</span> <span class='ocrx_word' id='word_1_272' title='bbox 2259 1345 2535 1408; x_wconf 89' lang='lat' dir='ltr'>Memor</span> <span class='ocrx_word' id='word_1_273' title='bbox 2557 1346 2648 1409; x_wconf 87' lang='lat' dir='ltr'>sui</span> <span class='ocrx_word' id='word_1_274' title='bbox 2680 1366 2839 1430; x_wconf 89' lang='lat' dir='ltr'>ope-</span> 
     </span>
     <span class='ocr_line' id='line_1_59' title="bbox 1637 1433 2891 1518; baseline 0.002 -22"><span class='ocrx_word' id='word_1_275' title='bbox 1637 1454 1783 1497; x_wconf 92' lang='lat' dir='ltr'>rum</span> <span class='ocrx_word' id='word_1_276' title='bbox 1835 1433 2134 1498; x_wconf 88' lang='lat' dir='ltr'>domini:</span> <span class='ocrx_word' id='word_1_277' title='bbox 2209 1434 2367 1518; x_wconf 91' lang='lat' dir='ltr'>quia</span> <span class='ocrx_word' id='word_1_278' title='bbox 2417 1452 2672 1498; x_wconf 90' lang='lat' dir='ltr'>memor</span> <span class='ocrx_word' id='word_1_279' title='bbox 2724 1455 2838 1499; x_wconf 91' lang='lat' dir='ltr'>ero</span> <span class='ocrx_word' id='word_1_280' title='bbox 2885 1450 2891 1461; x_wconf 88' lang='lat'><strong>·</strong></span> 
     </span>
     <span class='ocr_line' id='line_1_60' title="bbox 1637 1521 2841 1587; baseline 0.001 -1"><span class='ocrx_word' id='word_1_281' title='bbox 1637 1522 1726 1587; x_wconf 90' lang='lat' dir='ltr'>ab</span> <span class='ocrx_word' id='word_1_282' title='bbox 1759 1521 1944 1585; x_wconf 87' lang='lat' dir='ltr'>initio</span> <span class='ocrx_word' id='word_1_283' title='bbox 1975 1522 2374 1586; x_wconf 88' lang='lat' dir='ltr'>mirabilium</span> <span class='ocrx_word' id='word_1_284' title='bbox 2407 1530 2689 1586; x_wconf 91' lang='lat' dir='ltr'>tuorum.</span> <span class='ocrx_word' id='word_1_285' title='bbox 2745 1524 2841 1587; x_wconf 91' lang='lat' dir='ltr'>Et</span> 
     </span>
     <span class='ocr_line' id='line_1_61' title="bbox 1639 1610 2840 1694; baseline 0.001 -20"><span class='ocrx_word' id='word_1_286' title='bbox 1639 1610 2016 1675; x_wconf 88' lang='lat' dir='ltr'>meditabor</span> <span class='ocrx_word' id='word_1_287' title='bbox 2060 1612 2127 1674; x_wconf 90' lang='lat' dir='ltr'>in</span> <span class='ocrx_word' id='word_1_288' title='bbox 2175 1610 2484 1674; x_wconf 89' lang='lat' dir='ltr'>omnibus</span> <span class='ocrx_word' id='word_1_289' title='bbox 2531 1611 2840 1694; x_wconf 89' lang='lat' dir='ltr'>operibus</span> 
     </span>
     <span class='ocr_line' id='line_1_62' title="bbox 1638 1699 2842 1764; baseline 0.001 -1"><span class='ocrx_word' id='word_1_290' title='bbox 1638 1699 1814 1763; x_wconf 88' lang='lat' dir='ltr'>tuis:</span> <span class='ocrx_word' id='word_1_291' title='bbox 1861 1707 1929 1763; x_wconf 91' lang='lat' dir='ltr'>et</span> <span class='ocrx_word' id='word_1_292' title='bbox 1975 1700 2040 1763; x_wconf 90' lang='lat' dir='ltr'>in</span> <span class='ocrx_word' id='word_1_293' title='bbox 2087 1700 2667 1764; x_wconf 89' lang='lat' dir='ltr'>adinventionibus</span> <span class='ocrx_word' id='word_1_294' title='bbox 2710 1700 2842 1764; x_wconf 88' lang='lat' dir='ltr'>tuis</span> 
     </span>
     <span class='ocr_line' id='line_1_63' title="bbox 1640 1787 2844 1853; baseline 0.002 -2"><span class='ocrx_word' id='word_1_295' title='bbox 1640 1788 2016 1851; x_wconf 86' lang='lat' dir='ltr'>exercebor.</span> <span class='ocrx_word' id='word_1_296' title='bbox 2108 1787 2296 1851; x_wconf 87' lang='lat' dir='ltr'>Deus</span> <span class='ocrx_word' id='word_1_297' title='bbox 2346 1790 2411 1851; x_wconf 90' lang='lat' dir='ltr'>in</span> <span class='ocrx_word' id='word_1_298' title='bbox 2460 1797 2690 1852; x_wconf 87' lang='lat' dir='ltr'>sancto</span> <span class='ocrx_word' id='word_1_299' title='bbox 2737 1791 2844 1853; x_wconf 86' lang='lat' dir='ltr'>via</span> 
     </span>
     <span class='ocr_line' id='line_1_64' title="bbox 1641 1876 2843 1959; baseline 0.001 -18"><span class='ocrx_word' id='word_1_300' title='bbox 1641 1886 1760 1941; x_wconf 86' lang='lat' dir='ltr'>tua</span> <span class='ocrx_word' id='word_1_301' title='bbox 1790 1876 1938 1959; x_wconf 92' lang='lat' dir='ltr'>quis</span> <span class='ocrx_word' id='word_1_302' title='bbox 1969 1876 2134 1941; x_wconf 91' lang='lat' dir='ltr'>deus</span> <span class='ocrx_word' id='word_1_303' title='bbox 2164 1896 2446 1958; x_wconf 88' lang='lat' dir='ltr'>magnus</span> <span class='ocrx_word' id='word_1_304' title='bbox 2477 1878 2647 1941; x_wconf 91' lang='lat' dir='ltr'>sicut</span> <span class='ocrx_word' id='word_1_305' title='bbox 2677 1877 2843 1942; x_wconf 89' lang='lat' dir='ltr'>deus</span> 
     </span>
     <span class='ocr_line' id='line_1_65' title="bbox 1642 1964 2843 2047; baseline 0.002 -20"><span class='ocrx_word' id='word_1_306' title='bbox 1642 1974 1905 2029; x_wconf 89' lang='lat' dir='ltr'>noster:</span> <span class='ocrx_word' id='word_1_307' title='bbox 1952 1974 2024 2028; x_wconf 92' lang='lat' dir='ltr'>tu</span> <span class='ocrx_word' id='word_1_308' title='bbox 2057 1985 2128 2028; x_wconf 91' lang='lat' dir='ltr'>es</span> <span class='ocrx_word' id='word_1_309' title='bbox 2159 1966 2324 2029; x_wconf 90' lang='lat' dir='ltr'>deus</span> <span class='ocrx_word' id='word_1_310' title='bbox 2356 1965 2468 2047; x_wconf 87' lang='lat' dir='ltr'>qui</span> <span class='ocrx_word' id='word_1_311' title='bbox 2515 1964 2674 2029; x_wconf 86' lang='lat' dir='ltr'>facis</span> <span class='ocrx_word' id='word_1_312' title='bbox 2723 1968 2843 2029; x_wconf 89' lang='lat' dir='ltr'>mi-</span> 
     </span>
     <span class='ocr_line' id='line_1_66' title="bbox 1644 2050 2845 2137; baseline 0.002 -20"><span class='ocrx_word' id='word_1_313' title='bbox 1644 2052 1891 2117; x_wconf 89' lang='lat' dir='ltr'>rabilia.</span> <span class='ocrx_word' id='word_1_314' title='bbox 1953 2052 2209 2116; x_wconf 89' lang='lat' dir='ltr'>Notam</span> <span class='ocrx_word' id='word_1_315' title='bbox 2243 2050 2453 2116; x_wconf 85' lang='lat' dir='ltr'>fecisti</span> <span class='ocrx_word' id='word_1_316' title='bbox 2485 2054 2550 2116; x_wconf 91' lang='lat' dir='ltr'>in</span> <span class='ocrx_word' id='word_1_317' title='bbox 2583 2054 2845 2137; x_wconf 90' lang='lat' dir='ltr'>populis</span> 
     </span>
     <span class='ocr_line' id='line_1_67' title="bbox 1642 2142 2845 2207; baseline 0.002 -3"><span class='ocrx_word' id='word_1_318' title='bbox 1642 2142 1954 2205; x_wconf 89' lang='lat' dir='ltr'>virtutem</span> <span class='ocrx_word' id='word_1_319' title='bbox 1988 2150 2172 2205; x_wconf 90' lang='lat' dir='ltr'>tuam</span> <span class='ocrx_word' id='word_1_320' title='bbox 2216 2142 2552 2205; x_wconf 89' lang='lat' dir='ltr'>redemisti</span> <span class='ocrx_word' id='word_1_321' title='bbox 2599 2142 2662 2206; x_wconf 91' lang='lat' dir='ltr'>in</span> <span class='ocrx_word' id='word_1_322' title='bbox 2697 2142 2845 2207; x_wconf 91' lang='lat' dir='ltr'>bra-</span> 
     </span>
     <span class='ocr_line' id='line_1_68' title="bbox 1643 2229 2848 2313; baseline 0.002 -20"><span class='ocrx_word' id='word_1_323' title='bbox 1643 2231 1795 2294; x_wconf 88' lang='lat' dir='ltr'>chio</span> <span class='ocrx_word' id='word_1_324' title='bbox 1855 2239 1974 2294; x_wconf 91' lang='lat' dir='ltr'>tuo</span> <span class='ocrx_word' id='word_1_325' title='bbox 2043 2230 2362 2313; x_wconf 89' lang='lat' dir='ltr'>populum</span> <span class='ocrx_word' id='word_1_326' title='bbox 2425 2240 2616 2294; x_wconf 92' lang='lat' dir='ltr'>tuum</span> <span class='ocrx_word' id='word_1_327' title='bbox 2678 2229 2848 2296; x_wconf 88' lang='lat' dir='ltr'>filios</span> 
     </span>
     <span class='ocr_line' id='line_1_69' title="bbox 1640 2317 2848 2401; baseline 0.002 -19"><span class='ocrx_word' id='word_1_328' title='bbox 1640 2317 1839 2401; x_wconf 86' lang='lat' dir='ltr'>jacob</span> <span class='ocrx_word' id='word_1_329' title='bbox 1899 2328 1967 2382; x_wconf 92' lang='lat' dir='ltr'>et</span> <span class='ocrx_word' id='word_1_330' title='bbox 2010 2318 2264 2400; x_wconf 87' lang='lat' dir='ltr'>joseph.</span> <span class='ocrx_word' id='word_1_331' title='bbox 2389 2318 2721 2384; x_wconf 88' lang='lat' dir='ltr'>Viderunt</span> <span class='ocrx_word' id='word_1_332' title='bbox 2780 2329 2848 2384; x_wconf 90' lang='lat' dir='ltr'>te</span> 
     </span>
     <span class='ocr_line' id='line_1_70' title="bbox 1647 2407 2848 2491; baseline 0.002 -21"><span class='ocrx_word' id='word_1_333' title='bbox 1647 2427 1820 2490; x_wconf 92' lang='lat' dir='ltr'>aque</span> <span class='ocrx_word' id='word_1_334' title='bbox 1871 2408 2034 2470; x_wconf 89' lang='lat' dir='ltr'>deus</span> <span class='ocrx_word' id='word_1_335' title='bbox 2079 2407 2386 2471; x_wconf 89' lang='lat' dir='ltr'>viderunt</span> <span class='ocrx_word' id='word_1_336' title='bbox 2435 2416 2502 2471; x_wconf 91' lang='lat' dir='ltr'>te</span> <span class='ocrx_word' id='word_1_337' title='bbox 2555 2429 2728 2491; x_wconf 91' lang='lat' dir='ltr'>aque</span> <span class='ocrx_word' id='word_1_338' title='bbox 2780 2417 2848 2473; x_wconf 89' lang='lat' dir='ltr'>et</span> 
     </span>
     <span class='ocr_line' id='line_1_71' title="bbox 1646 2494 2847 2581; baseline 0.002 -21"><span class='ocrx_word' id='word_1_339' title='bbox 1646 2496 2040 2561; x_wconf 87' lang='lat' dir='ltr'>timuerunt:</span> <span class='ocrx_word' id='word_1_340' title='bbox 2071 2505 2140 2560; x_wconf 90' lang='lat' dir='ltr'>et</span> <span class='ocrx_word' id='word_1_341' title='bbox 2170 2494 2624 2561; x_wconf 78' lang='lat' dir='ltr'>turbati⁶sunt</span> <span class='ocrx_word' id='word_1_342' title='bbox 2648 2498 2847 2581; x_wconf 90' lang='lat' dir='ltr'>abys-</span> 
     </span>
     <span class='ocr_line' id='line_1_72' title="bbox 1646 2584 2846 2669; baseline 0.003 -21"><span class='ocrx_word' id='word_1_343' title='bbox 1646 2587 1720 2649; x_wconf 91' lang='lat' dir='ltr'>si.</span> <span class='ocrx_word' id='word_1_344' title='bbox 1791 2584 2166 2649; x_wconf 90' lang='lat' dir='ltr'>Multitudo</span> <span class='ocrx_word' id='word_1_345' title='bbox 2197 2587 2452 2650; x_wconf 90' lang='lat' dir='ltr'>sonitus</span> <span class='ocrx_word' id='word_1_346' title='bbox 2484 2607 2846 2669; x_wconf 88' lang='lat' dir='ltr'>aquarum:</span> 
     </span>
     <span class='ocr_line' id='line_1_73' title="bbox 1644 2674 2845 2740; baseline 0.002 -3"><span class='ocrx_word' id='word_1_347' title='bbox 1644 2694 1880 2738; x_wconf 88' lang='lat' dir='ltr'>vocem</span> <span class='ocrx_word' id='word_1_348' title='bbox 1913 2674 2237 2738; x_wconf 89' lang='lat' dir='ltr'>dederunt</span> <span class='ocrx_word' id='word_1_349' title='bbox 2267 2674 2494 2740; x_wconf 83' lang='lat' dir='ltr'>nubes,</span> <span class='ocrx_word' id='word_1_350' title='bbox 2570 2675 2845 2739; x_wconf 90' lang='lat' dir='ltr'>Etenim</span> 
     </span>
     <span class='ocr_line' id='line_1_74' title="bbox 1648 2764 2848 2846; baseline 0.001 -20"><span class='ocrx_word' id='word_1_351' title='bbox 1648 2764 1890 2846; x_wconf 85' lang='lat' dir='ltr'>sagitte</span> <span class='ocrx_word' id='word_1_352' title='bbox 1927 2770 2040 2826; x_wconf 91' lang='lat' dir='ltr'>tue</span> <span class='ocrx_word' id='word_1_353' title='bbox 2069 2771 2460 2829; x_wconf 89' lang='lat' dir='ltr'>transeunt:</span> <span class='ocrx_word' id='word_1_354' title='bbox 2505 2784 2644 2827; x_wconf 91' lang='lat' dir='ltr'>vox</span> <span class='ocrx_word' id='word_1_355' title='bbox 2677 2765 2848 2828; x_wconf 92' lang='lat' dir='ltr'>toni-</span> 
     </span>
     <span class='ocr_line' id='line_1_75' title="bbox 1648 2847 2848 2916; baseline 0 0"><span class='ocrx_word' id='word_1_356' title='bbox 1648 2853 1778 2916; x_wconf 89' lang='lat' dir='ltr'>trui</span> <span class='ocrx_word' id='word_1_357' title='bbox 1809 2851 1904 2914; x_wconf 85' lang='lat' dir='ltr'>tui</span> <span class='ocrx_word' id='word_1_358' title='bbox 1939 2850 2004 2914; x_wconf 92' lang='lat' dir='ltr'>in</span> <span class='ocrx_word' id='word_1_359' title='bbox 2040 2859 2199 2915; x_wconf 87' lang='lat' dir='ltr'>rota.</span> <span class='ocrx_word' id='word_1_360' title='bbox 2271 2847 2708 2916; x_wconf 80' lang='lat' dir='ltr'>Illuxerunt⁷</span> <span class='ocrx_word' id='word_1_361' title='bbox 2740 2872 2848 2916; x_wconf 92' lang='lat' dir='ltr'>co-</span> 
     </span>
     <span class='ocr_line' id='line_1_76' title="bbox 1649 2939 2818 3005; baseline 0.001 -1"><span class='ocrx_word' id='word_1_362' title='bbox 1649 2939 2056 3004; x_wconf 89' lang='lat' dir='ltr'>ruscationes</span> <span class='ocrx_word' id='word_1_363' title='bbox 2089 2948 2201 3003; x_wconf 92' lang='lat' dir='ltr'>tue</span> <span class='ocrx_word' id='word_1_364' title='bbox 2233 2940 2376 3003; x_wconf 90' lang='lat' dir='ltr'>orbi</span> <span class='ocrx_word' id='word_1_365' title='bbox 2409 2949 2578 3004; x_wconf 90' lang='lat' dir='ltr'>terre</span> <span class='ocrx_word' id='word_1_366' title='bbox 2607 2963 2620 3005; x_wconf 90' lang='lat'><strong>:</strong></span> <span class='ocrx_word' id='word_1_367' title='bbox 2669 2961 2818 3005; x_wconf 92' lang='lat' dir='ltr'>com</span> 
     </span>
     <span class='ocr_line' id='line_1_77' title="bbox 1650 3030 2850 3094; baseline 0.002 -2"><span class='ocrx_word' id='word_1_368' title='bbox 1650 3039 1836 3092; x_wconf 87' lang='lat' dir='ltr'>mota</span> <span class='ocrx_word' id='word_1_369' title='bbox 1866 3038 1968 3092; x_wconf 91' lang='lat' dir='ltr'>est</span> <span class='ocrx_word' id='word_1_370' title='bbox 1998 3037 2069 3092; x_wconf 93' lang='lat' dir='ltr'>et</span> <span class='ocrx_word' id='word_1_371' title='bbox 2097 3030 2498 3093; x_wconf 87' lang='lat' dir='ltr'>contremuit</span> <span class='ocrx_word' id='word_1_372' title='bbox 2520 3039 2707 3094; x_wconf 89' lang='lat' dir='ltr'>terra.</span> <span class='ocrx_word' id='word_1_373' title='bbox 2762 3031 2850 3094; x_wconf 89' lang='lat' dir='ltr'>In</span> 
     </span>
     <span class='ocr_line' id='line_1_78' title="bbox 1650 3117 2852 3183; baseline 0.002 -3"><span class='ocrx_word' id='word_1_374' title='bbox 1650 3117 1815 3181; x_wconf 91' lang='lat' dir='ltr'>mari</span> <span class='ocrx_word' id='word_1_375' title='bbox 1869 3117 1978 3181; x_wconf 90' lang='lat' dir='ltr'>via</span> <span class='ocrx_word' id='word_1_376' title='bbox 2024 3126 2142 3180; x_wconf 89' lang='lat' dir='ltr'>tua</span> <span class='ocrx_word' id='word_1_377' title='bbox 2199 3125 2269 3181; x_wconf 89' lang='lat' dir='ltr'>et</span> <span class='ocrx_word' id='word_1_378' title='bbox 2327 3119 2562 3182; x_wconf 89' lang='lat' dir='ltr'>semite</span> <span class='ocrx_word' id='word_1_379' title='bbox 2622 3127 2737 3183; x_wconf 90' lang='lat' dir='ltr'>tue</span> <span class='ocrx_word' id='word_1_380' title='bbox 2785 3119 2852 3182; x_wconf 90' lang='lat' dir='ltr'>in</span> 
     </span>
     <span class='ocr_line' id='line_1_79' title="bbox 1649 3205 2856 3290; baseline 0.002 -20"><span class='ocrx_word' id='word_1_381' title='bbox 1649 3207 1841 3289; x_wconf 87' lang='lat' dir='ltr'>aquis</span> <span class='ocrx_word' id='word_1_382' title='bbox 1917 3205 2192 3270; x_wconf 89' lang='lat' dir='ltr'>multis:</span> <span class='ocrx_word' id='word_1_383' title='bbox 2269 3214 2338 3269; x_wconf 90' lang='lat' dir='ltr'>et</span> <span class='ocrx_word' id='word_1_384' title='bbox 2396 3206 2677 3290; x_wconf 90' lang='lat' dir='ltr'>vestigia</span> <span class='ocrx_word' id='word_1_385' title='bbox 2734 3216 2856 3272; x_wconf 84' lang='lat' dir='ltr'>tua</span> 
     </span>
     <span class='ocr_line' id='line_1_80' title="bbox 1650 3294 2855 3376; baseline 0 -18"><span class='ocrx_word' id='word_1_386' title='bbox 1650 3315 1786 3358; x_wconf 90' lang='lat' dir='ltr'>non</span> <span class='ocrx_word' id='word_1_387' title='bbox 1819 3303 2313 3376; x_wconf 84' lang='lat' dir='ltr'>cognoscentur.</span> <span class='ocrx_word' id='word_1_388' title='bbox 2375 3294 2738 3359; x_wconf 85' lang='lat' dir='ltr'>Deduxisti</span> <span class='ocrx_word' id='word_1_389' title='bbox 2771 3297 2855 3358; x_wconf 89' lang='lat' dir='ltr'>si-</span> 
     </span>
     <span class='ocr_line' id='line_1_81' title="bbox 1649 3382 2856 3465; baseline 0.001 -19"><span class='ocrx_word' id='word_1_390' title='bbox 1649 3393 1764 3446; x_wconf 92' lang='lat' dir='ltr'>cut</span> <span class='ocrx_word' id='word_1_391' title='bbox 1793 3403 1950 3446; x_wconf 89' lang='lat' dir='ltr'>oves</span> <span class='ocrx_word' id='word_1_392' title='bbox 1980 3382 2301 3465; x_wconf 91' lang='lat' dir='ltr'>populum</span> <span class='ocrx_word' id='word_1_393' title='bbox 2333 3392 2523 3447; x_wconf 89' lang='lat' dir='ltr'>tuum</span> <span class='ocrx_word' id='word_1_394' title='bbox 2552 3405 2568 3449; x_wconf 91' lang='lat'><strong>:</strong></span> <span class='ocrx_word' id='word_1_395' title='bbox 2615 3385 2682 3448; x_wconf 87' lang='lat' dir='ltr'>in</span> <span class='ocrx_word' id='word_1_396' title='bbox 2716 3405 2856 3448; x_wconf 91' lang='lat' dir='ltr'>ma-</span> 
     </span>
     <span class='ocr_line' id='line_1_82' title="bbox 1652 3470 2856 3554; baseline 0.003 -19"><span class='ocrx_word' id='word_1_397' title='bbox 1652 3491 1743 3535; x_wconf 91' lang='lat' dir='ltr'>nu</span> <span class='ocrx_word' id='word_1_398' title='bbox 1775 3470 1990 3552; x_wconf 90' lang='lat' dir='ltr'>moysi</span> <span class='ocrx_word' id='word_1_399' title='bbox 2023 3479 2092 3533; x_wconf 93' lang='lat' dir='ltr'>et</span> <span class='ocrx_word' id='word_1_400' title='bbox 2121 3491 2342 3535; x_wconf 86' lang='lat' dir='ltr'>aaron.</span> <span class='ocrx_word' id='word_1_401' title='bbox 2721 3474 2856 3554; x_wconf 55' lang='lat' dir='ltr'>pf!</span> 
     </span>
     <span class='ocr_line' id='line_1_83' title="bbox 1652 3559 2852 3691; baseline 0.003 -70"><span class='ocrx_word' id='word_1_402' title='bbox 1652 3559 2106 3691; x_wconf 78' lang='lat' dir='ltr'>Attendite</span> <span class='ocrx_word' id='word_1_403' title='bbox 2136 3559 2384 3642; x_wconf 90' lang='lat' dir='ltr'>popule</span> <span class='ocrx_word' id='word_1_404' title='bbox 2415 3579 2602 3624; x_wconf 88' lang='lat' dir='ltr'>meus</span> <span class='ocrx_word' id='word_1_405' title='bbox 2633 3559 2852 3645; x_wconf 89' lang='lat' dir='ltr'>legem</span> 
     </span>
    </p>

    <p class='ocr_par' dir='ltr' id='par_1_10' title="bbox 1652 3648 2860 4353">
     <span class='ocr_line' id='line_1_84' title="bbox 1822 3648 2857 3714; baseline 0.004 -4"><span class='ocrx_word' id='word_1_406' title='bbox 1822 3667 2040 3711; x_wconf 89' lang='lat' dir='ltr'>meam</span> <span class='ocrx_word' id='word_1_407' title='bbox 2066 3668 2081 3711; x_wconf 89' lang='lat'>:</span> <span class='ocrx_word' id='word_1_408' title='bbox 2119 3648 2430 3712; x_wconf 87' lang='lat' dir='ltr'>inclinate</span> <span class='ocrx_word' id='word_1_409' title='bbox 2461 3669 2688 3712; x_wconf 88' lang='lat' dir='ltr'>aurem</span> <span class='ocrx_word' id='word_1_410' title='bbox 2711 3670 2857 3714; x_wconf 89' lang='lat' dir='ltr'>ves-</span> 
     </span>
     <span class='ocr_line' id='line_1_85' title="bbox 1652 3735 2858 3821; baseline 0.002 -21"><span class='ocrx_word' id='word_1_411' title='bbox 1652 3744 1826 3800; x_wconf 90' lang='lat' dir='ltr'>tram</span> <span class='ocrx_word' id='word_1_412' title='bbox 1883 3737 1950 3799; x_wconf 89' lang='lat' dir='ltr'>in</span> <span class='ocrx_word' id='word_1_413' title='bbox 2002 3735 2207 3800; x_wconf 85' lang='lat' dir='ltr'>verba</span> <span class='ocrx_word' id='word_1_414' title='bbox 2258 3739 2387 3800; x_wconf 89' lang='lat' dir='ltr'>oris</span> <span class='ocrx_word' id='word_1_415' title='bbox 2441 3739 2590 3802; x_wconf 88' lang='lat' dir='ltr'>mei.</span> <span class='ocrx_word' id='word_1_416' title='bbox 2664 3740 2858 3821; x_wconf 86' lang='lat' dir='ltr'>Ape-</span> 
     </span>
     <span class='ocr_line' id='line_1_86' title="bbox 1655 3824 2858 3908; baseline 0.002 -20"><span class='ocrx_word' id='word_1_417' title='bbox 1655 3825 1820 3888; x_wconf 90' lang='lat' dir='ltr'>riam</span> <span class='ocrx_word' id='word_1_418' title='bbox 1852 3825 1920 3887; x_wconf 91' lang='lat' dir='ltr'>in</span> <span class='ocrx_word' id='word_1_419' title='bbox 1950 3824 2283 3908; x_wconf 85' lang='lat' dir='ltr'>parabolis</span> <span class='ocrx_word' id='word_1_420' title='bbox 2328 3845 2404 3888; x_wconf 93' lang='lat' dir='ltr'>os</span> <span class='ocrx_word' id='word_1_421' title='bbox 2446 3846 2714 3890; x_wconf 90' lang='lat' dir='ltr'>meum:</span> <span class='ocrx_word' id='word_1_422' title='bbox 2763 3827 2858 3891; x_wconf 90' lang='lat' dir='ltr'>lo-</span> 
     </span>
     <span class='ocr_line' id='line_1_87' title="bbox 1654 3913 2854 3996; baseline 0.003 -21"><span class='ocrx_word' id='word_1_423' title='bbox 1654 3932 1824 3995; x_wconf 88' lang='lat' dir='ltr'>quar</span> <span class='ocrx_word' id='word_1_424' title='bbox 1906 3913 2388 3996; x_wconf 89' lang='lat' dir='ltr'>propositiones</span> <span class='ocrx_word' id='word_1_425' title='bbox 2477 3915 2563 3978; x_wconf 88' lang='lat' dir='ltr'>ab</span> <span class='ocrx_word' id='word_1_426' title='bbox 2649 3915 2854 3980; x_wconf 83' lang='lat' dir='ltr'>initio,</span> 
     </span>
     <span class='ocr_line' id='line_1_88' title="bbox 1662 4001 2859 4086; baseline 0.002 -20"><span class='ocrx_word' id='word_1_427' title='bbox 1662 4001 1930 4079; x_wconf 81' lang='lat' dir='ltr'>Quanta</span> <span class='ocrx_word' id='word_1_428' title='bbox 1989 4002 2359 4065; x_wconf 88' lang='lat' dir='ltr'>audivimus</span> <span class='ocrx_word' id='word_1_429' title='bbox 2421 4011 2489 4067; x_wconf 89' lang='lat' dir='ltr'>et</span> <span class='ocrx_word' id='word_1_430' title='bbox 2547 4005 2859 4086; x_wconf 91' lang='lat' dir='ltr'>cognovi-</span> 
     </span>
     <span class='ocr_line' id='line_1_89' title="bbox 1658 4093 2856 4173; baseline 0.003 -20"><span class='ocrx_word' id='word_1_431' title='bbox 1658 4110 1809 4153; x_wconf 91' lang='lat' dir='ltr'>mus</span> <span class='ocrx_word' id='word_1_432' title='bbox 1854 4109 1972 4155; x_wconf 91' lang='lat' dir='ltr'>ea:</span> <span class='ocrx_word' id='word_1_433' title='bbox 2019 4100 2084 4154; x_wconf 90' lang='lat' dir='ltr'>et</span> <span class='ocrx_word' id='word_1_434' title='bbox 2118 4099 2341 4173; x_wconf 88' lang='lat' dir='ltr'>patres</span> <span class='ocrx_word' id='word_1_435' title='bbox 2387 4093 2592 4156; x_wconf 88' lang='lat' dir='ltr'>nostri</span> <span class='ocrx_word' id='word_1_436' title='bbox 2637 4113 2856 4157; x_wconf 87' lang='lat' dir='ltr'>narra-</span> 
     </span>
     <span class='ocr_line' id='line_1_90' title="bbox 1657 4179 2858 4246; baseline 0.002 -4"><span class='ocrx_word' id='word_1_437' title='bbox 1657 4187 1896 4242; x_wconf 91' lang='lat' dir='ltr'>verunt</span> <span class='ocrx_word' id='word_1_438' title='bbox 1937 4179 2146 4244; x_wconf 89' lang='lat' dir='ltr'>nobis.</span> <span class='ocrx_word' id='word_1_439' title='bbox 2235 4179 2398 4243; x_wconf 90' lang='lat' dir='ltr'>Non</span> <span class='ocrx_word' id='word_1_440' title='bbox 2444 4189 2600 4245; x_wconf 89' lang='lat' dir='ltr'>sunt</span> <span class='ocrx_word' id='word_1_441' title='bbox 2643 4182 2858 4246; x_wconf 89' lang='lat' dir='ltr'>occul-</span> 
     </span>
     <span class='ocr_line' id='line_1_91' title="bbox 1660 4266 2860 4353; baseline 0.004 -21"><span class='ocrx_word' id='word_1_442' title='bbox 1660 4275 1806 4332; x_wconf 90' lang='lat' dir='ltr'>tata</span> <span class='ocrx_word' id='word_1_443' title='bbox 1823 4287 1862 4330; x_wconf 90' lang='lat' dir='ltr'>a</span> <span class='ocrx_word' id='word_1_444' title='bbox 1887 4266 2036 4333; x_wconf 86' lang='lat' dir='ltr'>filiis</span> <span class='ocrx_word' id='word_1_445' title='bbox 2057 4287 2313 4332; x_wconf 88' lang='lat' dir='ltr'>eorum:</span> <span class='ocrx_word' id='word_1_446' title='bbox 2346 4269 2414 4332; x_wconf 91' lang='lat' dir='ltr'>in</span> <span class='ocrx_word' id='word_1_447' title='bbox 2431 4271 2860 4353; x_wconf 90' lang='lat' dir='ltr'>generatione</span> 
     </span>
    </p>
   </div>
   <div class='ocr_carea' id='block_1_7' title="bbox 1825 4428 2376 4615">
    <p class='ocr_par' dir='ltr' id='par_1_11' title="bbox 1825 4428 2376 4615">
     <span class='ocr_line' id='line_1_92' title="bbox 1825 4428 2376 4482; baseline 0.011 -5"><span class='ocrx_word' id='word_1_448' title='bbox 1825 4429 1848 4459; x_wconf 83' lang='lat'>⁸</span> <span class='ocrx_word' id='word_1_449' title='bbox 1878 4428 2102 4480; x_wconf 77' lang='lat' dir='ltr'>abscidet</span> <span class='ocrx_word' id='word_1_450' title='bbox 2127 4449 2140 4480; x_wconf 73' lang='grc' dir='ltr'><strong>ε</strong></span> <span class='ocrx_word' id='word_1_451' title='bbox 2177 4429 2376 4482; x_wconf 86' lang='lat' dir='ltr'><strong>E.G.S.</strong></span> 
     </span>
     <span class='ocr_line' id='line_1_93' title="bbox 1827 4495 2282 4547; baseline 0.002 -1"><span class='ocrx_word' id='word_1_452' title='bbox 1827 4495 1850 4525; x_wconf 84' lang='lat'>⁸</span> <span class='ocrx_word' id='word_1_453' title='bbox 1881 4495 2076 4546; x_wconf 72' lang='lat' dir='ltr'>turbate</span> <span class='ocrx_word' id='word_1_454' title='bbox 2102 4513 2114 4546; x_wconf 71' lang='grc' dir='ltr'><strong><em>ε</em></strong></span> <span class='ocrx_word' id='word_1_455' title='bbox 2150 4495 2210 4547; x_wconf 83' lang='lat' dir='ltr'>E.</span> <span class='ocrx_word' id='word_1_456' title='bbox 2220 4497 2282 4547; x_wconf 88' lang='lat' dir='ltr'>G.</span> 
     </span>
     <span class='ocr_line' id='line_1_94' title="bbox 1827 4561 2314 4615; baseline 0.01 -6"><span class='ocrx_word' id='word_1_457' title='bbox 1827 4563 1846 4590; x_wconf 64' lang='lat'>³</span> <span class='ocrx_word' id='word_1_458' title='bbox 1879 4561 2214 4613; x_wconf 79' lang='lat' dir='ltr'>Alluxerunt:</span> <span class='ocrx_word' id='word_1_459' title='bbox 2251 4563 2314 4615; x_wconf 88' lang='lat' dir='ltr'>E.</span> 
     </span>
    </p>
   </div>
   <div class='ocr_carea' id='block_1_8' title="bbox 1827 4629 2624 4781">
    <p class='ocr_par' dir='ltr' id='par_1_12' title="bbox 1827 4629 2624 4781">
     <span class='ocr_line' id='line_1_95' title="bbox 1827 4629 2624 4696; baseline 0.006 -19"><span class='ocrx_word' id='word_1_460' title='bbox 1827 4629 1847 4658; x_wconf 83' lang='lat'>⁸</span> <span class='ocrx_word' id='word_1_461' title='bbox 1876 4635 1948 4693; x_wconf 60' lang='lat' dir='ltr'>pl.</span> <span class='ocrx_word' id='word_1_462' title='bbox 1981 4638 2043 4690; x_wconf 87' lang='grc'>77</span> <span class='ocrx_word' id='word_1_463' title='bbox 2058 4643 2077 4677; x_wconf 90' lang='grc'>.·</span> <span class='ocrx_word' id='word_1_464' title='bbox 2110 4629 2243 4681; x_wconf 61' lang='grc' dir='ltr'>ΕΟ.</span> <span class='ocrx_word' id='word_1_465' title='bbox 2317 4631 2538 4696; x_wconf 76' lang='lat' dir='ltr'><em>lxme.:</em></span> <span class='ocrx_word' id='word_1_466' title='bbox 2571 4634 2624 4682; x_wconf 88' lang='lat' dir='ltr'>S.</span> 
     </span>
     <span class='ocr_line' id='line_1_96' title="bbox 2470 4715 2602 4781; baseline 0 -15"><span class='ocrx_word' id='word_1_467' title='bbox 2470 4717 2506 4781; x_wconf 88' lang='grc'>3</span> <span class='ocrx_word' id='word_1_468' title='bbox 2559 4715 2602 4766; x_wconf 92' lang='lat' dir='ltr'>L</span> 
     </span>
    </p>
   </div>
  </div>
 </body>
</html>
