3375 5100
939 307 1355 364 DOMJNJCA
1413 306 1676 361 PRIMA
1730 304 2231 364 NOVEMBRJS.

871 417 1031 471 609

341 521 506 586 mori
559 520 878 604 incipiens
907 523 1000 587 sic
1031 521 1124 587 ait
1151 544 1166 586 :
1199 543 1320 585 nos
1344 542 1538 605 prop-

341 619 444 674 ter
472 611 908 694 nosmetipsos
939 610 1060 676 hec
1080 612 1368 693 patimur
1391 630 1541 693 pec-

341 709 568 763 cantes
592 700 657 762 in
699 700 898 764 deum
931 708 1246 763 nostrum.
1335 700 1537 762 Anti·

340 787 544 875 ochus
595 798 816 852 autem
879 789 1214 853 contemni
1267 808 1338 851 se
1367 786 1541 851 arbi-

339 884 522 939 trans
582 897 732 940 cum
793 876 1010 940 adhuc
1059 876 1540 941 adolescentior

341 972 750 1046 superesset:
826 985 958 1029 non
1029 964 1243 1029 solum
1324 964 1539 1028 verbis

339 1051 765 1117 hortabatur:
840 1054 954 1117 sed
1005 1052 1381 1135 juramento
1443 1052 1537 1115 af-

339 1140 645 1206 firmabat
699 1162 773 1205 se
818 1141 1092 1206 divitem
1154 1150 1222 1205 et
1268 1139 1536 1205 beatum

339 1228 704 1293 facturum:
751 1239 820 1293 et
849 1231 1108 1294 vocavit
1157 1239 1435 1294 matrem
1470 1238 1538 1293 et

338 1318 662 1382 suadebat
691 1319 750 1381 ei
799 1326 874 1382 ut
903 1318 1307 1382 adolescenti
1353 1317 1538 1381 fieret

339 1407 404 1469 in
448 1404 746 1471 salutem.
837 1404 986 1489 Que
1040 1408 1133 1470 ait
1194 1407 1278 1469 ad
1327 1405 1534 1469 filium

337 1514 562 1558 suum:
589 1493 714 1557 Fili
741 1495 1046 1559 miserere
1071 1496 1198 1559 mei
1224 1515 1354 1577 que
1376 1504 1444 1557 te
1468 1494 1535 1557 in

337 1593 524 1647 utero
555 1603 790 1646 novem
838 1604 1096 1647 menses
1139 1584 1425 1665 portavi:
1472 1592 1538 1646 et

338 1670 438 1735 lac
463 1671 816 1735 triennium
849 1672 1002 1735 dedi
1033 1681 1100 1735 et
1133 1671 1262 1735 alui
1291 1693 1306 1736 :
1353 1680 1422 1735 et
1467 1672 1532 1734 in

339 1769 586 1824 etatem
661 1761 856 1824 istam
962 1760 1290 1841 perduxi:
1379 1768 1536 1841 peto

340 1856 496 1911 nate
525 1857 600 1911 ut
619 1868 752 1911 non
783 1849 1018 1912 timeas
1049 1846 1420 1911 carnificem
1455 1848 1537 1911 is-

339 1944 527 1999 tum:
573 1937 688 2000 sed
721 1936 979 2018 suscipe
1026 1944 1306 1999 mortem
1353 1944 1426 1999 ut
1471 1936 1536 1998 in

339 2023 452 2087 illa
529 2024 944 2088 miseratione
1004 2043 1154 2088 cum
1233 2024 1538 2087 fratribus

342 2112 473 2176 tuis
497 2120 566 2175 te
611 2113 941 2195 recipiam.
1037 2113 1129 2175 Et
1161 2111 1251 2176 ait
1283 2110 1538 2175 adoles-

339 2220 534 2263 cens:
609 2197 829 2282 Quem
889 2200 1274 2264 sustinetis?
1383 2200 1538 2263 Non

340 2288 581 2351 obedio
612 2298 923 2371 precepto
949 2290 1117 2371 regis
1135 2288 1252 2353 sed
1273 2308 1540 2371 precep-

341 2385 414 2440 to
439 2377 616 2458 legis,
693 2378 882 2441 Tunc
908 2398 1026 2441 rex
1058 2378 1123 2440 in
1150 2376 1326 2441 hunc
1345 2397 1542 2459 super

340 2484 572 2529 omnes
618 2465 943 2529 crudelius
989 2466 1190 2530 sevit:
1273 2464 1542 2547 indigne

341 2553 554 2618 serens
599 2576 640 2618 a
695 2575 900 2638 puero
929 2555 1216 2619 derisum
1265 2575 1336 2618 se
1382 2575 1542 2619 esse.

342 2643 434 2706 Et
465 2642 570 2708 hic
602 2644 826 2726 itaque
857 2644 1144 2708 mundus
1175 2663 1295 2725 per
1316 2644 1542 2707 omnia

341 2732 510 2794 obiit
541 2732 608 2795 in
639 2734 914 2796 domino
950 2732 1308 2796 confidens,
1399 2731 1539 2795 No-

341 2821 608 2884 vissime
639 2831 862 2886 autern
896 2830 964 2886 et
996 2829 1208 2885 mater
1237 2840 1541 2884 consum·

343 2917 528 2973 mata
556 2919 674 2974 est.

345 3001 410 3074 ΙΙ
465 2997 812 3061 Dominica
858 3018 901 3061 a
948 2997 1245 3061 kalendis
1290 3017 1540 3060 novem-

343 3085 482 3148 bris
527 3107 724 3170 usque
763 3085 859 3148 ad
893 3085 1242 3150 adventum
1272 3085 1538 3148 domini.

349 3174 632 3238 Sabbato
669 3175 768 3238 ad
803 3185 1094 3258 vesperas
1130 3183 1235 3238 αῆ.
1329 3174 1537 3238 Bene-

342 3263 575 3327 dictuS.
653 3272 752 3344 pi.
821 3263 1068 3346 Ipsum.
1151 3262 1535 3343 Capitulum.

345 3351 739 3415 Benedictus
799 3351 979 3414 deus.
1082 3351 1194 3415 Re.
1285 3349 1538 3433 Aspice

344 3440 613 3503 domine
643 3441 728 3502 de
757 3440 931 3503 sede.
981 3439 1304 3519 Hymnus.
1353 3439 1537 3503 Deus

343 3537 614 3592 creator.
667 3545 710 3614 y
753 3528 1151 3610 Vespertina
1180 3527 1408 3591 orati0.
1453 3527 1538 3590 In

340 3615 664 3698 evangelio
691 3625 796 3680 αῆ.
873 3616 1028 3680 Vidi
1059 3616 1403 3679 dominum
1435 3635 1534 3680 se·

343 3705 613 3767 dentem
643 3725 844 3787 super
872 3705 1109 3768 solium
1157 3703 1494 3768 excelsum
1521 3725 1538 3766 :

343 3801 412 3856 et
439 3792 638 3876 plena
667 3803 809 3856 erat
839 3794 1054 3857 omnis
1084 3801 1258 3856 terra
1305 3792 1540 3875 majes-

343 3890 484 3945 tate
544 3881 688 3962 ejus
747 3892 816 3946 et
876 3901 956 3945 ea
1015 3901 1146 3964 que
1213 3880 1338 3944 sub
1397 3881 1541 3964 ipso

343 3977 530 4031 erant
589 3970 934 4053 replebant
1006 3968 1349 4052 templum.
1440 3977 1540 4049 pf.

345 4057 752 4140 Magnificat.
843 4059 978 4122 Αῆ.
1071 4059 1266 4122 Muro
1295 4065 1414 4121 tuo
1444 4057 1544 4120 in-

341 4147 773 4228 expugnabili
803 4147 1243 4230 circumcinge
1274 4167 1394 4210 nos
1425 4146 1542 4208 do·

345 4237 562 4298 mine:
609 4244 677 4298 et
703 4235 901 4300 armis
931 4247 1045 4299 tue
1075 4235 1370 4320 potentie
1397 4253 1543 4316 pro-

343 4333 498 4404 tege
531 4344 652 4386 nos
681 4345 945 4406 semper
965 4325 1130 4387 deus
1162 4332 1399 4387 noster.
1441 4331 1540 4402 pff.

447 4513 458 4542 ¹
503 4517 516 4540 ‘
531 4513 760 4562 dominus
783 4512 906 4561 deus
929 4510 1274 4561 convertimini
1297 4510 1360 4559 ad
1385 4523 1467 4560 me
1488 4518 1536 4560 et
1557 4508 1682 4558 salvi
1705 4507 1854 4557 eritis'
1890 4507 1987 4556 add
2014 4525 2025 4558 :
2061 4507 2126 4556 N.

2158 415 2299 469 610

1637 518 2043 601 Magnificat.
2134 522 2268 585 Αῆ.
2347 519 2481 604 Qui
2542 521 2829 587 celorum

1635 609 1935 672 contines
1986 608 2259 673 thronos
2302 619 2371 673 et
2417 608 2691 691 abyssos
2737 613 2833 675 in-

1637 698 1839 760 tueris
1862 698 2131 762 domine
2162 719 2278 762 rex
2310 716 2536 779 regum
2571 709 2832 765 montes

1637 785 1966 868 ponderas
2011 795 2253 850 terram
2300 786 2524 868 palmo
2570 789 2831 852 conclu-

1637 873 1783 937 dis:
1828 876 2074 938 exaudi
2119 894 2242 939 nos
2291 876 2561 938 domine
2610 876 2676 939 in
2712 896 2829 958 ge-

1637 961 1909 1025 mitibus
1942 964 2196 1026 nostriS.
2267 972 2367 1044 pf.
2426 963 2829 1045 Magnificat.

1634 1051 1769 1113 Αῇ.
1859 1050 2109 1133 Aspice
2154 1053 2423 1115 domine
2468 1051 2624 1135 quia
2654 1051 2831 1117 sacta

1635 1148 1738 1202 est
1762 1138 2059 1202 desolata
2081 1140 2312 1203 civitas
2334 1140 2534 1222 plena
2555 1141 2829 1205 divitiis:

1634 1227 1822 1290 sedet
1843 1228 1909 1290 in
1928 1228 2199 1292 tristicia
2219 1229 2491 1291 domina
2507 1230 2831 1309 gentium:

1637 1335 1769 1378 non
1802 1325 1901 1380 est
1931 1317 2044 1397 qui
2076 1316 2449 1380 consoletur
2478 1336 2625 1379 eam
2652 1337 2665 1379 :
2705 1318 2828 1381 nisi

1633 1410 1707 1466 tu
1754 1404 1918 1467 deus
1964 1413 2201 1469 noster.
2276 1414 2376 1485 plr'.
2426 1404 2830 1487 Magnificat.

1633 1493 1697 1555 A
1708 1500 1769 1555 ἦ.
1838 1492 2078 1555 Libera
2124 1513 2243 1557 nos
2273 1494 2437 1556 deus
2468 1494 2534 1555 in
2568 1492 2834 1557 mirabi-

1637 1579 1806 1643 libus
1836 1581 1968 1643 tuis
1995 1602 2009 1644 :
2056 1590 2123 1644 et
2153 1580 2242 1643 da
2270 1581 2547 1663 gloriam
2580 1584 2830 1646 nomini

1636 1677 1772 1732 tuo,
1846 1678 1947 1749 p.‘s·'.
2012 1668 2415 1750 Magnificat.
2472 1669 2597 1733 Ad
2618 1680 2829 1733 matu-

1636 1756 1815 1819 tinas
1842 1756 2328 1821 Invitatorium.
2418 1758 2571 1821 Vidi
2618 1760 2829 1822 domi·

1638 1864 1795 1907 num
1826 1845 2170 1909 sedentem
2216 1866 2415 1927 super
2442 1845 2679 1910 solium
2712 1867 2832 1910 ex-

1636 1931 1931 1997 celsum:
1983 1942 2054 1996 et
2100 1953 2297 2015 super
2348 1954 2571 1997 muros
2618 1933 2833 1999 hieru-

1637 2020 1863 2085 salem.
1956 2021 2132 2086 Tota
2179 2022 2289 2084 die
2338 2041 2470 2086 non
2516 2022 2832 2087 tacebunt

1636 2107 1949 2174 cherubin
1982 2109 2250 2174 laudare
2285 2130 2527 2175 nomen
2560 2111 2831 2176 domini.

1624 2206 1725 2278 pff.
1772 2198 2029 2262 Venite.
2092 2198 2401 2279 Hymnus
2446 2200 2664 2263 Primo
2696 2201 2833 2263 die-

1641 2306 1803 2349 rum.
1892 2286 1976 2349 In
2014 2286 2079 2368 j.
2138 2296 2441 2350 nocturno
2498 2296 2601 2351 αῆ.
2709 2288 2834 2351 Pro

1640 2372 1811 2437 fidei.
1906 2382 2005 2456 pff.
2100 2375 2344 2439 Beatus
2415 2375 2516 2438 vir
2600 2386 2704 2439 etc.
2792 2394 2835 2462 γ

1643 2462 1905 2527 Memor
1935 2462 2042 2526 fui.
2550 2464 2764 2528 Lectio
2774 2465 2837 2546 j.

1640 2549 2035 2684 Ezechiel
2082 2552 2404 2635 propheta
2446 2573 2595 2616 cum
2626 2555 2835 2636 capti·-

1790 2660 1910 2704 vus
1954 2641 2191 2704 ductus
2237 2651 2411 2705 esset
2454 2643 2517 2704 in
2558 2640 2835 2724 babylo-

1641 2748 1793 2791 nem
1826 2748 1976 2792 cum
2003 2729 2293 2810 joachim
2328 2749 2481 2811 rege
2520 2731 2721 2813 juda:
2768 2740 2835 2795 et

1639 2817 1919 2881 sedisset
1990 2819 2056 2880 in
2132 2818 2355 2882 medio
2424 2821 2835 2902 captivorum

1633 2905 1831 2986 juxta
1904 2904 2177 2969 fluvium
2254 2905 2499 2970 chobar
2533 2929 2547 2971 :
2623 2909 2833 2990 aperti

1638 3002 1792 3057 sunt
1845 2994 1965 3058 celi
2027 3003 2095 3059 et
2146 2995 2314 3059 vidit
2364 2997 2650 3060 visiones
2708 2997 2835 3060 dei.

1641 3083 1733 3146 Et
1792 3081 2039 3146 sactum
2101 3092 2203 3147 est
2248 3083 2521 3148 verbum
2581 3085 2835 3148 domini

1636 3170 1725 3233 ad
1756 3190 1910 3234 eum
1942 3171 2169 3234 dicens
2196 3193 2211 3236 ε
2261 3173 2385 3236 Fili
2417 3172 2701 3236 hominis
2733 3181 2837 3237 sta

1637 3279 1838 3341 super
1888 3259 2093 3341 pedes
2146 3269 2295 3324 tuos
2343 3271 2412 3324 et
2464 3260 2695 3343 loquar
2737 3269 2836 3325 te-

1636 3368 1807 3411 cum.
1904 3347 2052 3412 Hec
2098 3348 2298 3413 dicit.¹
2370 3349 2471 3414 Et
2493 3349 2589 3411 sic
2616 3350 2835 3412 termi-

1637 3435 1853 3500 nande
1914 3446 2075 3500 sunt
2130 3457 2344 3500 omnes
2414 3437 2703 3500 lectiones
2758 3437 2837 3500 de

1623 3523 1977 3605 prophetia.
2070 3524 2185 3588 Re.
2262 3525 2416 3588 Vidi
2490 3525 2833 3589 dominum

1637 3613 1979 3676 sedentem
2010 3633 2207 3694 super
2235 3612 2473 3676 solium
2496 3615 2835 3678 excelsum

1638 3711 1707 3764 et
1738 3700 2065 3764 elevatum
2088 3703 2151 3764 ²:
2199 3711 2266 3765 et
2297 3702 2493 3783 plena
2522 3710 2665 3766 erat
2693 3721 2837 3766 om-

1638 3789 1741 3852 nis
1772 3797 1943 3852 terra
1990 3789 2338 3871 maJestate
2384 3789 2543 3869 ejus.
2634 3789 2726 3854 Et
2756 3811 2837 3855 ea

1639 3897 1771 3961 que
1830 3877 1955 3941 sub
2023 3878 2170 3960 ipso
2244 3888 2430 3943 erant
2492 3878 2837 3960 replebant

1639 3965 1981 4047 templum.
2074 3983 2121 4052 γ
2198 3965 2521 4049 Seraphin
2569 3967 2837 4032 stabant

1641 4074 1840 4136 super
1884 4053 2044 4117 illud
2092 4074 2215 4118 sex
2261 4053 2365 4118 ale
2414 4055 2569 4120 uni:
2616 4065 2683 4120 et
2715 4076 2837 4120 sex

1640 4143 1745 4206 ale
1777 4141 1983 4206 alteri.
2056 4142 2145 4206 Et
2177 4163 2255 4206 ea
2286 4163 2432 4226 que.
2522 4143 2739 4208 Lectio
2770 4146 2838 4227 ᾔ.

1642 4233 1823 4362 Et
1854 4232 2182 4312 ingressus
2212 4233 2403 4296 estin
2438 4253 2543 4296 me
2574 4233 2839 4315 spiritus

1794 4330 2147 4402 postquam
2195 4319 2453 4384 locutus
2494 4331 2593 4384 est
2641 4321 2840 4386 mihi:

2355 4510 2376 4539 ²
2409 4507 2648 4558 levatum:
2672 4509 2750 4557 W.

2436 4613 2481 4662 R
2534 4613 2579 4662 R
