3375 5100
1308 420 1435 474 AD
1492 417 1934 477 VESPERAS.

858 530 1006 586 875

324 635 689 701 letantem.¹
722 636 857 701 Αῆ.
881 636 984 702 Sit
1003 656 1247 699 nomen
1267 634 1521 699 domini

324 725 751 790 benedictum
784 727 851 788 in
882 723 1119 789 secula.
1178 726 1314 788 Αῇ.
1377 725 1521 788 Nos

324 815 443 896 qui
460 814 789 879 vivimus,²
1173 813 1521 895 psalmus.⁸

320 905 423 1035 l
446 922 489 965 n
520 904 705 966 exitu
738 903 929 966 israel
962 902 1048 965 de
1077 912 1367 985 egypto:
1400 902 1517 965 do-

445 1012 591 1055 mus
616 992 815 1074 jacob
846 992 931 1055 de
951 992 1197 1073 populo
1222 991 1519 1055 barbar0.

320 1079 537 1143 Facta
619 1088 722 1143 est
804 1081 1011 1161 judea
1084 1080 1518 1144 sanctificatio

322 1168 507 1249 ejus:
555 1167 745 1231 israel
778 1178 1073 1251 potestas
1104 1169 1263 1250 ejuS.
1320 1170 1519 1232 Mare

320 1257 501 1319 vidit
551 1266 619 1319 et
648 1257 859 1339 fugit:
901 1258 1199 1339 jordanis
1247 1277 1518 1321 conver-

320 1364 437 1407 sus
471 1356 572 1409 est
603 1354 975 1411 retrorsum.
1066 1346 1347 1409 Montes
1401 1367 1517 1409 ex—

321 1432 703 1496 ultaverunt
746 1444 824 1497 ut
882 1436 1159 1499 arietes:
1208 1442 1275 1498 et
1316 1434 1517 1499 colles

321 1521 495 1585 sicut
526 1523 680 1604 agni
706 1524 947 1586 ovium.
1042 1522 1215 1601 Quid
1262 1530 1365 1586 est
1396 1524 1515 1585 tibi

320 1630 507 1673 mare
532 1611 711 1693 quod
732 1612 998 1693 fugisti:
1048 1621 1116 1674 et
1146 1620 1218 1674 tu
1246 1611 1517 1692 jordan-

320 1699 377 1761 is
419 1700 577 1781 quia
616 1720 971 1763 conversus
1021 1720 1093 1762 es
1142 1709 1515 1763 retrorsum.

318 1787 601 1851 Montes
634 1788 988 1851 exultastis
1032 1788 1204 1852 sicut
1236 1788 1513 1853 arietes:

318 1884 389 1937 et
448 1876 651 1939 colles
712 1877 879 1940 sicut
927 1878 1081 1959 agni
1112 1877 1355 1940 ovium.
1442 1878 1505 1939 A

318 1962 489 2028 facie
520 1965 773 2027 domini
824 1976 1009 2029 mota
1064 1975 1165 2028 est
1211 1976 1427 2030 terra:
1474 1987 1515 2029 a

318 2051 487 2117 facie
536 2053 641 2116 dei
698 2054 913 2136 jacob.
1010 2053 1137 2133 Qui
1189 2055 1514 2119 convertit

314 2150 575 2223 petram
626 2143 693 2204 in
747 2152 987 2225 stagna
1040 2164 1399 2225 aquarum:
1446 2153 1515 2207 et

314 2250 548 2312 rupem
582 2231 649 2293 in
682 2230 899 2293 fontes
920 2251 1258 2313 aquarum.
1349 2232 1512 2295 Non

315 2317 511 2381 nobis
559 2320 832 2382 domine
885 2339 1019 2382 non
1081 2320 1323 2384 nobis:
1394 2322 1511 2385 sed

314 2408 567 2470 nomini
603 2416 723 2471 tuo
768 2409 858 2471 da
899 2409 1197 2491 gloriam.
1293 2408 1515 2491 Super

314 2496 763 2560 misericordia
793 2507 910 2561 tua
939 2507 1007 2561 et
1051 2498 1328 2561 veritate
1358 2506 1511 2562 tua:

311 2587 672 2666 nequando
714 2586 941 2649 dicant
984 2596 1219 2668 gentes
1266 2587 1377 2649 ubi
1410 2596 1512 2651 est

312 2673 481 2736 deus
527 2693 773 2738 eorum.
864 2675 1053 2738 Deus
1102 2685 1323 2738 autem
1359 2696 1510 2739 nos-

309 2771 415 2824 ter
466 2762 531 2825 in
587 2763 768 2827 celo:
842 2765 1069 2826 omnia
1118 2785 1511 2848 quecunque

308 2849 521 2914 voluit
582 2850 752 2915 fecit.
866 2851 1287 2917 Simulachra
1347 2873 1508 2934 gen-

309 2940 479 3002 tium
511 2949 864 3022 argentum
896 2949 964 3003 et
984 2961 1258 3005 aurum:
1304 2962 1507 3024 opera

310 3048 631 3091 manuum
662 3029 1024 3092 hominum.
1120 3029 1211 3094 Os
1258 3029 1507 3094 habent

306 3126 378 3179 et
408 3137 541 3179 non
570 3117 924 3199 loquentur
950 3139 964 3182 :
1011 3117 1237 3182 oculos
1257 3117 1507 3182 habent

308 3213 380 3268 et
410 3225 543 3268 non
576 3207 913 3272 videbunt.
1005 3208 1225 3271 Aures
1256 3206 1506 3271 habent

308 3303 379 3356 et
412 3314 544 3356 non
579 3296 893 3360 audient:
940 3316 1131 3359 nares
1162 3295 1415 3359 habent
1438 3307 1507 3360 et

308 3402 443 3444 non
476 3384 866 3450 odorabunt.
958 3386 1211 3448 Manus
1252 3385 1506 3449 habent

306 3480 376 3533 et
409 3491 541 3534 non
562 3473 971 3555 palpabunt:
1019 3475 1225 3556 pedes
1254 3473 1505 3537 habent

305 3569 376 3623 et
408 3580 541 3623 non
575 3561 1014 3626 ambulabunt
1042 3585 1057 3627 :
1104 3583 1237 3626 non
1259 3562 1505 3626 clama-

304 3649 476 3712 bunt
530 3649 596 3712 in
644 3660 913 3732 gutture
960 3652 1127 3714 suo.⁴
1237 3651 1503 3717 Similes

304 3737 437 3799 illis
470 3736 631 3801 fiant
663 3740 775 3821 qui
810 3740 1059 3803 faciunt
1090 3760 1170 3803 ea
1196 3761 1211 3803 z
1262 3749 1330 3803 et
1360 3761 1503 3803 om-

306 3845 424 3888 nes
457 3827 567 3908 qui
603 3827 945 3891 confidunt
969 3831 1037 3891 in
1070 3829 1181 3891 eis,
1237 3829 1503 3892 Domus

306 3915 499 3978 israel
532 3918 818 3998 speravit
850 3918 917 3980 in
953 3917 1226 3980 domino
1254 3939 1269 3980 :
1319 3918 1507 3999 adju-

407 4051 423 4082 ¹
465 4051 675 4100 ‘Gloria
696 4051 853 4117 patri’
879 4053 1014 4102 add:
1050 4052 1184 4102 Ro,

402 4119 425 4147 ²
462 4120 597 4167 ‘Ar-2.
638 4119 749 4167 Nos
775 4118 859 4183 qui
884 4119 1127 4168 vivimus'
1152 4133 1251 4168 om.
1284 4137 1295 4168 =
1332 4119 1465 4171 E.G.

401 4183 423 4281 ζ
445 4191 547 4299 Ρζὲ)
557 4197 608 4279 1‘1
610 4197 701 4300 gui,
714 4185 785 4300 'Ee
786 4185 1033 4300 oGiumclm‘i
1045 4185 1063 4235 “.
1087 4202 1106 4234 .·
1142 4186 1197 4235 S.

400 4319 421 4348 ⁸
456 4266 675 4366 ¹‘i’Gloria
697 4318 825 4382 patri
845 4318 857 4340 '
882 4287 981 4366 add
1008 4336 1021 4366 t
1050 4287 1190 4368 'E.G.

402 4385 424 4414 ⁸
462 4385 522 4430 ‘2
554 4383 715 4432 Thess.
746 4383 957 4446 3‘add:
984 4385 1115 4433 E.G.

402 4452 422 4479 '
462 4449 707 4498 ‘Christi’
731 4450 829 4498 add
854 4469 867 4500 z
903 4451 1189 4501 E.G.W.S.

400 4519 421 4547 ⁸
460 4515 604 4564 ‘Deo
621 4515 633 4539 '
660 4531 760 4565 om.
792 4517 901 4566 .Ε.
910 4518 975 4567 G.
985 4517 1067 4567 W.

398 4585 421 4612 ⁹
460 4582 597 4630 ‘Hoc
635 4583 928 4646 Capitulum
964 4583 1153 4632 dicitur
1186 4583 1261 4632 ad
1286 4590 1503 4648 vesperas

300 4665 359 4698 m
382 4649 611 4697 omnibus
631 4649 894 4698 dominicis
914 4650 1120 4713 elferiis
1138 4666 1171 4698 a
1196 4651 1416 4699 Domine
1439 4667 1502 4700 ne

301 4717 352 4764 in
377 4715 449 4764 ira
486 4732 637 4778 usque
662 4717 1163 4780 &septuagesimam
1211 4724 1255 4766 ct
1290 4733 1322 4764 a
1364 4719 1503 4766 Deus

2145 535 2300 624 876·

1621 644 1730 699 tor
1787 658 2016 702 eorum
2079 649 2146 704 et
2199 650 2534 722 protector
2593 662 2820 707 eorum

1623 734 1740 789 est.
1829 727 2098 791 Domus
2158 750 2360 793 aaron
2419 733 2708 813 speravit
2753 733 2822 795 in

1620 813 1928 879 domino:
1974 817 2240 898 adjutor
2281 838 2510 882 eorum
2557 830 2627 883 et
2673 842 2824 903 pro-

1620 912 1836 966 tector
1893 925 2122 969 eorum
2178 916 2296 970 est.
2393 908 2519 985 Qui
2581 910 2821 972 timent

1622 992 1969 1056 dominum
1989 1005 2418 1076 speraverunt
2429 998 2494 1058 in
2510 998 2819 1060 domino:

1621 1080 1888 1161 adjutor
1906 1102 2132 1145 eorum
2157 1092 2224 1146 et
2244 1093 2576 1165 protector
2590 1106 2818 1148 eorum

1619 1178 1738 1231 est.
1827 1170 2166 1234 Dominus
2213 1192 2469 1235 memor
2512 1173 2637 1237 fuit
2669 1194 2820 1237 nos-

1621 1258 1744 1321 tri:
1791 1269 1860 1322 et
1891 1259 2237 1323 benedixit
2299 1260 2507 1325 nobis,
2597 1262 2818 1326 Bene-

1621 1347 1799 1409 dixit
1858 1347 2088 1411 domui
2149 1350 2384 1413 israel:
2466 1351 2815 1414 benedixit

1619 1435 1849 1498 domui
1896 1457 2116 1501 aaron.
2205 1438 2569 1502 Benedixit
2600 1441 2816 1502 omni-

1621 1523 1744 1586 bus
1775 1524 1888 1605 qui
1919 1526 2160 1588 timent
2182 1526 2563 1591 dominum:
2610 1528 2816 1610 pusil-

1620 1610 1699 1674 lis
1775 1633 1926 1675 cum
2003 1614 2380 1696 majoribus.
2513 1616 2816 1698 Adjiciat

1620 1699 1931 1764 dominus
1980 1722 2180 1785 super
2227 1724 2390 1767 vos:
2443 1724 2645 1786 super
2693 1724 2815 1768 vos

1620 1798 1688 1851 et
1719 1809 1917 1871 super
1945 1789 2117 1854 filios
2147 1800 2418 1855 vestros.
2463 1792 2812 1857 Benedicti

1616 1898 1738 1941 vos
1770 1898 1811 1940 a
1863 1877 2178 1942 domino:
2223 1881 2336 1962 qui
2389 1880 2542 1945 fecit
2594 1880 2812 1945 celum

1618 1975 1687 2030 et
1719 1975 1980 2030 terram.
2077 1967 2306 2033 Celum
2337 1968 2460 2031 celi
2493 1970 2768 2033 domino
2795 1992 2812 2035 ε

1618 2063 1862 2117 terram
1923 2063 2146 2119 autem
2189 2057 2376 2120 dedit
2421 2057 2571 2120 filiis
2601 2058 2812 2121 homi-

1616 2162 1796 2207 num.
1885 2144 2048 2207 Non
2081 2146 2323 2208 mortui
2355 2143 2724 2209 laudabunt
2743 2156 2813 2210 te

1617 2231 1931 2296 domine:
1979 2252 2196 2314 neque
2225 2254 2460 2297 omnes
2519 2236 2632 2317 qui
2695 2236 2811 2297 de-

1614 2320 1942 2384 scendunt
1980 2321 2046 2383 in
2079 2322 2424 2385 infernum.
2519 2322 2656 2388 Sed
2687 2343 2812 2387 nos

1611 2409 2484 2491 quivivimusbenedicimus
2503 2411 2812 2477 dominot

1614 2518 1704 2561 ex
1757 2496 1888 2584 hoc·
1915 2518 2089 2563 nunc
2138 2507 2206 2563 et
2257 2520 2466 2583 usque
2512 2501 2580 2564 in
2625 2521 2812 2565 secu·

1612 2587 1798 2650 Ῑιιῐῐι.δ
1841 2588 1902 2650 Α
1914 2597 1974 2650 ἣ.
2024 2589 2166 2651 Nos
2179 2591 2292 2672 qui
2305 2590 2587 2652 vivimus
2609 2591 2810 2653 bene-

1611 2676 1894 2740 dicimus
1915 2676 2206 2741 domin0.
2391 2677 2810 2760 Capitulum.⁶

1606 2767 2027 2896 Dominus
2060 2776 2285 2829 autem
2335 2767 2576 2850 dirigat
2609 2769 2811 2831 corda

1767 2863 1835 2916 et
1869 2874 2147 2936 corpora
2167 2865 2395 2918 nostra
2421 2856 2489 2918 in
2517 2855 2811 2920 charita-

1607 2943 1794 3005 tedei
1817 2952 1884 3005 et
1911 2944 2251 3024 patientia.
2256 2942 2280 2981 ⁷
2315 2943 2480 3008 Deo,
2485 2945 2510 2981 ⁸
2537 2943 2564 2982 ⁹
2595 2945 2808 3024 Hym-

1610 3032 2808 3162 Luciscreatoroptimelucem[nus.

1744 3121 1996 3183 dierum
2024 3120 2399 3202 proferens:
2431 3122 2807 3204 primordiis

1610 3207 1772 3271 lucis
1805 3227 1976 3271 nove
2007 3209 2241 3272 mundi
2286 3229 2530 3292 parans
2561 3211 2808 3291 origin-

1606 3315 1733 3361 em.
1829 3296 1956 3375 Qui
1991 3317 2187 3360 mane
2211 3297 2516 3380 junctum
2548 3299 2806 3380 vesperi

1607 3386 1786 3448 diem
1884 3386 2103 3449 vocari
2183 3386 2466 3468 precipis
2558 3396 2804 3449 tetrum

1606 3473 1808 3538 chaos
1855 3473 2149 3537 illabitur
2192 3475 2346 3537 audi
2395 3495 2622 3558 preces
2653 3495 2806 3538 cum

1604 3561 1889 3626 fletibus,
1977 3563 2093 3626 Ne
2141 3583 2330 3626 mens
2373 3572 2654 3645 gravata
2681 3566 2808 3627 cri-

1607 3652 1787 3715 mine
1817 3653 1953 3714 vite
1997 3651 2084 3714 sit
2130 3650 2289 3714 exul
2337 3671 2610 3714 munere
2641 3653 2805 3716 dum

1604 3740 1697 3803 nil
1803 3759 2090 3822 perenne
2193 3740 2443 3819 cogitat
2531 3761 2809 3824 seseque

1605 3827 1820 3911 culpis
1881 3828 2108 3910 illigat.
2219 3829 2522 3894 Celorum
2585 3830 2808 3912 pulset

1610 3919 1920 3980 intimum
1968 3916 2170 3980 vitale
2219 3917 2412 3980 tollat
2458 3920 2805 3999 premium.

1606 4054 1830 4102 omnium
1853 4069 2004 4120 usque
2025 4053 2098 4101 ad
2110 4053 2378 4104 adventum
2399 4053 2596 4103 domini
2604 4071 2622 4102 .·
2645 4071 2809 4118 quan-

1605 4121 1858 4184 docunque
1908 4121 1966 4168 de
2006 4121 2266 4184 temporali
2313 4121 2502 4184 agitur.
2595 4121 2812 4170 Dicitur

1604 4187 1750 4236 etiam
1797 4188 1854 4234 in
1885 4187 2040 4250 feriis
2081 4203 2115 4236 a
2159 4187 2507 4251 septuagtsima
2552 4203 2704 4252 usque
2739 4187 2818 4237 ad

1604 4253 2032 4317 quadragesimam
2053 4253 2252 4318 quando
2273 4255 2329 4302 de
2331 4253 2491 4317 seriis
2510 4255 2692 4318 agitur.
2734 4255 2813 4302 Et

1604 4319 1840 4368 similiter
1857 4335 2056 4383 sequens
2075 4321 2293 4382 hymnus
2307 4320 2495 4368 dicitur
2507 4319 2578 4368 ad
2587 4328 2812 4384 vespcras

1607 4387 1665 4434 in
1699 4385 1922 4434 omnibus
1951 4386 2209 4434 dominicis
2243 4401 2277 4434 a
2316 4387 2535 4434 Domine
2573 4401 2636 4434 ne
2658 4387 2709 4434 in
2733 4386 2810 4435 ira

1604 4467 1755 4516 usque
1775 4451 1848 4500 ad
1871 4451 2310 4516 quadragrsimam.
2384 4453 2460 4500 Et
2480 4469 2514 4500 a
2537 4452 2678 4502 Deus
2699 4467 2807 4501 om-

1602 4518 1741 4566 nium
1765 4533 1854 4582 usq
1857 4533 1916 4566 ue
1936 4517 2007 4566 ad
2021 4519 2324 4567 advmtum:
2343 4531 2446 4566 tam
2470 4518 2526 4566 in
2548 4519 2808 4568 domimi-125

1599 4585 1768 4633 dubus
1805 4600 1958 4649 quam
1997 4585 2053 4632 in
2074 4584 2226 4647 fenis
2245 4585 2446 4652 quando
2465 4584 2523 4635 de
2543 4585 2813 4650 temporali

1600 4651 1796 4715 agitur'
1819 4651 1951 4700 add:
1975 4651 2040 4699 E.
2055 4653 2114 4700 G.
