<?xml version="1.0" encoding="UTF-8"?>
<!DOCTYPE html PUBLIC "-//W3C//DTD XHTML 1.0 Transitional//EN"
    "http://www.w3.org/TR/xhtml1/DTD/xhtml1-transitional.dtd">
<html xmlns="http://www.w3.org/1999/xhtml" xml:lang="en" lang="en">
 <head>
  <title>
</title>
<meta http-equiv="Content-Type" content="text/html;charset=utf-8" />
  <meta name='ocr-system' content='tesseract 3.04.00' />
  <meta name='ocr-capabilities' content='ocr_page ocr_carea ocr_par ocr_line ocrx_word'/>
</head>
<body>
  <div class='ocr_page' id='page_1' title='image "./publicationssur05unkngoog_0161.png"; bbox 0 0 3375 5100; ppageno 0'>
   <div class='ocr_carea' id='block_1_1' title="bbox 1082 339 2396 398">
    <p class='ocr_par' dir='ltr' id='par_1_1' title="bbox 1082 339 2396 398">
     <span class='ocr_line' id='line_1_1' title="bbox 1082 339 2396 398; baseline 0.001 -3"><span class='ocrx_word' id='word_1_1' title='bbox 1082 341 1339 397; x_wconf 86' lang='lat' dir='ltr'><em>FERIA</em></span> <span class='ocrx_word' id='word_1_2' title='bbox 1396 340 1675 396; x_wconf 85' lang='lat' dir='ltr'><em>SEXTA</em></span> <span class='ocrx_word' id='word_1_3' title='bbox 1732 339 1952 398; x_wconf 87' lang='lat' dir='ltr'><em>POST</em></span> <span class='ocrx_word' id='word_1_4' title='bbox 1997 340 2396 398; x_wconf 68' lang='lat' dir='ltr'><em>CJNERUM</em></span> 
     </span>
    </p>
   </div>
   <div class='ocr_carea' id='block_1_2' title="bbox 1023 449 1173 506">
    <p class='ocr_par' dir='ltr' id='par_1_2' title="bbox 1023 449 1173 506">
     <span class='ocr_line' id='line_1_2' title="bbox 1023 449 1173 506; baseline 0.013 -2"><span class='ocrx_word' id='word_1_5' title='bbox 1023 449 1173 506; x_wconf 80' lang='lat'>267</span> 
     </span>
    </p>
   </div>
   <div class='ocr_carea' id='block_1_3' title="bbox 446 553 1704 4354">
    <p class='ocr_par' dir='ltr' id='par_1_3' title="bbox 446 553 1704 4354">
     <span class='ocr_line' id='line_1_3' title="bbox 474 553 1679 638; baseline 0.003 -20"><span class='ocrx_word' id='word_1_6' title='bbox 474 553 807 638; x_wconf 88' lang='lat' dir='ltr'>principes</span> <span class='ocrx_word' id='word_1_7' title='bbox 865 554 1184 638; x_wconf 85' lang='lat' dir='ltr'>pharaoni</span> <span class='ocrx_word' id='word_1_8' title='bbox 1242 565 1308 622; x_wconf 92' lang='lat' dir='ltr'>et</span> <span class='ocrx_word' id='word_1_9' title='bbox 1364 555 1679 622; x_wconf 86' lang='lat' dir='ltr'>laudave-</span> 
     </span>
     <span class='ocr_line' id='line_1_4' title="bbox 478 644 1680 726; baseline 0.003 -20"><span class='ocrx_word' id='word_1_10' title='bbox 478 652 631 707; x_wconf 87' lang='lat' dir='ltr'>runt</span> <span class='ocrx_word' id='word_1_11' title='bbox 661 663 812 708; x_wconf 92' lang='lat' dir='ltr'>eam</span> <span class='ocrx_word' id='word_1_12' title='bbox 844 645 1023 726; x_wconf 92' lang='lat' dir='ltr'>apud</span> <span class='ocrx_word' id='word_1_13' title='bbox 1056 644 1283 711; x_wconf 88' lang='lat' dir='ltr'>illum:</span> <span class='ocrx_word' id='word_1_14' title='bbox 1316 654 1385 709; x_wconf 90' lang='lat' dir='ltr'>et</span> <span class='ocrx_word' id='word_1_15' title='bbox 1414 645 1680 710; x_wconf 88' lang='lat' dir='ltr'>sublata</span> 
     </span>
     <span class='ocr_line' id='line_1_5' title="bbox 476 731 1677 817; baseline 0.003 -23"><span class='ocrx_word' id='word_1_16' title='bbox 476 740 579 794; x_wconf 90' lang='lat' dir='ltr'>est</span> <span class='ocrx_word' id='word_1_17' title='bbox 614 731 850 796; x_wconf 89' lang='lat' dir='ltr'>mulier</span> <span class='ocrx_word' id='word_1_18' title='bbox 880 732 949 796; x_wconf 88' lang='lat' dir='ltr'>in</span> <span class='ocrx_word' id='word_1_19' title='bbox 980 734 1258 797; x_wconf 90' lang='lat' dir='ltr'>domum</span> <span class='ocrx_word' id='word_1_20' title='bbox 1304 735 1677 817; x_wconf 84' lang='lat' dir='ltr'>pharaonis.</span> 
     </span>
     <span class='ocr_line' id='line_1_6' title="bbox 476 819 1677 908; baseline 0.003 -26"><span class='ocrx_word' id='word_1_21' title='bbox 476 819 739 884; x_wconf 84' lang='lat' dir='ltr'><strong>Abram</strong></span> <span class='ocrx_word' id='word_1_22' title='bbox 800 830 1027 885; x_wconf 90' lang='lat' dir='ltr'>autern</span> <span class='ocrx_word' id='word_1_23' title='bbox 1090 822 1259 886; x_wconf 86' lang='lat' dir='ltr'>bene</span> <span class='ocrx_word' id='word_1_24' title='bbox 1311 843 1478 908; x_wconf 32' lang='lat' dir='ltr'>‘usus</span> <span class='ocrx_word' id='word_1_25' title='bbox 1538 822 1677 886; x_wconf 88' lang='lat' dir='ltr'>est¹</span> 
     </span>
     <span class='ocr_line' id='line_1_7' title="bbox 480 909 1679 993; baseline 0.004 -23"><span class='ocrx_word' id='word_1_26' title='bbox 480 919 757 991; x_wconf 88' lang='lat' dir='ltr'>propter</span> <span class='ocrx_word' id='word_1_27' title='bbox 818 909 1020 975; x_wconf 90' lang='lat' dir='ltr'>illam.</span> <span class='ocrx_word' id='word_1_28' title='bbox 1143 911 1200 975; x_wconf 94' lang='lat' dir='ltr'><strong>F</strong></span> <span class='ocrx_word' id='word_1_29' title='bbox 1204 920 1573 993; x_wconf 90' lang='lat' dir='ltr'>ueruntque</span> <span class='ocrx_word' id='word_1_30' title='bbox 1617 910 1679 975; x_wconf 89' lang='lat' dir='ltr'>ei</span> 
     </span>
     <span class='ocr_line' id='line_1_8' title="bbox 480 997 1679 1064; baseline 0.004 -5"><span class='ocrx_word' id='word_1_31' title='bbox 480 997 685 1060; x_wconf 90' lang='lat' dir='ltr'>boves</span> <span class='ocrx_word' id='word_1_32' title='bbox 761 1005 831 1061; x_wconf 82' lang='lat' dir='ltr'>et</span> <span class='ocrx_word' id='word_1_33' title='bbox 902 997 1072 1062; x_wconf 88' lang='lat' dir='ltr'>asini</span> <span class='ocrx_word' id='word_1_34' title='bbox 1095 997 1158 1063; x_wconf 80' lang='lat'>²:</span> <span class='ocrx_word' id='word_1_35' title='bbox 1233 1008 1303 1062; x_wconf 93' lang='lat' dir='ltr'>et</span> <span class='ocrx_word' id='word_1_36' title='bbox 1362 1000 1532 1064; x_wconf 81' lang='lat' dir='ltr'>servi</span> <span class='ocrx_word' id='word_1_37' title='bbox 1610 1009 1679 1064; x_wconf 92' lang='lat' dir='ltr'>et</span> 
     </span>
     <span class='ocr_line' id='line_1_9' title="bbox 480 1083 1680 1152; baseline 0.004 -5"><span class='ocrx_word' id='word_1_38' title='bbox 480 1083 710 1148; x_wconf 87' lang='lat' dir='ltr'>famuli</span> <span class='ocrx_word' id='word_1_39' title='bbox 775 1094 843 1148; x_wconf 91' lang='lat' dir='ltr'>et</span> <span class='ocrx_word' id='word_1_40' title='bbox 894 1085 1149 1152; x_wconf 89' lang='lat' dir='ltr'>cameli.</span> <span class='ocrx_word' id='word_1_41' title='bbox 1225 1087 1341 1150; x_wconf 87' lang='lat' dir='ltr'>Re,</span> <span class='ocrx_word' id='word_1_42' title='bbox 1388 1088 1680 1152; x_wconf 87' lang='lat' dir='ltr'>Domine</span> 
     </span>
     <span class='ocr_line' id='line_1_10' title="bbox 479 1175 1677 1258; baseline 0.003 -22"><span class='ocrx_word' id='word_1_43' title='bbox 479 1193 644 1254; x_wconf 89' lang='lat' dir='ltr'>puer</span> <span class='ocrx_word' id='word_1_44' title='bbox 698 1192 887 1237; x_wconf 90' lang='lat' dir='ltr'>meus</span> <span class='ocrx_word' id='word_1_45' title='bbox 940 1175 1122 1256; x_wconf 91' lang='lat' dir='ltr'>jacet</span> <span class='ocrx_word' id='word_1_46' title='bbox 1181 1175 1561 1258; x_wconf 86' lang='lat' dir='ltr'>paraliticus</span> <span class='ocrx_word' id='word_1_47' title='bbox 1608 1177 1677 1240; x_wconf 91' lang='lat' dir='ltr'>in</span> 
     </span>
     <span class='ocr_line' id='line_1_11' title="bbox 480 1261 1678 1345; baseline 0.003 -21"><span class='ocrx_word' id='word_1_48' title='bbox 480 1261 687 1325; x_wconf 91' lang='lat' dir='ltr'>domo</span> <span class='ocrx_word' id='word_1_49' title='bbox 718 1270 787 1326; x_wconf 89' lang='lat' dir='ltr'>et</span> <span class='ocrx_word' id='word_1_50' title='bbox 820 1261 995 1326; x_wconf 91' lang='lat' dir='ltr'>male</span> <span class='ocrx_word' id='word_1_51' title='bbox 1026 1272 1388 1345; x_wconf 85' lang='lat' dir='ltr'>torquetur.</span> <span class='ocrx_word' id='word_1_52' title='bbox 1453 1263 1678 1329; x_wconf 88' lang='lat' dir='ltr'>Amen</span> 
     </span>
     <span class='ocr_line' id='line_1_12' title="bbox 482 1349 1679 1433; baseline 0.004 -21"><span class='ocrx_word' id='word_1_53' title='bbox 482 1349 635 1413; x_wconf 90' lang='lat' dir='ltr'>dico</span> <span class='ocrx_word' id='word_1_54' title='bbox 686 1349 808 1413; x_wconf 90' lang='lat' dir='ltr'>tibi</span> <span class='ocrx_word' id='word_1_55' title='bbox 860 1371 990 1433; x_wconf 88' lang='lat' dir='ltr'>ego</span> <span class='ocrx_word' id='word_1_56' title='bbox 1037 1355 1300 1416; x_wconf 90' lang='lat' dir='ltr'>veniam</span> <span class='ocrx_word' id='word_1_57' title='bbox 1332 1362 1402 1416; x_wconf 93' lang='lat' dir='ltr'>et</span> <span class='ocrx_word' id='word_1_58' title='bbox 1433 1353 1679 1417; x_wconf 91' lang='lat' dir='ltr'>curabo</span> 
     </span>
     <span class='ocr_line' id='line_1_13' title="bbox 483 1440 1679 1525; baseline 0.003 -25"><span class='ocrx_word' id='word_1_59' title='bbox 483 1458 660 1502; x_wconf 90' lang='lat' dir='ltr'>eum,</span> <span class='ocrx_word' id='word_1_60' title='bbox 749 1455 800 1525; x_wconf 70' lang='lat' dir='ltr'>y</span> <span class='ocrx_word' id='word_1_61' title='bbox 861 1440 1153 1504; x_wconf 85' lang='lat' dir='ltr'>Domine</span> <span class='ocrx_word' id='word_1_62' title='bbox 1186 1461 1318 1504; x_wconf 90' lang='lat' dir='ltr'>non</span> <span class='ocrx_word' id='word_1_63' title='bbox 1352 1461 1501 1506; x_wconf 87' lang='lat' dir='ltr'>sum</span> <span class='ocrx_word' id='word_1_64' title='bbox 1534 1442 1679 1523; x_wconf 88' lang='lat' dir='ltr'>dig-</span> 
     </span>
     <span class='ocr_line' id='line_1_14' title="bbox 481 1527 1678 1594; baseline 0.003 -5"><span class='ocrx_word' id='word_1_65' title='bbox 481 1546 607 1589; x_wconf 88' lang='lat' dir='ltr'>nus</span> <span class='ocrx_word' id='word_1_66' title='bbox 639 1535 713 1591; x_wconf 88' lang='lat' dir='ltr'>ut</span> <span class='ocrx_word' id='word_1_67' title='bbox 744 1528 947 1591; x_wconf 88' lang='lat' dir='ltr'>intres</span> <span class='ocrx_word' id='word_1_68' title='bbox 976 1527 1103 1591; x_wconf 90' lang='lat' dir='ltr'>sub</span> <span class='ocrx_word' id='word_1_69' title='bbox 1147 1538 1400 1594; x_wconf 90' lang='lat' dir='ltr'>tectum</span> <span class='ocrx_word' id='word_1_70' title='bbox 1455 1549 1678 1594; x_wconf 90' lang='lat' dir='ltr'>meum</span> 
     </span>
     <span class='ocr_line' id='line_1_15' title="bbox 482 1615 1679 1682; baseline 0.003 -5"><span class='ocrx_word' id='word_1_71' title='bbox 482 1615 599 1678; x_wconf 90' lang='lat' dir='ltr'>sed</span> <span class='ocrx_word' id='word_1_72' title='bbox 634 1624 899 1680; x_wconf 90' lang='lat' dir='ltr'>tantum</span> <span class='ocrx_word' id='word_1_73' title='bbox 930 1616 1038 1680; x_wconf 91' lang='lat' dir='ltr'>dic</span> <span class='ocrx_word' id='word_1_74' title='bbox 1068 1617 1273 1681; x_wconf 91' lang='lat' dir='ltr'>verbo</span> <span class='ocrx_word' id='word_1_75' title='bbox 1304 1627 1372 1682; x_wconf 92' lang='lat' dir='ltr'>et</span> <span class='ocrx_word' id='word_1_76' title='bbox 1416 1618 1679 1682; x_wconf 90' lang='lat' dir='ltr'>sanabi-</span> 
     </span>
     <span class='ocr_line' id='line_1_16' title="bbox 482 1705 1680 1786; baseline 0.005 -20"><span class='ocrx_word' id='word_1_77' title='bbox 482 1711 592 1768; x_wconf 87' lang='lat' dir='ltr'>tur</span> <span class='ocrx_word' id='word_1_78' title='bbox 619 1723 785 1786; x_wconf 91' lang='lat' dir='ltr'>puer</span> <span class='ocrx_word' id='word_1_79' title='bbox 814 1724 1019 1770; x_wconf 91' lang='lat' dir='ltr'>meus,</span> <span class='ocrx_word' id='word_1_80' title='bbox 1108 1706 1353 1771; x_wconf 91' lang='lat' dir='ltr'>Amen.</span> <span class='ocrx_word' id='word_1_81' title='bbox 1434 1705 1680 1772; x_wconf 87' lang='lat' dir='ltr'>Gloria.</span> 
     </span>
     <span class='ocr_line' id='line_1_17' title="bbox 483 1791 1680 1878; baseline 0.004 -23"><span class='ocrx_word' id='word_1_82' title='bbox 483 1791 731 1858; x_wconf 90' lang='lat' dir='ltr'>Amen.</span> <span class='ocrx_word' id='word_1_83' title='bbox 819 1792 907 1856; x_wconf 84' lang='lat' dir='ltr'>In</span> <span class='ocrx_word' id='word_1_84' title='bbox 936 1813 1191 1878; x_wconf 81' lang='lat' dir='ltr'>evange.</span> <span class='ocrx_word' id='word_1_85' title='bbox 1222 1803 1329 1860; x_wconf 76' lang='grc' dir='ltr'>αῆ.</span> <span class='ocrx_word' id='word_1_86' title='bbox 1388 1794 1680 1860; x_wconf 87' lang='lat' dir='ltr'>Domine</span> 
     </span>
     <span class='ocr_line' id='line_1_18' title="bbox 482 1881 1681 1965; baseline 0.005 -22"><span class='ocrx_word' id='word_1_87' title='bbox 482 1901 649 1962; x_wconf 89' lang='lat' dir='ltr'>puer</span> <span class='ocrx_word' id='word_1_88' title='bbox 702 1901 889 1946; x_wconf 84' lang='lat' dir='ltr'>meus</span> <span class='ocrx_word' id='word_1_89' title='bbox 944 1881 1123 1964; x_wconf 89' lang='lat' dir='ltr'>jacet</span> <span class='ocrx_word' id='word_1_90' title='bbox 1182 1882 1562 1965; x_wconf 86' lang='lat' dir='ltr'>paraliticus</span> <span class='ocrx_word' id='word_1_91' title='bbox 1611 1884 1681 1950; x_wconf 88' lang='lat' dir='ltr'>in</span> 
     </span>
     <span class='ocr_line' id='line_1_19' title="bbox 487 1967 1677 2054; baseline 0.003 -22"><span class='ocrx_word' id='word_1_92' title='bbox 487 1967 693 2032; x_wconf 92' lang='lat' dir='ltr'>domo</span> <span class='ocrx_word' id='word_1_93' title='bbox 726 1980 795 2033; x_wconf 92' lang='lat' dir='ltr'>et</span> <span class='ocrx_word' id='word_1_94' title='bbox 826 1970 1003 2034; x_wconf 90' lang='lat' dir='ltr'>male</span> <span class='ocrx_word' id='word_1_95' title='bbox 1050 1980 1432 2054; x_wconf 86' lang='lat' dir='ltr'>torquetur:</span> <span class='ocrx_word' id='word_1_96' title='bbox 1480 1992 1677 2036; x_wconf 90' lang='lat' dir='ltr'>amen</span> 
     </span>
     <span class='ocr_line' id='line_1_20' title="bbox 482 2057 1680 2142; baseline 0.002 -20"><span class='ocrx_word' id='word_1_97' title='bbox 482 2057 634 2122; x_wconf 91' lang='lat' dir='ltr'>dico</span> <span class='ocrx_word' id='word_1_98' title='bbox 687 2058 808 2122; x_wconf 91' lang='lat' dir='ltr'>tibi</span> <span class='ocrx_word' id='word_1_99' title='bbox 858 2079 987 2142; x_wconf 87' lang='lat' dir='ltr'>ego</span> <span class='ocrx_word' id='word_1_100' title='bbox 1036 2061 1301 2124; x_wconf 87' lang='lat' dir='ltr'>veniam</span> <span class='ocrx_word' id='word_1_101' title='bbox 1333 2069 1401 2124; x_wconf 92' lang='lat' dir='ltr'>et</span> <span class='ocrx_word' id='word_1_102' title='bbox 1432 2062 1680 2125; x_wconf 89' lang='lat' dir='ltr'>curabo</span> 
     </span>
     <span class='ocr_line' id='line_1_21' title="bbox 484 2148 1681 2231; baseline 0.004 -23"><span class='ocrx_word' id='word_1_103' title='bbox 484 2165 657 2210; x_wconf 90' lang='lat' dir='ltr'>eum,</span> <span class='ocrx_word' id='word_1_104' title='bbox 706 2154 810 2229; x_wconf 62' lang='lat' dir='ltr'>pf.</span> <span class='ocrx_word' id='word_1_105' title='bbox 856 2148 1277 2214; x_wconf 82' lang='lat' dir='ltr'>Benedictus,</span> <span class='ocrx_word' id='word_1_106' title='bbox 1348 2148 1681 2231; x_wconf 87' lang='lat' dir='ltr'>Kyrielei-</span> 
     </span>
     <span class='ocr_line' id='line_1_22' title="bbox 484 2237 1679 2304; baseline 0.003 -6"><span class='ocrx_word' id='word_1_107' title='bbox 484 2255 627 2300; x_wconf 89' lang='lat' dir='ltr'>son,</span> <span class='ocrx_word' id='word_1_108' title='bbox 1432 2237 1679 2304; x_wconf 78' lang='lat' dir='ltr'>Oratio,</span> 
     </span>
     <span class='ocr_line' id='line_1_23' title="bbox 446 2325 1679 2454; baseline 0.003 -68"><span class='ocrx_word' id='word_1_109' title='bbox 446 2391 449 2394; x_wconf 60' lang='grc'>,</span> <span class='ocrx_word' id='word_1_110' title='bbox 484 2325 758 2454; x_wconf 84' lang='lat' dir='ltr'>Deus</span> <span class='ocrx_word' id='word_1_111' title='bbox 849 2325 965 2407; x_wconf 91' lang='lat' dir='ltr'>qui</span> <span class='ocrx_word' id='word_1_112' title='bbox 1052 2325 1251 2407; x_wconf 90' lang='lat' dir='ltr'>culpa</span> <span class='ocrx_word' id='word_1_113' title='bbox 1325 2325 1679 2391; x_wconf 85' lang='lat' dir='ltr'>offenderis</span> 
     </span>
     <span class='ocr_line' id='line_1_24' title="bbox 642 2413 1680 2497; baseline 0.005 -22"><span class='ocrx_word' id='word_1_114' title='bbox 642 2413 1016 2494; x_wconf 86' lang='lat' dir='ltr'>penitentia</span> <span class='ocrx_word' id='word_1_115' title='bbox 1090 2414 1375 2496; x_wconf 90' lang='lat' dir='ltr'>placaris</span> <span class='ocrx_word' id='word_1_116' title='bbox 1450 2434 1680 2497; x_wconf 87' lang='lat' dir='ltr'>preces</span> 
     </span>
     <span class='ocr_line' id='line_1_25' title="bbox 485 2499 1681 2586; baseline 0.003 -23"><span class='ocrx_word' id='word_1_117' title='bbox 485 2499 717 2583; x_wconf 90' lang='lat' dir='ltr'>populi</span> <span class='ocrx_word' id='word_1_118' title='bbox 750 2502 847 2565; x_wconf 87' lang='lat' dir='ltr'>tui</span> <span class='ocrx_word' id='word_1_119' title='bbox 879 2501 1316 2585; x_wconf 88' lang='lat' dir='ltr'>supplicantis</span> <span class='ocrx_word' id='word_1_120' title='bbox 1347 2503 1681 2586; x_wconf 90' lang='lat' dir='ltr'>propicius</span> 
     </span>
     <span class='ocr_line' id='line_1_26' title="bbox 485 2589 1681 2674; baseline 0.003 -23"><span class='ocrx_word' id='word_1_121' title='bbox 485 2590 736 2672; x_wconf 88' lang='lat' dir='ltr'>respice</span> <span class='ocrx_word' id='word_1_122' title='bbox 780 2599 850 2654; x_wconf 93' lang='lat' dir='ltr'>et</span> <span class='ocrx_word' id='word_1_123' title='bbox 896 2589 1163 2674; x_wconf 90' lang='lat' dir='ltr'>flagella</span> <span class='ocrx_word' id='word_1_124' title='bbox 1200 2600 1314 2657; x_wconf 90' lang='lat' dir='ltr'>tue</span> <span class='ocrx_word' id='word_1_125' title='bbox 1345 2592 1681 2657; x_wconf 87' lang='lat' dir='ltr'>iracundie</span> 
     </span>
     <span class='ocr_line' id='line_1_27' title="bbox 483 2680 1681 2761; baseline 0.004 -21"><span class='ocrx_word' id='word_1_126' title='bbox 483 2696 614 2759; x_wconf 91' lang='lat' dir='ltr'>que</span> <span class='ocrx_word' id='word_1_127' title='bbox 669 2697 790 2760; x_wconf 93' lang='lat' dir='ltr'>pro</span> <span class='ocrx_word' id='word_1_128' title='bbox 844 2680 1133 2761; x_wconf 90' lang='lat' dir='ltr'>peccatis</span> <span class='ocrx_word' id='word_1_129' title='bbox 1186 2680 1427 2744; x_wconf 90' lang='lat' dir='ltr'>nostris</span> <span class='ocrx_word' id='word_1_130' title='bbox 1472 2700 1681 2745; x_wconf 88' lang='lat' dir='ltr'>mere-</span> 
     </span>
     <span class='ocr_line' id='line_1_28' title="bbox 484 2767 1684 2851; baseline 0.004 -24"><span class='ocrx_word' id='word_1_131' title='bbox 484 2784 634 2828; x_wconf 88' lang='lat' dir='ltr'>mur</span> <span class='ocrx_word' id='word_1_132' title='bbox 672 2776 911 2831; x_wconf 82' lang='lat' dir='ltr'>averte.</span> <span class='ocrx_word' id='word_1_133' title='bbox 974 2788 1106 2851; x_wconf 90' lang='lat' dir='ltr'>per.</span> <span class='ocrx_word' id='word_1_134' title='bbox 1163 2767 1515 2851; x_wconf 79' lang='lat' dir='ltr'>Suffragia</span> <span class='ocrx_word' id='word_1_135' title='bbox 1542 2790 1684 2832; x_wconf 87' lang='lat' dir='ltr'>con-</span> 
     </span>
     <span class='ocr_line' id='line_1_29' title="bbox 482 2854 1685 2939; baseline 0.005 -24"><span class='ocrx_word' id='word_1_136' title='bbox 482 2862 681 2918; x_wconf 86' lang='lat' dir='ltr'>sueta.</span> <span class='ocrx_word' id='word_1_137' title='bbox 769 2854 833 2917; x_wconf 86' lang='lat' dir='ltr'><em>A</em></span> <span class='ocrx_word' id='word_1_138' title='bbox 840 2855 895 2918; x_wconf 83' lang='lat' dir='ltr'><em>d</em></span> <span class='ocrx_word' id='word_1_139' title='bbox 914 2854 1113 2919; x_wconf 77' lang='lat' dir='ltr'>horas</span> <span class='ocrx_word' id='word_1_140' title='bbox 1142 2866 1219 2919; x_wconf 86' lang='lat' dir='ltr'>ut</span> <span class='ocrx_word' id='word_1_141' title='bbox 1264 2868 1463 2939; x_wconf 85' lang='lat' dir='ltr'>supra</span> <span class='ocrx_word' id='word_1_142' title='bbox 1493 2857 1685 2939; x_wconf 71' lang='lat' dir='ltr'>jeria</span> 
     </span>
     <span class='ocr_line' id='line_1_30' title="bbox 486 2940 1695 3023; baseline 0.005 -18"><span class='ocrx_word' id='word_1_143' title='bbox 486 2940 611 3023; x_wconf 72' lang='lat' dir='ltr'>iiis,</span> <span class='ocrx_word' id='word_1_144' title='bbox 660 2962 807 3005; x_wconf 88' lang='lat' dir='ltr'>cum</span> <span class='ocrx_word' id='word_1_145' title='bbox 856 2944 1146 3009; x_wconf 85' lang='lat' dir='ltr'>oratione</span> <span class='ocrx_word' id='word_1_146' title='bbox 1202 2944 1282 3009; x_wconf 86' lang='lat' dir='ltr'>de</span> <span class='ocrx_word' id='word_1_147' title='bbox 1337 2945 1457 3010; x_wconf 86' lang='lat' dir='ltr'>die.</span> <span class='ocrx_word' id='word_1_148' title='bbox 1566 2945 1695 3010; x_wconf 80' lang='lat' dir='ltr'>Aa’</span> 
     </span>
     <span class='ocr_line' id='line_1_31' title="bbox 485 3030 1685 3114; baseline 0.005 -21"><span class='ocrx_word' id='word_1_149' title='bbox 485 3040 777 3111; x_wconf 85' lang='lat' dir='ltr'>vesperas</span> <span class='ocrx_word' id='word_1_150' title='bbox 806 3030 877 3093; x_wconf 85' lang='lat' dir='ltr'>in</span> <span class='ocrx_word' id='word_1_151' title='bbox 905 3032 1230 3114; x_wconf 81' lang='lat' dir='ltr'>evangelio</span> <span class='ocrx_word' id='word_1_152' title='bbox 1249 3043 1355 3099; x_wconf 77' lang='lat' dir='ltr'>ar&#39;t&#39;.</span> <span class='ocrx_word' id='word_1_153' title='bbox 1393 3035 1685 3099; x_wconf 89' lang='lat' dir='ltr'>Domine</span> 
     </span>
     <span class='ocr_line' id='line_1_32' title="bbox 487 3121 1686 3202; baseline 0.005 -21"><span class='ocrx_word' id='word_1_154' title='bbox 487 3138 621 3182; x_wconf 90' lang='lat' dir='ltr'>non</span> <span class='ocrx_word' id='word_1_155' title='bbox 682 3139 830 3183; x_wconf 90' lang='lat' dir='ltr'>sum</span> <span class='ocrx_word' id='word_1_156' title='bbox 878 3121 1121 3202; x_wconf 87' lang='lat' dir='ltr'>dignus</span> <span class='ocrx_word' id='word_1_157' title='bbox 1181 3130 1258 3186; x_wconf 92' lang='lat' dir='ltr'>ut</span> <span class='ocrx_word' id='word_1_158' title='bbox 1308 3122 1512 3187; x_wconf 89' lang='lat' dir='ltr'>intres</span> <span class='ocrx_word' id='word_1_159' title='bbox 1561 3124 1686 3187; x_wconf 91' lang='lat' dir='ltr'>sub</span> 
     </span>
     <span class='ocr_line' id='line_1_33' title="bbox 486 3210 1686 3276; baseline 0.004 -5"><span class='ocrx_word' id='word_1_160' title='bbox 486 3216 739 3272; x_wconf 90' lang='lat' dir='ltr'>tectum</span> <span class='ocrx_word' id='word_1_161' title='bbox 774 3228 1040 3274; x_wconf 89' lang='lat' dir='ltr'>meum:</span> <span class='ocrx_word' id='word_1_162' title='bbox 1086 3210 1205 3275; x_wconf 89' lang='lat' dir='ltr'>sed</span> <span class='ocrx_word' id='word_1_163' title='bbox 1237 3220 1501 3275; x_wconf 89' lang='lat' dir='ltr'>tantum</span> <span class='ocrx_word' id='word_1_164' title='bbox 1542 3211 1686 3276; x_wconf 85' lang='lat' dir='ltr'>dic⁸</span> 
     </span>
     <span class='ocr_line' id='line_1_34' title="bbox 486 3296 1683 3382; baseline 0.006 -24"><span class='ocrx_word' id='word_1_165' title='bbox 486 3296 691 3360; x_wconf 91' lang='lat' dir='ltr'>verbo</span> <span class='ocrx_word' id='word_1_166' title='bbox 752 3306 821 3361; x_wconf 93' lang='lat' dir='ltr'>et</span> <span class='ocrx_word' id='word_1_167' title='bbox 870 3298 1215 3364; x_wconf 91' lang='lat' dir='ltr'>sanabitur</span> <span class='ocrx_word' id='word_1_168' title='bbox 1266 3319 1431 3382; x_wconf 90' lang='lat' dir='ltr'>puer</span> <span class='ocrx_word' id='word_1_169' title='bbox 1480 3320 1683 3365; x_wconf 87' lang='lat' dir='ltr'>meus,</span> 
     </span>
     <span class='ocr_line' id='line_1_35' title="bbox 475 3386 1685 3469; baseline 0.004 -21"><span class='ocrx_word' id='word_1_170' title='bbox 475 3394 575 3468; x_wconf 53' lang='lat' dir='ltr'>pr,</span> <span class='ocrx_word' id='word_1_171' title='bbox 628 3386 698 3449; x_wconf 93' lang='lat' dir='ltr'><strong>M</strong></span> <span class='ocrx_word' id='word_1_172' title='bbox 705 3386 1037 3469; x_wconf 87' lang='lat' dir='ltr'>agnificat.</span> <span class='ocrx_word' id='word_1_173' title='bbox 1434 3388 1685 3454; x_wconf 86' lang='lat' dir='ltr'>Oratio.</span> 
     </span>
     <span class='ocr_line' id='line_1_36' title="bbox 486 3476 1688 3607; baseline -0.001 -65"><span class='ocrx_word' id='word_1_174' title='bbox 486 3476 790 3607; x_wconf 74' lang='lat' dir='ltr'>Parce</span> <span class='ocrx_word' id='word_1_175' title='bbox 838 3476 1112 3541; x_wconf 90' lang='lat' dir='ltr'>domine</span> <span class='ocrx_word' id='word_1_176' title='bbox 1177 3496 1375 3559; x_wconf 86' lang='lat' dir='ltr'>parce</span> <span class='ocrx_word' id='word_1_177' title='bbox 1436 3477 1688 3561; x_wconf 91' lang='lat' dir='ltr'>populo</span> 
     </span>
     <span class='ocr_line' id='line_1_37' title="bbox 633 3564 1688 3648; baseline 0.002 -20"><span class='ocrx_word' id='word_1_178' title='bbox 633 3573 751 3628; x_wconf 90' lang='lat' dir='ltr'>tuo</span> <span class='ocrx_word' id='word_1_179' title='bbox 781 3574 857 3628; x_wconf 88' lang='lat' dir='ltr'>ut</span> <span class='ocrx_word' id='word_1_180' title='bbox 889 3565 1108 3647; x_wconf 88' lang='lat' dir='ltr'>dignis</span> <span class='ocrx_word' id='word_1_181' title='bbox 1130 3564 1688 3648; x_wconf 87' lang='lat' dir='ltr'>flagellationibus</span> 
     </span>
     <span class='ocr_line' id='line_1_38' title="bbox 488 3653 1690 3735; baseline 0.005 -20"><span class='ocrx_word' id='word_1_182' title='bbox 488 3653 893 3735; x_wconf 85' lang='lat' dir='ltr'>castigatus:</span> <span class='ocrx_word' id='word_1_183' title='bbox 958 3654 1025 3718; x_wconf 88' lang='lat' dir='ltr'>in</span> <span class='ocrx_word' id='word_1_184' title='bbox 1084 3663 1203 3719; x_wconf 90' lang='lat' dir='ltr'>tua</span> <span class='ocrx_word' id='word_1_185' title='bbox 1261 3655 1690 3721; x_wconf 89' lang='lat' dir='ltr'>miseratione</span> 
     </span>
     <span class='ocr_line' id='line_1_39' title="bbox 489 3742 1401 3823; baseline 0.007 -20"><span class='ocrx_word' id='word_1_186' title='bbox 489 3742 783 3823; x_wconf 88' lang='lat' dir='ltr'>respiret.</span> <span class='ocrx_word' id='word_1_187' title='bbox 877 3742 1001 3806; x_wconf 91' lang='lat' dir='ltr'>Per</span> <span class='ocrx_word' id='word_1_188' title='bbox 1030 3742 1401 3809; x_wconf 90' lang='lat' dir='ltr'>dominum.</span> 
     </span>
     <span class='ocr_line' id='line_1_40' title="bbox 494 3829 1691 3913; baseline 0.003 -21"><span class='ocrx_word' id='word_1_189' title='bbox 494 3834 559 3907; x_wconf 58' lang='lat' dir='ltr'>ds</span> <span class='ocrx_word' id='word_1_190' title='bbox 607 3829 805 3894; x_wconf 85' lang='lat' dir='ltr'>Feria</span> <span class='ocrx_word' id='word_1_191' title='bbox 834 3831 1030 3896; x_wconf 68' lang='lat' dir='ltr'>sexta.</span> <span class='ocrx_word' id='word_1_192' title='bbox 1400 3831 1617 3895; x_wconf 84' lang='lat' dir='ltr'>Lectio</span> <span class='ocrx_word' id='word_1_193' title='bbox 1626 3830 1691 3913; x_wconf 89' lang='lat' dir='ltr'>j.</span> 
     </span>
     <span class='ocr_line' id='line_1_41' title="bbox 490 3917 1694 4048; baseline 0.005 -69"><span class='ocrx_word' id='word_1_194' title='bbox 490 3917 987 4048; x_wconf 78' lang='lat' dir='ltr'>Flagellavit</span> <span class='ocrx_word' id='word_1_195' title='bbox 1062 3928 1289 3984; x_wconf 89' lang='lat' dir='ltr'>autem</span> <span class='ocrx_word' id='word_1_196' title='bbox 1382 3920 1694 3985; x_wconf 89' lang='lat' dir='ltr'>dominus</span> 
     </span>
     <span class='ocr_line' id='line_1_42' title="bbox 650 4006 1695 4091; baseline 0.005 -23"><span class='ocrx_word' id='word_1_197' title='bbox 650 4006 1057 4086; x_wconf 83' lang='lat' dir='ltr'>pharaonem</span> <span class='ocrx_word' id='word_1_198' title='bbox 1089 4008 1305 4091; x_wconf 91' lang='lat' dir='ltr'>plagis</span> <span class='ocrx_word' id='word_1_199' title='bbox 1337 4009 1695 4073; x_wconf 87' lang='lat' dir='ltr'>maximis:</span> 
     </span>
     <span class='ocr_line' id='line_1_43' title="bbox 492 4093 1692 4181; baseline 0.003 -25"><span class='ocrx_word' id='word_1_200' title='bbox 492 4099 562 4156; x_wconf 92' lang='lat' dir='ltr'>et</span> <span class='ocrx_word' id='word_1_201' title='bbox 621 4093 899 4159; x_wconf 90' lang='lat' dir='ltr'>domum</span> <span class='ocrx_word' id='word_1_202' title='bbox 960 4095 1102 4178; x_wconf 89' lang='lat' dir='ltr'>ejus</span> <span class='ocrx_word' id='word_1_203' title='bbox 1177 4106 1448 4181; x_wconf 91' lang='lat' dir='ltr'>propter</span> <span class='ocrx_word' id='word_1_204' title='bbox 1520 4098 1692 4161; x_wconf 88' lang='lat' dir='ltr'>sarai</span> 
     </span>
     <span class='ocr_line' id='line_1_44' title="bbox 490 4184 1694 4268; baseline 0.006 -25"><span class='ocrx_word' id='word_1_205' title='bbox 490 4200 776 4246; x_wconf 90' lang='lat' dir='ltr'>uxorem</span> <span class='ocrx_word' id='word_1_206' title='bbox 853 4184 1102 4249; x_wconf 89' lang='lat' dir='ltr'>abram.</span> <span class='ocrx_word' id='word_1_207' title='bbox 1269 4186 1694 4268; x_wconf 89' lang='lat' dir='ltr'>Vocavitque</span> 
     </span>
     <span class='ocr_line' id='line_1_45' title="bbox 495 4268 1704 4354; baseline 0.006 -22"><span class='ocrx_word' id='word_1_208' title='bbox 495 4268 754 4354; x_wconf 87' lang='lat' dir='ltr'>pharao</span> <span class='ocrx_word' id='word_1_209' title='bbox 828 4270 1106 4337; x_wconf 87' lang='lat' dir='ltr'>abram:</span> <span class='ocrx_word' id='word_1_210' title='bbox 1184 4282 1254 4337; x_wconf 91' lang='lat' dir='ltr'>et</span> <span class='ocrx_word' id='word_1_211' title='bbox 1348 4274 1528 4339; x_wconf 87' lang='lat' dir='ltr'>dixit</span> <span class='ocrx_word' id='word_1_212' title='bbox 1604 4276 1704 4339; x_wconf 90' lang='lat' dir='ltr'>ei:</span> 
     </span>
    </p>
   </div>
   <div class='ocr_carea' id='block_1_4' title="bbox 2303 449 2458 506">
    <p class='ocr_par' dir='ltr' id='par_1_4' title="bbox 2303 449 2458 506">
     <span class='ocr_line' id='line_1_46' title="bbox 2303 449 2458 506; baseline 0.013 -2"><span class='ocrx_word' id='word_1_213' title='bbox 2303 449 2458 506; x_wconf 80' lang='lat'>268</span> 
     </span>
    </p>
   </div>
   <div class='ocr_carea' id='block_1_5' title="bbox 1777 551 3008 4355">
    <p class='ocr_par' dir='ltr' id='par_1_5' title="bbox 1777 551 3008 4355">
     <span class='ocr_line' id='line_1_47' title="bbox 1779 551 2990 638; baseline 0.002 -18"><span class='ocrx_word' id='word_1_214' title='bbox 1779 575 1916 620; x_wconf 90' lang='lat' dir='ltr'>non</span> <span class='ocrx_word' id='word_1_215' title='bbox 1951 553 2260 621; x_wconf 88' lang='lat' dir='ltr'>indicasti</span> <span class='ocrx_word' id='word_1_216' title='bbox 2283 554 2448 620; x_wconf 85' lang='lat' dir='ltr'>mihi</span> <span class='ocrx_word' id='word_1_217' title='bbox 2468 551 2652 638; x_wconf 91' lang='lat' dir='ltr'>quod</span> <span class='ocrx_word' id='word_1_218' title='bbox 2677 574 2858 619; x_wconf 90' lang='lat' dir='ltr'>uxor</span> <span class='ocrx_word' id='word_1_219' title='bbox 2871 564 2990 623; x_wconf 82' lang='lat' dir='ltr'>tua</span> 
     </span>
     <span class='ocr_line' id='line_1_48' title="bbox 1780 644 2984 728; baseline -0.002 -19"><span class='ocrx_word' id='word_1_220' title='bbox 1780 653 1976 709; x_wconf 87' lang='lat' dir='ltr'>esset.</span> <span class='ocrx_word' id='word_1_221' title='bbox 2073 644 2298 728; x_wconf 83' lang='lat' dir='ltr'>Quam</span> <span class='ocrx_word' id='word_1_222' title='bbox 2330 645 2420 708; x_wconf 94' lang='lat' dir='ltr'>ob</span> <span class='ocrx_word' id='word_1_223' title='bbox 2449 664 2719 708; x_wconf 89' lang='lat' dir='ltr'>causam</span> <span class='ocrx_word' id='word_1_224' title='bbox 2752 644 2984 708; x_wconf 86' lang='lat' dir='ltr'>dixisti</span> 
     </span>
     <span class='ocr_line' id='line_1_49' title="bbox 1778 731 2980 798; baseline -0.002 0"><span class='ocrx_word' id='word_1_225' title='bbox 1778 754 1926 798; x_wconf 89' lang='lat' dir='ltr'>esse</span> <span class='ocrx_word' id='word_1_226' title='bbox 1952 752 2244 797; x_wconf 89' lang='lat' dir='ltr'>sororem</span> <span class='ocrx_word' id='word_1_227' title='bbox 2277 742 2464 797; x_wconf 89' lang='lat' dir='ltr'>tuam</span> <span class='ocrx_word' id='word_1_228' title='bbox 2495 753 2510 797; x_wconf 90' lang='lat'><strong>:</strong></span> <span class='ocrx_word' id='word_1_229' title='bbox 2557 741 2632 798; x_wconf 90' lang='lat' dir='ltr'>ut</span> <span class='ocrx_word' id='word_1_230' title='bbox 2673 731 2980 796; x_wconf 90' lang='lat' dir='ltr'>tollerem</span> 
     </span>
     <span class='ocr_line' id='line_1_50' title="bbox 1779 821 2977 902; baseline -0.003 -16"><span class='ocrx_word' id='word_1_231' title='bbox 1779 841 1932 887; x_wconf 89' lang='lat' dir='ltr'>eam</span> <span class='ocrx_word' id='word_1_232' title='bbox 1960 821 2121 884; x_wconf 89' lang='lat' dir='ltr'>mihi</span> <span class='ocrx_word' id='word_1_233' title='bbox 2153 822 2220 884; x_wconf 88' lang='lat' dir='ltr'>in</span> <span class='ocrx_word' id='word_1_234' title='bbox 2251 841 2532 886; x_wconf 89' lang='lat' dir='ltr'>uxorem</span> <span class='ocrx_word' id='word_1_235' title='bbox 2559 843 2574 884; x_wconf 74' lang='grc' dir='ltr'>ε</span> <span class='ocrx_word' id='word_1_236' title='bbox 2607 840 2783 884; x_wconf 90' lang='lat' dir='ltr'>nunc</span> <span class='ocrx_word' id='word_1_237' title='bbox 2814 840 2977 902; x_wconf 88' lang='lat' dir='ltr'>ergo</span> 
     </span>
     <span class='ocr_line' id='line_1_51' title="bbox 1777 909 2977 992; baseline -0.001 -18"><span class='ocrx_word' id='word_1_238' title='bbox 1777 929 1932 974; x_wconf 90' lang='lat' dir='ltr'>ecce</span> <span class='ocrx_word' id='word_1_239' title='bbox 1963 909 2262 991; x_wconf 88' lang='lat' dir='ltr'>conjunx</span> <span class='ocrx_word' id='word_1_240' title='bbox 2307 918 2424 974; x_wconf 90' lang='lat' dir='ltr'>tua</span> <span class='ocrx_word' id='word_1_241' title='bbox 2467 909 2694 992; x_wconf 89' lang='lat' dir='ltr'>accipe</span> <span class='ocrx_word' id='word_1_242' title='bbox 2725 929 2874 972; x_wconf 89' lang='lat' dir='ltr'>eam</span> <span class='ocrx_word' id='word_1_243' title='bbox 2907 919 2977 973; x_wconf 89' lang='lat' dir='ltr'>et</span> 
     </span>
     <span class='ocr_line' id='line_1_52' title="bbox 1777 997 2974 1079; baseline -0.002 -16"><span class='ocrx_word' id='word_1_244' title='bbox 1777 998 1966 1064; x_wconf 86' lang='lat' dir='ltr'>vade.</span> <span class='ocrx_word' id='word_1_245' title='bbox 2656 997 2874 1060; x_wconf 80' lang='lat' dir='ltr'>Lectio</span> <span class='ocrx_word' id='word_1_246' title='bbox 2903 997 2974 1079; x_wconf 77' lang='lat' dir='ltr'>ij.</span> 
     </span>
     <span class='ocr_line' id='line_1_53' title="bbox 1777 1085 2978 1220; baseline -0.007 -64"><span class='ocrx_word' id='word_1_247' title='bbox 1777 1087 2310 1220; x_wconf 71' lang='lat' dir='ltr'>precepitque</span> <span class='ocrx_word' id='word_1_248' title='bbox 2421 1085 2673 1170; x_wconf 89' lang='lat' dir='ltr'>pharao</span> <span class='ocrx_word' id='word_1_249' title='bbox 2776 1105 2978 1168; x_wconf 85' lang='lat' dir='ltr'>super</span> 
     </span>
     <span class='ocr_line' id='line_1_54' title="bbox 1928 1175 2977 1240; baseline -0.001 -1"><span class='ocrx_word' id='word_1_250' title='bbox 1928 1175 2160 1240; x_wconf 90' lang='lat' dir='ltr'>abram</span> <span class='ocrx_word' id='word_1_251' title='bbox 2192 1175 2350 1238; x_wconf 88' lang='lat' dir='ltr'>viris</span> <span class='ocrx_word' id='word_1_252' title='bbox 2385 1195 2401 1240; x_wconf 70' lang='grc' dir='ltr'>ε</span> <span class='ocrx_word' id='word_1_253' title='bbox 2447 1184 2518 1238; x_wconf 89' lang='lat' dir='ltr'>et</span> <span class='ocrx_word' id='word_1_254' title='bbox 2546 1175 2977 1238; x_wconf 89' lang='lat' dir='ltr'>deduxerunt</span> 
     </span>
     <span class='ocr_line' id='line_1_55' title="bbox 1779 1261 2976 1328; baseline -0.002 0"><span class='ocrx_word' id='word_1_255' title='bbox 1779 1284 1932 1328; x_wconf 88' lang='lat' dir='ltr'>eum</span> <span class='ocrx_word' id='word_1_256' title='bbox 1965 1273 2034 1328; x_wconf 91' lang='lat' dir='ltr'>et</span> <span class='ocrx_word' id='word_1_257' title='bbox 2065 1282 2348 1326; x_wconf 90' lang='lat' dir='ltr'>uxorem</span> <span class='ocrx_word' id='word_1_258' title='bbox 2403 1261 2578 1326; x_wconf 90' lang='lat' dir='ltr'>illius</span> <span class='ocrx_word' id='word_1_259' title='bbox 2627 1271 2698 1326; x_wconf 90' lang='lat' dir='ltr'>et</span> <span class='ocrx_word' id='word_1_260' title='bbox 2747 1262 2976 1326; x_wconf 89' lang='lat' dir='ltr'>omnia</span> 
     </span>
     <span class='ocr_line' id='line_1_56' title="bbox 1780 1351 2978 1434; baseline -0.002 -19"><span class='ocrx_word' id='word_1_261' title='bbox 1780 1372 1911 1434; x_wconf 89' lang='lat' dir='ltr'>que</span> <span class='ocrx_word' id='word_1_262' title='bbox 1985 1351 2296 1417; x_wconf 89' lang='lat' dir='ltr'>habebat.</span> <span class='ocrx_word' id='word_1_263' title='bbox 2411 1351 2744 1416; x_wconf 89' lang='lat' dir='ltr'>Ascendit</span> <span class='ocrx_word' id='word_1_264' title='bbox 2817 1369 2978 1432; x_wconf 85' lang='lat' dir='ltr'>ergo</span> 
     </span>
     <span class='ocr_line' id='line_1_57' title="bbox 1779 1439 2981 1523; baseline -0.004 -17"><span class='ocrx_word' id='word_1_265' title='bbox 1779 1441 2016 1506; x_wconf 89' lang='lat' dir='ltr'>abram</span> <span class='ocrx_word' id='word_1_266' title='bbox 2047 1440 2136 1504; x_wconf 92' lang='lat' dir='ltr'>de</span> <span class='ocrx_word' id='word_1_267' title='bbox 2183 1447 2438 1523; x_wconf 84' lang='lat' dir='ltr'>egypto</span> <span class='ocrx_word' id='word_1_268' title='bbox 2491 1439 2635 1523; x_wconf 90' lang='lat' dir='ltr'>ipse</span> <span class='ocrx_word' id='word_1_269' title='bbox 2687 1447 2758 1504; x_wconf 91' lang='lat' dir='ltr'>et</span> <span class='ocrx_word' id='word_1_270' title='bbox 2805 1459 2981 1502; x_wconf 89' lang='lat' dir='ltr'>uxor</span> 
     </span>
     <span class='ocr_line' id='line_1_58' title="bbox 1778 1527 2978 1611; baseline 0.001 -20"><span class='ocrx_word' id='word_1_271' title='bbox 1778 1529 1964 1611; x_wconf 88' lang='lat' dir='ltr'>ejus:</span> <span class='ocrx_word' id='word_1_272' title='bbox 2009 1538 2078 1594; x_wconf 90' lang='lat' dir='ltr'>et</span> <span class='ocrx_word' id='word_1_273' title='bbox 2105 1529 2336 1592; x_wconf 88' lang='lat' dir='ltr'>omnia</span> <span class='ocrx_word' id='word_1_274' title='bbox 2366 1547 2496 1611; x_wconf 91' lang='lat' dir='ltr'>que</span> <span class='ocrx_word' id='word_1_275' title='bbox 2527 1527 2861 1592; x_wconf 87' lang='lat' dir='ltr'>habebat:</span> <span class='ocrx_word' id='word_1_276' title='bbox 2907 1535 2978 1592; x_wconf 92' lang='lat' dir='ltr'>et</span> 
     </span>
     <span class='ocr_line' id='line_1_59' title="bbox 1779 1615 2979 1698; baseline -0.001 -18"><span class='ocrx_word' id='word_1_277' title='bbox 1779 1617 1922 1680; x_wconf 90' lang='lat' dir='ltr'>loth</span> <span class='ocrx_word' id='word_1_278' title='bbox 1968 1636 2124 1681; x_wconf 91' lang='lat' dir='ltr'>cum</span> <span class='ocrx_word' id='word_1_279' title='bbox 2177 1637 2260 1682; x_wconf 91' lang='lat' dir='ltr'>eo</span> <span class='ocrx_word' id='word_1_280' title='bbox 2308 1617 2394 1680; x_wconf 92' lang='lat' dir='ltr'>ad</span> <span class='ocrx_word' id='word_1_281' title='bbox 2445 1615 2802 1682; x_wconf 87' lang='lat' dir='ltr'>australem</span> <span class='ocrx_word' id='word_1_282' title='bbox 2834 1615 2979 1698; x_wconf 90' lang='lat' dir='ltr'>pla-</span> 
     </span>
     <span class='ocr_line' id='line_1_60' title="bbox 1777 1703 2976 1789; baseline -0.002 -20"><span class='ocrx_word' id='word_1_283' title='bbox 1777 1725 1959 1789; x_wconf 86' lang='lat' dir='ltr'>gam.</span> <span class='ocrx_word' id='word_1_284' title='bbox 2038 1706 2205 1769; x_wconf 91' lang='lat' dir='ltr'>Erat</span> <span class='ocrx_word' id='word_1_285' title='bbox 2227 1714 2454 1769; x_wconf 90' lang='lat' dir='ltr'>autem</span> <span class='ocrx_word' id='word_1_286' title='bbox 2473 1705 2660 1768; x_wconf 89' lang='lat' dir='ltr'>dives</span> <span class='ocrx_word' id='word_1_287' title='bbox 2676 1703 2876 1768; x_wconf 90' lang='lat' dir='ltr'>valde</span> <span class='ocrx_word' id='word_1_288' title='bbox 2907 1705 2976 1768; x_wconf 89' lang='lat' dir='ltr'>in</span> 
     </span>
     <span class='ocr_line' id='line_1_61' title="bbox 1779 1791 2974 1878; baseline -0.001 -21"><span class='ocrx_word' id='word_1_289' title='bbox 1779 1793 2196 1878; x_wconf 88' lang='lat' dir='ltr'>possessione</span> <span class='ocrx_word' id='word_1_290' title='bbox 2226 1793 2366 1858; x_wconf 90' lang='lat' dir='ltr'>auri</span> <span class='ocrx_word' id='word_1_291' title='bbox 2397 1801 2466 1858; x_wconf 92' lang='lat' dir='ltr'>et</span> <span class='ocrx_word' id='word_1_292' title='bbox 2495 1794 2770 1875; x_wconf 85' lang='lat' dir='ltr'>argenti.</span> <span class='ocrx_word' id='word_1_293' title='bbox 2832 1791 2974 1856; x_wconf 91' lang='lat' dir='ltr'>Lec.</span> 
     </span>
     <span class='ocr_line' id='line_1_62' title="bbox 1777 1879 2976 2016; baseline -0.002 -70"><span class='ocrx_word' id='word_1_294' title='bbox 1777 1885 2323 2016; x_wconf 76' lang='lat' dir='ltr'>Reversusque</span> <span class='ocrx_word' id='word_1_295' title='bbox 2353 1889 2456 1946; x_wconf 89' lang='lat' dir='ltr'>est</span> <span class='ocrx_word' id='word_1_296' title='bbox 2490 1881 2722 1945; x_wconf 90' lang='lat' dir='ltr'>abram</span> <span class='ocrx_word' id='word_1_297' title='bbox 2853 1879 2976 1964; x_wconf 85' lang='lat' dir='ltr'>[iij.</span> 
     </span>
     <span class='ocr_line' id='line_1_63' title="bbox 1927 1970 2976 2054; baseline -0.002 -20"><span class='ocrx_word' id='word_1_298' title='bbox 1927 1991 2045 2054; x_wconf 93' lang='lat' dir='ltr'>per</span> <span class='ocrx_word' id='word_1_299' title='bbox 2075 1971 2201 2034; x_wconf 88' lang='lat' dir='ltr'>iter</span> <span class='ocrx_word' id='word_1_300' title='bbox 2229 1989 2365 2052; x_wconf 91' lang='lat' dir='ltr'>quo</span> <span class='ocrx_word' id='word_1_301' title='bbox 2393 1970 2706 2034; x_wconf 90' lang='lat' dir='ltr'>veniebat</span> <span class='ocrx_word' id='word_1_302' title='bbox 2750 1989 2794 2032; x_wconf 86' lang='lat' dir='ltr'>a</span> <span class='ocrx_word' id='word_1_303' title='bbox 2839 1989 2976 2032; x_wconf 91' lang='lat' dir='ltr'>me-</span> 
     </span>
     <span class='ocr_line' id='line_1_64' title="bbox 1781 2058 2977 2141; baseline -0.001 -19"><span class='ocrx_word' id='word_1_304' title='bbox 1781 2059 1946 2122; x_wconf 89' lang='lat' dir='ltr'>ridie</span> <span class='ocrx_word' id='word_1_305' title='bbox 1998 2059 2066 2123; x_wconf 92' lang='lat' dir='ltr'>in</span> <span class='ocrx_word' id='word_1_306' title='bbox 2121 2059 2344 2122; x_wconf 91' lang='lat' dir='ltr'>bethel</span> <span class='ocrx_word' id='word_1_307' title='bbox 2395 2079 2606 2141; x_wconf 90' lang='lat' dir='ltr'>usque</span> <span class='ocrx_word' id='word_1_308' title='bbox 2636 2058 2721 2122; x_wconf 88' lang='lat' dir='ltr'>ad</span> <span class='ocrx_word' id='word_1_309' title='bbox 2755 2058 2977 2121; x_wconf 90' lang='lat' dir='ltr'>locum</span> 
     </span>
     <span class='ocr_line' id='line_1_65' title="bbox 1781 2146 2975 2230; baseline -0.003 -18"><span class='ocrx_word' id='word_1_310' title='bbox 1781 2148 1896 2212; x_wconf 90' lang='lat' dir='ltr'>ubi</span> <span class='ocrx_word' id='word_1_311' title='bbox 1949 2148 2131 2230; x_wconf 90' lang='lat' dir='ltr'>prius</span> <span class='ocrx_word' id='word_1_312' title='bbox 2183 2146 2428 2212; x_wconf 88' lang='lat' dir='ltr'>fixerat</span> <span class='ocrx_word' id='word_1_313' title='bbox 2473 2146 2975 2211; x_wconf 85' lang='lat' dir='ltr'>tabernaculum</span> 
     </span>
     <span class='ocr_line' id='line_1_66' title="bbox 1781 2235 2979 2300; baseline -0.001 -1"><span class='ocrx_word' id='word_1_314' title='bbox 1781 2237 1952 2300; x_wconf 86' lang='lat' dir='ltr'>inter</span> <span class='ocrx_word' id='word_1_315' title='bbox 1981 2235 2206 2300; x_wconf 90' lang='lat' dir='ltr'>bethel</span> <span class='ocrx_word' id='word_1_316' title='bbox 2234 2245 2305 2299; x_wconf 92' lang='lat' dir='ltr'>et</span> <span class='ocrx_word' id='word_1_317' title='bbox 2334 2235 2445 2300; x_wconf 89' lang='lat' dir='ltr'>ahi</span> <span class='ocrx_word' id='word_1_318' title='bbox 2479 2237 2546 2300; x_wconf 91' lang='lat' dir='ltr'>in</span> <span class='ocrx_word' id='word_1_319' title='bbox 2578 2235 2727 2300; x_wconf 88' lang='lat' dir='ltr'>loco</span> <span class='ocrx_word' id='word_1_320' title='bbox 2751 2235 2979 2298; x_wconf 87' lang='lat' dir='ltr'>altaris</span> 
     </span>
     <span class='ocr_line' id='line_1_67' title="bbox 1780 2323 2976 2407; baseline -0.001 -19"><span class='ocrx_word' id='word_1_321' title='bbox 1780 2327 1961 2407; x_wconf 91' lang='lat' dir='ltr'>quod</span> <span class='ocrx_word' id='word_1_322' title='bbox 1995 2324 2240 2389; x_wconf 86' lang='lat' dir='ltr'>fecerat</span> <span class='ocrx_word' id='word_1_323' title='bbox 2273 2325 2494 2407; x_wconf 91' lang='lat' dir='ltr'>prius:</span> <span class='ocrx_word' id='word_1_324' title='bbox 2539 2331 2610 2388; x_wconf 91' lang='lat' dir='ltr'>et</span> <span class='ocrx_word' id='word_1_325' title='bbox 2641 2323 2976 2387; x_wconf 88' lang='lat' dir='ltr'>invocavit</span> 
     </span>
     <span class='ocr_line' id='line_1_68' title="bbox 1781 2412 2976 2493; baseline 0 -17"><span class='ocrx_word' id='word_1_326' title='bbox 1781 2414 1872 2478; x_wconf 87' lang='lat' dir='ltr'>ibi</span> <span class='ocrx_word' id='word_1_327' title='bbox 1927 2433 2172 2477; x_wconf 90' lang='lat' dir='ltr'>nomen</span> <span class='ocrx_word' id='word_1_328' title='bbox 2222 2412 2496 2477; x_wconf 88' lang='lat' dir='ltr'>domini,</span> <span class='ocrx_word' id='word_1_329' title='bbox 2585 2413 2672 2476; x_wconf 87' lang='lat' dir='ltr'>In</span> <span class='ocrx_word' id='word_1_330' title='bbox 2719 2431 2976 2493; x_wconf 82' lang='lat' dir='ltr'>evange.</span> 
     </span>
     <span class='ocr_line' id='line_1_69' title="bbox 1781 2500 2980 2567; baseline -0.003 -1"><span class='ocrx_word' id='word_1_331' title='bbox 1781 2510 1886 2566; x_wconf 74' lang='grc' dir='ltr'>αῆ.</span> <span class='ocrx_word' id='word_1_332' title='bbox 1935 2501 2109 2567; x_wconf 88' lang='lat' dir='ltr'>Cum</span> <span class='ocrx_word' id='word_1_333' title='bbox 2158 2500 2319 2567; x_wconf 91' lang='lat' dir='ltr'>facis</span> <span class='ocrx_word' id='word_1_334' title='bbox 2363 2500 2796 2565; x_wconf 89' lang='lat' dir='ltr'>elemosinam</span> <span class='ocrx_word' id='word_1_335' title='bbox 2831 2519 2980 2564; x_wconf 87' lang='lat' dir='ltr'>nes-</span> 
     </span>
     <span class='ocr_line' id='line_1_70' title="bbox 1782 2589 2978 2673; baseline -0.003 -17"><span class='ocrx_word' id='word_1_336' title='bbox 1782 2591 1914 2656; x_wconf 88' lang='lat' dir='ltr'>ciat</span> <span class='ocrx_word' id='word_1_337' title='bbox 1944 2591 2209 2655; x_wconf 88' lang='lat' dir='ltr'>sinistra</span> <span class='ocrx_word' id='word_1_338' title='bbox 2240 2598 2357 2654; x_wconf 86' lang='lat' dir='ltr'>tua</span> <span class='ocrx_word' id='word_1_339' title='bbox 2386 2590 2548 2673; x_wconf 90' lang='lat' dir='ltr'>quid</span> <span class='ocrx_word' id='word_1_340' title='bbox 2579 2589 2782 2655; x_wconf 87' lang='lat' dir='ltr'>faciat</span> <span class='ocrx_word' id='word_1_341' title='bbox 2811 2589 2978 2652; x_wconf 90' lang='lat' dir='ltr'>dex·</span> 
     </span>
     <span class='ocr_line' id='line_1_71' title="bbox 1782 2677 2980 2761; baseline -0.002 -17"><span class='ocrx_word' id='word_1_342' title='bbox 1782 2690 1926 2744; x_wconf 90' lang='lat' dir='ltr'>tera</span> <span class='ocrx_word' id='word_1_343' title='bbox 1956 2690 2090 2744; x_wconf 96' lang='lat' dir='ltr'>tua.</span> <span class='ocrx_word' id='word_1_344' title='bbox 2122 2688 2221 2761; x_wconf 59' lang='lat' dir='ltr'>pff,</span> <span class='ocrx_word' id='word_1_345' title='bbox 2255 2679 2677 2743; x_wconf 78' lang='lat' dir='ltr'>Benedictus,</span> <span class='ocrx_word' id='word_1_346' title='bbox 2731 2677 2980 2742; x_wconf 79' lang='lat' dir='ltr'>Oratio,</span> 
     </span>
     <span class='ocr_line' id='line_1_72' title="bbox 1780 2767 2982 2901; baseline -0.002 -69"><span class='ocrx_word' id='word_1_347' title='bbox 1780 2767 2169 2901; x_wconf 74' lang='lat' dir='ltr'>Inchoata</span> <span class='ocrx_word' id='word_1_348' title='bbox 2195 2767 2447 2849; x_wconf 87' lang='lat' dir='ltr'>jejunia</span> <span class='ocrx_word' id='word_1_349' title='bbox 2470 2787 2832 2849; x_wconf 86' lang='lat' dir='ltr'>quesumus</span> <span class='ocrx_word' id='word_1_350' title='bbox 2863 2767 2982 2829; x_wconf 90' lang='lat' dir='ltr'>do-</span> 
     </span>
     <span class='ocr_line' id='line_1_73' title="bbox 1886 2855 2981 2938; baseline -0.002 -19"><span class='ocrx_word' id='word_1_351' title='bbox 1886 2857 2064 2920; x_wconf 91' lang='lat' dir='ltr'>mine</span> <span class='ocrx_word' id='word_1_352' title='bbox 2124 2856 2418 2938; x_wconf 88' lang='lat' dir='ltr'>benigno</span> <span class='ocrx_word' id='word_1_353' title='bbox 2471 2855 2696 2919; x_wconf 86' lang='lat' dir='ltr'>favore</span> <span class='ocrx_word' id='word_1_354' title='bbox 2755 2874 2981 2938; x_wconf 89' lang='lat' dir='ltr'>prose-</span> 
     </span>
     <span class='ocr_line' id='line_1_74' title="bbox 1785 2944 2978 3027; baseline -0.003 -18"><span class='ocrx_word' id='word_1_355' title='bbox 1785 2965 1986 3027; x_wconf 87' lang='lat' dir='ltr'>quere</span> <span class='ocrx_word' id='word_1_356' title='bbox 2014 2966 2030 3011; x_wconf 87' lang='lat'><strong>:</strong></span> <span class='ocrx_word' id='word_1_357' title='bbox 2093 2955 2169 3009; x_wconf 90' lang='lat' dir='ltr'>ut</span> <span class='ocrx_word' id='word_1_358' title='bbox 2229 2944 2720 3009; x_wconf 86' lang='lat' dir='ltr'>observantiam</span> <span class='ocrx_word' id='word_1_359' title='bbox 2775 2963 2978 3025; x_wconf 91' lang='lat' dir='ltr'>quam</span> 
     </span>
     <span class='ocr_line' id='line_1_75' title="bbox 1787 3031 2981 3117; baseline -0.003 -19"><span class='ocrx_word' id='word_1_360' title='bbox 1787 3031 2212 3117; x_wconf 89' lang='lat' dir='ltr'>corporaliter</span> <span class='ocrx_word' id='word_1_361' title='bbox 2229 3032 2624 3097; x_wconf 86' lang='lat' dir='ltr'>exhibemus</span> <span class='ocrx_word' id='word_1_362' title='bbox 2644 3032 2981 3096; x_wconf 87' lang='lat' dir='ltr'>mentibus</span> 
     </span>
     <span class='ocr_line' id='line_1_76' title="bbox 1785 3119 2983 3211; baseline -0.003 -24"><span class='ocrx_word' id='word_1_363' title='bbox 1785 3123 1988 3187; x_wconf 92' lang='lat' dir='ltr'>etiam</span> <span class='ocrx_word' id='word_1_364' title='bbox 2008 3122 2278 3187; x_wconf 89' lang='lat' dir='ltr'>sinceris</span> <span class='ocrx_word' id='word_1_365' title='bbox 2295 3141 2606 3211; x_wconf 74' lang='lat' dir='ltr'>exercere</span> <span class='ocrx_word' id='word_1_366' title='bbox 2623 3119 2983 3185; x_wconf 85' lang='lat' dir='ltr'>valeamus,</span> 
     </span>
     <span class='ocr_line' id='line_1_77' title="bbox 1791 3210 2980 3293; baseline -0.002 -18"><span class='ocrx_word' id='word_1_367' title='bbox 1791 3212 1912 3275; x_wconf 91' lang='lat' dir='ltr'>Per</span> <span class='ocrx_word' id='word_1_368' title='bbox 1941 3211 2048 3275; x_wconf 92' lang='lat' dir='ltr'>do.</span> <span class='ocrx_word' id='word_1_369' title='bbox 2115 3211 2180 3275; x_wconf 84' lang='lat' dir='ltr'><em>A</em></span> <span class='ocrx_word' id='word_1_370' title='bbox 2187 3211 2242 3274; x_wconf 83' lang='grc' dir='ltr'>α’</span> <span class='ocrx_word' id='word_1_371' title='bbox 2263 3222 2568 3293; x_wconf 84' lang='lat' dir='ltr'>vesperas.</span> <span class='ocrx_word' id='word_1_372' title='bbox 2613 3210 2700 3273; x_wconf 88' lang='lat' dir='ltr'>In</span> <span class='ocrx_word' id='word_1_373' title='bbox 2727 3228 2980 3291; x_wconf 85' lang='lat' dir='ltr'>evange.</span> 
     </span>
     <span class='ocr_line' id='line_1_78' title="bbox 1785 3298 2986 3365; baseline -0.003 -1"><span class='ocrx_word' id='word_1_374' title='bbox 1785 3308 1892 3365; x_wconf 77' lang='grc' dir='ltr'>αῆ.</span> <span class='ocrx_word' id='word_1_375' title='bbox 1939 3299 2044 3364; x_wconf 91' lang='lat' dir='ltr'>Tu</span> <span class='ocrx_word' id='word_1_376' title='bbox 2077 3308 2302 3364; x_wconf 91' lang='lat' dir='ltr'>autem</span> <span class='ocrx_word' id='word_1_377' title='bbox 2346 3319 2502 3363; x_wconf 90' lang='lat' dir='ltr'>cum</span> <span class='ocrx_word' id='word_1_378' title='bbox 2543 3298 2830 3361; x_wconf 90' lang='lat' dir='ltr'>oraveris</span> <span class='ocrx_word' id='word_1_379' title='bbox 2883 3298 2986 3361; x_wconf 91' lang='lat' dir='ltr'>in·</span> 
     </span>
     <span class='ocr_line' id='line_1_79' title="bbox 1787 3386 2984 3453; baseline -0.004 0"><span class='ocrx_word' id='word_1_380' title='bbox 1787 3398 1894 3453; x_wconf 89' lang='lat' dir='ltr'>tra</span> <span class='ocrx_word' id='word_1_381' title='bbox 1925 3388 1990 3452; x_wconf 90' lang='lat' dir='ltr'>in</span> <span class='ocrx_word' id='word_1_382' title='bbox 2024 3388 2400 3453; x_wconf 89' lang='lat' dir='ltr'>cubiculum</span> <span class='ocrx_word' id='word_1_383' title='bbox 2433 3397 2624 3451; x_wconf 90' lang='lat' dir='ltr'>tuum</span> <span class='ocrx_word' id='word_1_384' title='bbox 2657 3395 2726 3451; x_wconf 94' lang='lat' dir='ltr'>et</span> <span class='ocrx_word' id='word_1_385' title='bbox 2756 3386 2984 3451; x_wconf 91' lang='lat' dir='ltr'>clauso</span> 
     </span>
     <span class='ocr_line' id='line_1_80' title="bbox 1788 3478 2986 3561; baseline -0.003 -20"><span class='ocrx_word' id='word_1_386' title='bbox 1788 3478 1965 3542; x_wconf 90' lang='lat' dir='ltr'>ostio</span> <span class='ocrx_word' id='word_1_387' title='bbox 2025 3497 2144 3541; x_wconf 91' lang='lat' dir='ltr'>ora</span> <span class='ocrx_word' id='word_1_388' title='bbox 2217 3486 2478 3561; x_wconf 88' lang='lat' dir='ltr'>patrem</span> <span class='ocrx_word' id='word_1_389' title='bbox 2555 3484 2764 3541; x_wconf 90' lang='lat' dir='ltr'>tuum.</span> <span class='ocrx_word' id='word_1_390' title='bbox 2883 3483 2986 3557; x_wconf 62' lang='lat' dir='ltr'>pf.</span> 
     </span>
     <span class='ocr_line' id='line_1_81' title="bbox 1791 3563 2990 3648; baseline -0.003 -19"><span class='ocrx_word' id='word_1_391' title='bbox 1791 3567 1864 3629; x_wconf 95' lang='grc' dir='ltr'><strong>Μ</strong></span> <span class='ocrx_word' id='word_1_392' title='bbox 1869 3565 2200 3648; x_wconf 86' lang='lat' dir='ltr'>agnificat.</span> <span class='ocrx_word' id='word_1_393' title='bbox 2737 3563 2990 3629; x_wconf 82' lang='lat' dir='ltr'>Oratio,</span> 
     </span>
     <span class='ocr_line' id='line_1_82' title="bbox 1811 3652 2990 3788; baseline -0.003 -70"><span class='ocrx_word' id='word_1_394' title='bbox 1811 3657 2104 3788; x_wconf 77' lang='lat' dir='ltr'>Tuere</span> <span class='ocrx_word' id='word_1_395' title='bbox 2135 3654 2406 3719; x_wconf 89' lang='lat' dir='ltr'>domine</span> <span class='ocrx_word' id='word_1_396' title='bbox 2438 3652 2759 3736; x_wconf 90' lang='lat' dir='ltr'>populum</span> <span class='ocrx_word' id='word_1_397' title='bbox 2798 3662 2990 3717; x_wconf 91' lang='lat' dir='ltr'>tuum</span> 
     </span>
     <span class='ocr_line' id='line_1_83' title="bbox 1927 3740 2991 3825; baseline -0.003 -19"><span class='ocrx_word' id='word_1_398' title='bbox 1927 3751 1998 3806; x_wconf 94' lang='lat' dir='ltr'>et</span> <span class='ocrx_word' id='word_1_399' title='bbox 2048 3744 2137 3807; x_wconf 92' lang='lat' dir='ltr'>ab</span> <span class='ocrx_word' id='word_1_400' title='bbox 2185 3744 2494 3807; x_wconf 88' lang='lat' dir='ltr'>omnibus</span> <span class='ocrx_word' id='word_1_401' title='bbox 2539 3742 2830 3825; x_wconf 88' lang='lat' dir='ltr'>peccatis</span> <span class='ocrx_word' id='word_1_402' title='bbox 2860 3740 2991 3805; x_wconf 88' lang='lat' dir='ltr'>cle-</span> 
     </span>
     <span class='ocr_line' id='line_1_84' title="bbox 1795 3828 2992 3913; baseline -0.003 -18"><span class='ocrx_word' id='word_1_403' title='bbox 1795 3840 2057 3895; x_wconf 89' lang='lat' dir='ltr'>menter</span> <span class='ocrx_word' id='word_1_404' title='bbox 2105 3832 2436 3896; x_wconf 90' lang='lat' dir='ltr'>emunda:</span> <span class='ocrx_word' id='word_1_405' title='bbox 2484 3831 2642 3913; x_wconf 89' lang='lat' dir='ltr'>quia</span> <span class='ocrx_word' id='word_1_406' title='bbox 2702 3830 2885 3894; x_wconf 91' lang='lat' dir='ltr'>nulla</span> <span class='ocrx_word' id='word_1_407' title='bbox 2930 3828 2992 3893; x_wconf 91' lang='lat' dir='ltr'>ei</span> 
     </span>
     <span class='ocr_line' id='line_1_85' title="bbox 1795 3917 2996 3985; baseline -0.004 -1"><span class='ocrx_word' id='word_1_408' title='bbox 1795 3920 2067 3985; x_wconf 89' lang='lat' dir='ltr'>nocebit</span> <span class='ocrx_word' id='word_1_409' title='bbox 2097 3919 2463 3984; x_wconf 88' lang='lat' dir='ltr'>adversitas</span> <span class='ocrx_word' id='word_1_410' title='bbox 2480 3920 2538 3982; x_wconf 90' lang='lat' dir='ltr'>si</span> <span class='ocrx_word' id='word_1_411' title='bbox 2570 3918 2752 3982; x_wconf 89' lang='lat' dir='ltr'>nulla</span> <span class='ocrx_word' id='word_1_412' title='bbox 2783 3918 2843 3981; x_wconf 91' lang='lat' dir='ltr'>ei</span> <span class='ocrx_word' id='word_1_413' title='bbox 2876 3917 2996 3980; x_wconf 90' lang='lat' dir='ltr'>do-</span> 
     </span>
     <span class='ocr_line' id='line_1_86' title="bbox 1799 4006 3000 4090; baseline -0.002 -18"><span class='ocrx_word' id='word_1_414' title='bbox 1799 4008 2088 4072; x_wconf 90' lang='lat' dir='ltr'>minetur</span> <span class='ocrx_word' id='word_1_415' title='bbox 2119 4008 2454 4090; x_wconf 76' lang='lat' dir='ltr'>iniquitaS.</span> <span class='ocrx_word' id='word_1_416' title='bbox 2490 4006 2615 4070; x_wconf 93' lang='lat' dir='ltr'>Per</span> <span class='ocrx_word' id='word_1_417' title='bbox 2633 4007 3000 4070; x_wconf 90' lang='lat' dir='ltr'>dominum,</span> 
     </span>
     <span class='ocr_line' id='line_1_87' title="bbox 1800 4093 3002 4175; baseline -0.002 -14"><span class='ocrx_word' id='word_1_418' title='bbox 1800 4096 2108 4161; x_wconf 77' lang='lat' dir='ltr'>Sabbata,</span> <span class='ocrx_word' id='word_1_419' title='bbox 2711 4093 2930 4158; x_wconf 90' lang='lat' dir='ltr'>Lectio</span> <span class='ocrx_word' id='word_1_420' title='bbox 2940 4093 3002 4175; x_wconf 87' lang='lat' dir='ltr'>j.</span> 
     </span>
     <span class='ocr_line' id='line_1_88' title="bbox 1805 4182 3008 4321; baseline -0.004 -72"><span class='ocrx_word' id='word_1_421' title='bbox 1805 4185 2022 4321; x_wconf 67' lang='lat' dir='ltr'>Sed</span> <span class='ocrx_word' id='word_1_422' title='bbox 2043 4195 2112 4249; x_wconf 91' lang='lat' dir='ltr'>et</span> <span class='ocrx_word' id='word_1_423' title='bbox 2136 4183 2280 4247; x_wconf 94' lang='lat' dir='ltr'>loth</span> <span class='ocrx_word' id='word_1_424' title='bbox 2300 4182 2414 4265; x_wconf 93' lang='lat' dir='ltr'>qui</span> <span class='ocrx_word' id='word_1_425' title='bbox 2435 4191 2578 4247; x_wconf 90' lang='lat' dir='ltr'>erat</span> <span class='ocrx_word' id='word_1_426' title='bbox 2596 4202 2748 4246; x_wconf 91' lang='lat' dir='ltr'>cum</span> <span class='ocrx_word' id='word_1_427' title='bbox 2775 4182 3008 4245; x_wconf 90' lang='lat' dir='ltr'>abram</span> 
     </span>
     <span class='ocr_line' id='line_1_89' title="bbox 1937 4272 3007 4355; baseline -0.004 -17"><span class='ocrx_word' id='word_1_428' title='bbox 1937 4274 2204 4339; x_wconf 90' lang='lat' dir='ltr'>fuerunt</span> <span class='ocrx_word' id='word_1_429' title='bbox 2246 4292 2485 4355; x_wconf 87' lang='lat' dir='ltr'>greges</span> <span class='ocrx_word' id='word_1_430' title='bbox 2531 4272 2756 4335; x_wconf 89' lang='lat' dir='ltr'>ovium</span> <span class='ocrx_word' id='word_1_431' title='bbox 2804 4279 2874 4335; x_wconf 91' lang='lat' dir='ltr'>et</span> <span class='ocrx_word' id='word_1_432' title='bbox 2903 4291 3007 4335; x_wconf 90' lang='lat' dir='ltr'>ar-</span> 
     </span>
    </p>
   </div>
   <div class='ocr_carea' id='block_1_6' title="bbox 501 4358 3009 4469">
    <p class='ocr_par' dir='ltr' id='par_1_6' title="bbox 501 4358 3009 4469">
     <span class='ocr_line' id='line_1_90' title="bbox 501 4358 3009 4469; baseline 0.001 -46"><span class='ocrx_word' id='word_1_433' title='bbox 501 4358 845 4443; x_wconf 79' lang='lat' dir='ltr'>Quidnam</span> <span class='ocrx_word' id='word_1_434' title='bbox 865 4370 967 4469; x_wconf 75' lang='lat' dir='ltr'>est</span> <span class='ocrx_word' id='word_1_435' title='bbox 991 4362 1171 4444; x_wconf 91' lang='lat' dir='ltr'>quod</span> <span class='ocrx_word' id='word_1_436' title='bbox 1192 4361 1445 4429; x_wconf 83' lang='lat' dir='ltr'>fecisti?</span> <span class='ocrx_word' id='word_1_437' title='bbox 1480 4362 1706 4447; x_wconf 80' lang='lat' dir='ltr'>Quare</span> <span class='ocrx_word' id='word_1_438' title='bbox 1808 4373 2036 4429; x_wconf 89' lang='lat' dir='ltr'>menta</span> <span class='ocrx_word' id='word_1_439' title='bbox 2079 4373 2148 4428; x_wconf 93' lang='lat' dir='ltr'>et</span> <span class='ocrx_word' id='word_1_440' title='bbox 2197 4359 2669 4428; x_wconf 87' lang='lat' dir='ltr'>tabernacula:</span> <span class='ocrx_word' id='word_1_441' title='bbox 2716 4380 2839 4425; x_wconf 91' lang='lat' dir='ltr'>nec</span> <span class='ocrx_word' id='word_1_442' title='bbox 2885 4379 3009 4444; x_wconf 89' lang='lat' dir='ltr'>po-</span> 
     </span>
    </p>
   </div>
   <div class='ocr_carea' id='block_1_7' title="bbox 701 4524 1259 4578">
    <p class='ocr_par' dir='ltr' id='par_1_7' title="bbox 701 4524 1259 4578">
     <span class='ocr_line' id='line_1_91' title="bbox 701 4524 1259 4578; baseline 0.009 -5"><span class='ocrx_word' id='word_1_443' title='bbox 701 4524 713 4554; x_wconf 90' lang='lat'>¹</span> <span class='ocrx_word' id='word_1_444' title='bbox 751 4524 827 4574; x_wconf 87' lang='lat' dir='ltr'>usi</span> <span class='ocrx_word' id='word_1_445' title='bbox 849 4531 1001 4577; x_wconf 86' lang='lat' dir='ltr'>sunt:</span> <span class='ocrx_word' id='word_1_446' title='bbox 1037 4525 1259 4578; x_wconf 88' lang='lat' dir='ltr'>E,G.W.</span> 
     </span>
    </p>
   </div>
   <div class='ocr_carea' id='block_1_8' title="bbox 1598 4528 1995 4581">
    <p class='ocr_par' dir='ltr' id='par_1_8' title="bbox 1598 4528 1995 4581">
     <span class='ocr_line' id='line_1_92' title="bbox 1598 4528 1995 4581; baseline -0.003 -1"><span class='ocrx_word' id='word_1_447' title='bbox 1598 4530 1617 4559; x_wconf 82' lang='lat'>²</span> <span class='ocrx_word' id='word_1_448' title='bbox 1649 4528 1827 4581; x_wconf 82' lang='lat' dir='ltr'>asine:</span> <span class='ocrx_word' id='word_1_449' title='bbox 1862 4528 1995 4581; x_wconf 89' lang='lat' dir='ltr'>E.G,</span> 
     </span>
    </p>
   </div>
   <div class='ocr_carea' id='block_1_9' title="bbox 2269 4527 2593 4578">
    <p class='ocr_par' dir='ltr' id='par_1_9' title="bbox 2269 4527 2593 4578">
     <span class='ocr_line' id='line_1_93' title="bbox 2269 4527 2593 4578; baseline 0.003 -1"><span class='ocrx_word' id='word_1_450' title='bbox 2269 4531 2290 4559; x_wconf 77' lang='lat'>²</span> <span class='ocrx_word' id='word_1_451' title='bbox 2321 4528 2437 4578; x_wconf 88' lang='lat' dir='ltr'>dico</span> <span class='ocrx_word' id='word_1_452' title='bbox 2460 4546 2471 4578; x_wconf 76' lang='grc' dir='ltr'><strong><em>ε</em></strong></span> <span class='ocrx_word' id='word_1_453' title='bbox 2510 4527 2593 4578; x_wconf 91' lang='lat' dir='ltr'>W.</span> 
     </span>
    </p>
   </div>
   <div class='ocr_carea' id='block_1_10' title="bbox 3337 2642 3340 2857">
    <p class='ocr_par' dir='ltr' id='par_1_10' title="bbox 3337 2642 3340 2857">
     <span class='ocr_line' id='line_1_94' title="bbox 3337 2642 3340 2857; baseline 0 0"><span class='ocrx_word' id='word_1_454' title='bbox 3337 2642 3340 2857; x_wconf 95' lang='lat' dir='ltr'> </span> 
     </span>
    </p>
   </div>
  </div>
 </body>
</html>
