3375 5100
735 318 1153 374 DOMJNJCA
1212 316 1554 387 OCTAVA,
1603 318 1861 388 NONA,
1908 318 2030 373 ET
2068 315 2419 371 DECIMA.

879 428 1035 483 629

348 533 680 617 supplices
740 514 1132 598 exoramus:
1197 541 1272 598 ut
1332 533 1537 596 noxia

349 632 586 687 cuncta
659 623 1095 687 submoveas:
1172 631 1241 685 et
1313 622 1537 684 omnia

350 712 542 775 nobis
594 712 930 794 profutura
982 711 1324 775 concedas,
1417 711 1539 773 Per

350 800 712 864 dominum.
795 800 919 863 Ad
941 811 1227 882 vesperas
1257 800 1325 861 in
1355 818 1537 861 evan.

347 897 456 951 αῑὶ.
505 890 658 951 Non
693 898 911 969 potest
942 889 1136 951 arbor
1164 887 1340 951 bona
1370 886 1540 951 sruc-

349 984 457 1039 tus
503 976 714 1039 malos
765 975 1019 1041 facere:
1083 996 1296 1058 neque
1347 976 1542 1039 arbor

350 1063 527 1127 mala
570 1063 819 1128 fructus
851 1064 1064 1129 bonos
1099 1064 1350 1129 facere:
1397 1086 1540 1128 om-

349 1153 452 1215 nis
497 1153 693 1216 arbor
720 1173 849 1235 que
897 1174 1026 1217 non
1066 1153 1224 1218 facit
1255 1154 1537 1217 fructum

348 1241 600 1305 bonum
656 1242 1003 1305 excidetur
1061 1252 1129 1306 et
1189 1244 1256 1306 in
1318 1242 1538 1325 ignem

351 1330 664 1394 mittetur.
742 1339 842 1412 pf.
893 1330 1296 1413 Magnificat.

351 1422 417 1495 ΙΙ
460 1418 812 1482 Dominica
843 1418 926 1482 ix.
1145 1420 1280 1483 Sec.
1309 1419 1538 1482 lucam.

346 1508 446 1637 l
459 1526 502 1569 n
556 1506 672 1570 illo
717 1517 1060 1589 tempore:
1109 1507 1304 1570 Dixit
1347 1508 1540 1589 Jesus

452 1596 792 1677 discipulis
845 1597 1028 1660 suis:
1111 1596 1337 1659 Homo
1397 1596 1539 1677 qui-

345 1683 506 1745 dam
537 1692 678 1747 erat
711 1684 896 1747 dives
942 1684 1054 1765 qui
1101 1684 1390 1747 habebat
1422 1684 1541 1746 vil-

348 1772 593 1836 licum:
669 1780 739 1834 et
798 1772 904 1836 hic
981 1772 1364 1835 diffamatus
1438 1781 1540 1835 est

347 1859 527 1941 apud
589 1859 817 1924 illum:
895 1861 1080 1942 quasi
1157 1860 1541 1943 dissipasset

349 1947 528 2009 bona
559 1948 780 2029 ipsius,
871 1949 962 2012 Et
993 1948 1258 2030 reliqua.

354 2034 608 2099 Omelia
659 2035 828 2100 beati
882 2036 1240 2118 hieronymi
1281 2036 1540 2119 presby-

345 2124 484 2187 teri.
1185 2125 1398 2188 Lectio
1427 2125 1542 2207 τῇ.

347 2211 867 2344 Spiritualiter
916 2212 1092 2276 enim
1154 2212 1356 2277 homo
1416 2214 1540 2276 iste

483 2300 712 2363 fratres
741 2301 1104 2365 charissimi
1137 2301 1299 2364 deus
1329 2303 1540 2365 omni-

349 2396 590 2470 potens
620 2398 736 2452 est.
819 2389 952 2472 Qui
985 2390 1152 2453 bene
1184 2391 1366 2453 dives
1398 2410 1541 2454 esse

349 2477 628 2540 dicitur:
685 2478 842 2560 quia
903 2479 1079 2562 apud
1143 2477 1324 2541 illurn
1386 2488 1540 2543 sunt

348 2586 583 2628 omnes
619 2565 908 2630 thesauri
954 2568 1276 2650 sapientie
1320 2577 1388 2630 et
1419 2570 1540 2632 sci·

347 2654 526 2717 entie
587 2655 974 2720 absconditi.
1092 2657 1274 2719 Illius
1336 2659 1538 2720 etiam

348 2741 546 2806 villici
590 2763 709 2806 nos
763 2764 988 2807 sumus
1029 2759 1198 2826 quos
1244 2745 1329 2808 ad
1377 2747 1539 2808 ima-

349 2833 574 2912 ginem
648 2851 838 2894 suam
915 2835 1207 2897 creavit:
1301 2835 1539 2916 quibus

350 2919 552 2982 etiam
634 2939 900 2983 sensum
981 2930 1050 2985 et
1131 2922 1538 2986 intellectum

349 3007 627 3090 prebuit.
1152 3011 1369 3073 Lectio
1400 3011 1540 3094 viij.

348 3095 656 3229 Male
705 3105 928 3161 autem
975 3097 1237 3161 divitias
1288 3099 1539 3163 domini

555 3185 761 3248 nostri
792 3186 1286 3268 dispensamus:
1333 3207 1540 3272 quan-

351 3273 444 3336 do
487 3293 750 3336 sensum
783 3295 984 3356 quem
1017 3275 1100 3338 ad
1137 3295 1326 3339 usum
1359 3297 1541 3340 acce-

351 3361 570 3443 pimus
643 3363 1002 3426 virtutum:
1077 3371 1146 3426 et
1219 3364 1284 3427 in
1345 3384 1538 3429 usum

349 3451 795 3513 convertimus
825 3453 1147 3516 vitiorum.
1219 3452 1542 3517 Diffama-

355 3558 504 3600 mur
532 3547 755 3602 autem
789 3540 965 3621 apud
993 3540 1338 3604 dominum
1364 3543 1542 3624 quod

353 3627 750 3706 dissipemus
797 3628 972 3691 bona
1019 3629 1222 3711 ipsius
1276 3632 1543 3712 quando

357 3735 445 3776 ex
493 3715 842 3798 nobisipsis
887 3717 1130 3780 malam
1163 3719 1543 3801 opinionem

354 3803 609 3867 damus,
1213 3808 1430 3870 Lectio
1460 3808 1544 3872 ix.

506 3901 536 3954 t
589 3894 852 3957 vocavit
903 3894 1210 3958 dominus
1257 3896 1543 3961 villicum

506 3988 572 4043 et
603 3982 696 4044 ait
735 3981 844 4046 illi.
937 3983 1175 4047 Redde
1221 3987 1543 4049 rationem

353 4067 769 4132 villicationis
800 4081 929 4134 tue.
1020 4071 1358 4137 Vocamur
1388 4095 1544 4156 ergo

355 4156 441 4219 ad
493 4157 900 4222 reddendum
948 4160 1267 4225 rationem
1301 4163 1545 4228 villica-

357 4245 557 4308 tionis
596 4255 861 4310 nostre:
909 4269 1058 4312 cum
1093 4250 1220 4313 de¹
1258 4254 1544 4333 presenti

357 4333 495 4397 vita
545 4334 628 4396 ad
674 4335 995 4417 judicium
1043 4338 1382 4404 ducimur:
1434 4343 1544 4405 ubi

459 4506 474 4538 ¹
511 4523 601 4572 pro
631 4509 865 4560 ‘de'inz
901 4511 966 4560 N.

1229 4517 1248 4546 ‘·'
1289 4521 1367 4566 ‘et
1393 4527 1442 4567 tu
1469 4519 1574 4568 sub.
1607 4515 1739 4567 flev.’
1766 4531 1865 4565 om.
1896 4533 1906 4562 :
1945 4513 2013 4562 N.

2086 486 2095 493 ,
2150 426 2309 481 630

1642 552 1775 595 non
1808 526 2021 595 solum
2052 532 2139 595 de
2184 551 2423 613 opere:
2468 521 2584 592 sed
2630 527 2833 592 etiam

1641 620 1727 683 de
1757 622 1979 684 ocioso
2010 639 2313 684 sermone
2341 618 2665 681 rationem
2692 617 2837 680 red-

1641 709 1841 772 dituri
1895 730 2137 773 sumus,
2226 707 2311 771 In
2358 706 2682 788 evangelio
2731 713 2837 768 αἰί.

1646 799 1843 862 Dixit
1887 799 2195 862 dominus
2241 796 2459 860 villico
2508 794 2668 877 quid
2710 793 2837 857 hoc

1644 888 1843 951 audio
1884 890 1970 952 de
2002 896 2069 950 te
2115 885 2317 949 redde
2364 884 2685 947 rationem
2718 882 2839 945 vil-

1646 975 1969 1039 licationis
2001 985 2129 1039 tue.
2197 974 2362 1037 all’a.
2590 971 2837 1035 Orati0.

1643 1065 1993 1198 Largire
2054 1063 2243 1127 nobis
2298 1079 2659 1144 quesumus
2718 1058 2839 1122 do-

1782 1155 1959 1217 mine
2000 1172 2261 1234 semper
2311 1150 2612 1233 spiritum
2660 1148 2838 1229 cogi-

1645 1242 1833 1306 tandi
1887 1263 2017 1324 que
2080 1250 2256 1303 recta
2315 1247 2471 1301 sunt
2516 1237 2838 1320 propitius

1646 1340 1714 1393 et
1762 1331 2048 1413 agendi:
2106 1339 2183 1393 ut
2226 1328 2337 1410 qui
2386 1328 2525 1389 sine
2580 1334 2646 1388 te
2695 1344 2838 1387 esse

1646 1440 1779 1482 non
1828 1438 2178 1502 possumus
2228 1416 2592 1480 secundum
2636 1422 2702 1477 te
2744 1413 2840 1475 vi-

1645 1528 1796 1570 vere
1855 1508 2209 1571 valeamus,
2303 1505 2427 1568 Per
2474 1503 2838 1565 dominum.

1643 1596 1768 1659 Ad
1790 1607 2078 1678 vesperas
2107 1595 2179 1656 in
2206 1612 2459 1674 evange.
2489 1600 2596 1653 αῆ.
2659 1590 2839 1673 Quid

1644 1683 1883 1747 faciam
1930 1684 2086 1765 quia
2138 1682 2447 1745 dominus
2494 1698 2680 1742 meus
2725 1698 2841 1741 au-

1646 1772 1771 1836 fert
1817 1794 1856 1834 a
1902 1792 2009 1834 me
2056 1770 2567 1833 villicationem:
2615 1767 2838 1830 fodere

1645 1880 1779 1923 non
1811 1860 2037 1922 valeo:
2085 1858 2456 1921 mendicare
2487 1854 2841 1919 erubesco:

1644 1949 1783 2011 scio
1828 1947 1986 2030 quid
2030 1946 2311 2009 faciam:
2359 1954 2434 2008 ut
2464 1963 2613 2007 cum
2655 1961 2839 2005 amo-

1645 2046 1754 2099 tus
1786 2034 1969 2099 suero
2004 2056 2045 2097 a
2074 2034 2471 2098 villicatione
2520 2032 2840 2114 recipiant

1646 2144 1756 2188 me
1797 2126 1863 2187 in
1896 2124 2132 2187 domos
2164 2142 2332 2186 suas,
2406 2127 2511 2202 pf.
2573 2120 2839 2200 Magni-

1647 2212 1817 2278 ficat

1649 2307 1713 2380 (1
1760 2300 2107 2365 Domim'ca
2132 2320 2195 2363 x.
2444 2295 2500 2361 S
2501 2316 2579 2361 ec.
2607 2295 2839 2359 lucam.

1643 2393 1744 2522 l
1754 2411 1795 2453 n
1845 2389 1961 2452 illo
2019 2397 2319 2471 tempore
2374 2385 2547 2451 Cum
2599 2404 2838 2466 appro-

1752 2479 2137 2562 pinquasset
2165 2476 2360 2558 Jesus
2402 2472 2795 2537 hierusalem
2821 2494 2836 2536 :

1644 2569 1875 2632 videns
1923 2569 2257 2631 civitatem
2299 2563 2481 2627 flevit
2521 2582 2719 2644 super
2764 2561 2837 2624 il-

1646 2657 1779 2720 larn
1814 2657 2077 2720 dicens:
2125 2653 2301 2736 Quia
2334 2653 2385 2716 si
2417 2651 2838 2734 cognovisses

1646 2755 1714 2808 et
1746 2755 1836 2809 tu.
1930 2746 2021 2808 Et
2053 2743 2317 2825 reliqua.

1649 2834 1905 2897 Omelia
1934 2832 2106 2896 beati
2120 2828 2416 2913 gregorii
2425 2838 2607 2910 pape.
2699 2827 2835 2891 Lec.

1643 2921 1958 3055 Flevit
1982 2922 2179 3004 igitur
2201 2921 2347 3002 pius
2374 2918 2675 2999 redemp-
2697 2915 2837 3000 [vij.

1798 3021 1903 3074 tor
1933 3011 2187 3074 ruinam
2221 3004 2469 3090 perfide
2512 3006 2839 3068 civitatis:

1645 3119 1846 3181 quam
1880 3099 2180 3162 ruinam:
2226 3097 2381 3178 quia
2428 3095 2571 3176 ipsa
2607 3092 2837 3156 civitas

1643 3189 1770 3252 sibi
1806 3198 2149 3252 venturam
2195 3204 2337 3248 esse
2379 3203 2513 3245 non
2558 3201 2839 3263 cognos-

1644 3279 1840 3342 cebat
1893 3274 2257 3339 exultabat.
2352 3271 2475 3336 Cui
2536 3290 2579 3334 a
2636 3268 2839 3332 flente

1646 3367 1921 3429 domino
1981 3372 2156 3427 recte
2208 3361 2488 3424 dicitur:
2564 3358 2721 3440 quia
2780 3358 2835 3420 si

1647 3454 2070 3537 cognovisses
2136 3459 2206 3513 et
2264 3458 2383 3512 tu:
2480 3446 2835 3509 subaudis:

1649 3543 1938 3606 flevisses
1960 3540 1984 3579 ²
2032 3537 2369 3622 quomodo
2417 3535 2573 3617 quia
2628 3535 2839 3597 nescis

1649 3632 1827 3713 quod
1863 3629 2166 3693 imminet
2188 3625 2469 3689 exultas,
2536 3622 2675 3686 Lec,
2697 3621 2838 3704 vig'j.

1804 3718 2090 3801 osephus
2134 3716 2311 3778 enim
2344 3714 2428 3776 de
2459 3711 2654 3793 hujus
2687 3710 2839 3773 civi-

1645 3722 1802 3896 J
1808 3809 1964 3871 tatis
2009 3805 2344 3869 eversione
2406 3801 2498 3863 ita
2550 3798 2840 3862 scribens

1650 3899 1787 3961 ait:
1848 3897 2006 3958 Post
2050 3891 2302 3957 domini
2351 3889 2840 3953 ascensionem:

1649 3995 1719 4050 et
1750 3993 1901 4068 post
1947 4001 2175 4045 necem
2201 3978 2423 4062 jacobi
2470 3977 2582 4060 qui
2624 3977 2841 4058 justus

1649 4083 1751 4152 est
1794 4071 2203 4155 appellatus:
2248 4067 2591 4130 suscitavit
2634 4064 2843 4128 domi-

1651 4184 1775 4226 nus
1798 4162 2146 4225 adversum
2161 4157 2400 4239 judeos
2424 4172 2842 4218 romanorum

1651 4251 2016 4334 principes:
2081 4246 2542 4328 vespasianum
2614 4251 2682 4305 et
2742 4251 2845 4324 ty-

1648 4339 1879 4405 tum-³:
1936 4345 2194 4420 patrem
2247 4341 2315 4396 et
2366 4331 2609 4394 filium:
2663 4332 2846 4414 justo

2236 4510 2255 4540 ⁸
2290 4509 2473 4558 titum:
2510 4507 2579 4558 N.
