3375 5100
990 340 1411 395 DOMJNJCA
1474 339 1778 394 TERTIA
1829 340 1884 395 A
1897 340 2216 396 UGUSTI.

886 447 1023 502 581

350 560 699 635 preparata
744 552 829 615 ad
860 553 1217 635 capiendas
1261 554 1556 617 animas:

348 640 612 723 garrula
636 650 703 703 et
721 661 896 722 vaga
907 642 1147 724 quietis
1171 643 1555 725 impatiens:

351 750 473 793 nec
517 728 743 792 valens
789 730 855 792 in
908 729 1111 792 domo
1169 732 1557 795 consistere:

353 838 526 881 nunc
560 817 841 899 pedibus
870 819 1004 881 suis
1037 817 1192 882 foris
1220 840 1235 883 :
1281 839 1456 883 nunc
1488 820 1553 881 in

352 906 623 989 plateis:
643 925 815 970 nunc
822 906 1022 987 juxta
1034 907 1311 988 angulos
1332 907 1555 971 insidi-

356 1014 475 1057 ans
504 1015 520 1058 ε
567 993 1183 1077 apprehensumque
1216 995 1555 1060 deoscula-

352 1090 464 1145 tur
516 1081 862 1164 juvenem:
925 1092 993 1147 et
1046 1084 1303 1165 procaci
1365 1083 1551 1147 vultu

354 1169 696 1234 blanditur
742 1170 1011 1235 dicens:
1059 1172 1383 1235 Victimas
1432 1193 1554 1255 pro

353 1258 567 1322 salute
599 1259 797 1322 debui
826 1282 841 1323 :
887 1258 1085 1324 hodie
1110 1260 1365 1324 reddidi
1397 1269 1553 1324 vota

354 1366 523 1411 mea.
638 1346 894 1411 Idcirco
952 1368 1217 1430 egressa
1275 1369 1423 1412 sum
1485 1350 1552 1412 in

353 1455 696 1499 occursum
728 1444 917 1499 tuum
936 1436 1318 1501 desiderans
1347 1446 1415 1502 te
1459 1438 1555 1501 vi-

352 1524 507 1587 dere
536 1534 603 1587 et
635 1525 909 1606 repperi.
1187 1525 1399 1589 Lectio
1428 1526 1553 1607 iiij.

352 1614 451 1743 l
472 1613 703 1675 ntexui
741 1612 1005 1676 funibus
1024 1612 1264 1678 lectum
1288 1633 1508 1676 meum
1538 1634 1553 1677 :

473 1701 671 1763 stravi
721 1700 1055 1783 tapetibus
1108 1701 1301 1783 pictis
1350 1722 1439 1764 ex
1486 1722 1553 1765 e-

353 1798 566 1869 gypto
595 1808 610 1851 :

356 1876 623 1957 myrrha
664 1885 731 1939 et
784 1876 969 1940 aloe:
1015 1886 1083 1941 et
1136 1897 1551 1959 cynamomo,

353 1965 527 2028 Veni
560 1964 962 2027 inebriemur
993 1965 1299 2030 uberibus
1331 1975 1398 2029 et
1422 1965 1555 2029 fru-

354 2071 546 2115 amur
576 2053 813 2134 cupitis
833 2052 1293 2136 amplexibus:
1338 2054 1553 2118 donec

354 2138 690 2203 illucescat
736 2140 896 2205 dies.
1009 2143 1165 2205 Non
1223 2143 1401 2206 enim
1452 2152 1553 2206 est

352 2228 455 2291 vir
484 2229 550 2291 in
582 2228 785 2291 domo
814 2249 936 2293 sua
966 2229 1129 2295 abiit
1170 2230 1280 2294 via
1308 2228 1555 2313 longis-

354 2317 541 2380 sima.
635 2316 987 2382 Saeculum
1017 2318 1295 2401 pecunie
1324 2339 1555 2385 secum

355 2404 509 2469 tulit
540 2406 608 2468 in
638 2406 747 2469 die
766 2406 959 2488 plene
993 2406 1147 2471 lune
1178 2428 1550 2472 reversurus

355 2502 457 2558 est
486 2495 761 2559 domum
781 2515 987 2562 suam.
1079 2496 1367 2561 Irretivit
1398 2516 1549 2561 eum

355 2582 580 2647 multis
620 2584 1031 2650 sermonibus
1084 2595 1152 2649 et
1211 2585 1551 2650 blanditiis

354 2672 679 2736 labiorum
712 2674 1041 2754 protraxit
1073 2673 1276 2737 illum.
1321 2674 1458 2739 Lec.
1490 2695 1553 2740 v.

354 2761 477 2894 S
495 2762 687 2824 tatim
719 2781 867 2826 eam
892 2761 1187 2843 sequitur
1210 2762 1397 2844 quasi
1430 2763 1551 2826 bos

495 2850 733 2912 ductus
765 2850 850 2912 ad
869 2850 1250 2915 victimam:
1296 2860 1363 2914 et
1388 2872 1549 2935 qua-

354 2937 409 2998 si
439 2957 653 3018 agnus
698 2937 1042 3002 lasciviens
1094 2948 1162 3002 et
1208 2939 1551 3021 ignorans:

357 3033 426 3089 et
458 3027 665 3090 nescit
689 3027 869 3108 quod
901 3025 987 3089 ad
1018 3027 1281 3091 vincula
1310 3027 1551 3091 stultus

355 3113 656 3177 trahatur
684 3115 898 3178 donec
930 3114 1275 3198 transfigat
1306 3117 1552 3198 sagitta

350 3201 537 3282 jecur
564 3201 707 3283 ejus
735 3223 750 3266 :
796 3202 977 3266 velut
1008 3203 1063 3266 si
1110 3205 1249 3266 avis
1282 3202 1549 3268 festinet

356 3291 444 3354 ad
494 3290 846 3372 laqueum:
894 3300 961 3354 et
1008 3291 1216 3354 nescit
1262 3294 1419 3374 quia
1464 3293 1550 3356 de

354 3378 645 3460 periculo
734 3380 953 3443 anime
1042 3379 1216 3443 illius
1316 3382 1549 3462 agitur.

356 3466 421 3529 N
427 3487 555 3530 unc
588 3487 745 3550 ergo
768 3467 858 3530 fili
880 3467 1033 3530 audi
1058 3488 1164 3531 me
1191 3477 1258 3531 et
1278 3468 1551 3532 attende

354 3554 571 3618 verbis
604 3557 734 3618 oris
782 3556 955 3620 mei:
1002 3576 1086 3620 ne
1133 3555 1555 3621 abstrahatur

357 3643 423 3706 in
458 3644 577 3706 viis
610 3642 784 3707 illius
815 3664 1000 3709 mens
1032 3654 1149 3710 tua
1179 3664 1263 3712 ne
1307 3646 1555 3728 decipi-

356 3733 485 3794 aris
507 3733 771 3797 ,semitis
801 3732 959 3813 eJuS.
1225 3734 1437 3798 Lectio
1467 3734 1555 3817 ψ’.

355 3819 743 3955 Multos
772 3821 950 3883 enim
968 3821 1345 3887 vulneratos
1373 3823 1555 3905 deje-

568 3910 659 3972 cit
686 3929 701 3972 :
776 3919 844 3975 et
903 3909 1239 3976 fortissimi
1309 3912 1555 3994 quique

354 3996 681 4060 interfecti
722 4006 877 4062 sunt
906 3999 993 4060 ab
1023 4018 1119 4062 ea.
1210 3999 1335 4064 vie
1367 3999 1555 4067 inferi

354 4085 595 4148 domus
612 4085 754 4167 ejus
787 4096 1208 4168 penetrantes
1239 4088 1307 4151 in
1339 4089 1557 4152 inseri-

356 4194 475 4236 ora
518 4175 765 4238 mortis,
858 4175 1179 4257 Nunquid
1211 4196 1347 4240 non
1380 4178 1556 4259 sapi-

358 4262 541 4325 entia
571 4261 909 4328 clamitat:
956 4274 1023 4327 et
1054 4264 1407 4346 prudentia
1438 4266 1556 4331 dat

353 4370 585 4413 vocem
618 4371 824 4416 suam.
918 4351 998 4415 In
1030 4355 1305 4417 summis
1336 4354 1557 4419 excel-

705 1789 951 1870 aspersi
1022 1790 1239 1854 cubile
1329 1809 1554 1853 meum

734 4539 749 4569 ¹
782 4537 961 4603 Jusu:
996 4540 1157 4592 ΝΛΜ.

2159 448 2318 509 882.

1653 554 1874 636 sisque
1924 554 2276 617 verticibus
2321 572 2518 635 super
2561 552 2738 616 viam
2788 552 2854 615 in
2899 588 2904 591 -

1656 643 1891 705 mediis
1921 644 2174 706 semitis
2196 653 2380 706 stans
2405 641 2605 722 juxta
2630 650 2856 722 portas

1655 730 1939 794 civitatis
1993 733 2058 793 in
2101 731 2257 813 ipsis
2288 729 2536 793 foribus
2569 728 2858 811 loquitur

1655 818 1926 883 dicens:
1977 819 2038 884 O
2071 820 2190 882 viri
2239 819 2326 882 ad
2374 838 2492 881 vos
2541 816 2854 880 clamito:

1654 916 1724 970 et
1755 928 1890 970 vox
1945 928 2094 971 mea
2141 908 2227 971 ad
2271 906 2441 970 filios
2488 906 2853 969 hominum.

1658 994 2017 1078 Intelligite
2066 994 2318 1078 parvuli
2360 994 2716 1057 astutiam:
2785 1003 2853 1057 et

1654 1084 2038 1167 insipientes
2097 1082 2620 1148 animadvertite.
2710 1082 2855 1146 Au-

1653 1172 1792 1236 dite
1841 1173 2158 1254 quoniam
2205 1172 2290 1236 de
2351 1171 2544 1237 rebus
2598 1170 2858 1253 magnis

1654 1259 1955 1324 locutura
1983 1281 2131 1326 sum
2161 1280 2176 1325 :
2222 1270 2291 1325 et
2353 1260 2730 1342 aperientur
2761 1258 2854 1321 la-

1654 1348 1764 1412 bia
1842 1370 2034 1413 mea:
2125 1357 2199 1412 ut
2275 1358 2453 1412 recta
2499 1348 2856 1430 predicent.

1652 1438 2023 1503 Veritatem
2112 1436 2538 1503 meditabitur
2627 1445 2860 1517 guttur

1655 1545 1878 1589 meum
1911 1535 1978 1589 et
2011 1525 2188 1592 labia
2227 1546 2378 1591 mea
2430 1523 2858 1589 detestabun-

1652 1622 1762 1677 tur
1783 1614 2078 1697 impium.

1656 1706 1722 1780 {I
1769 1700 2099 1766 Lectiones
2130 1701 2410 1784 feriales
2449 1701 2520 1765 in
2577 1699 2858 1767 historia

1658 1789 1739 1853 In
1771 1791 2110 1873 principi0.
2563 1787 2780 1852 Lectio
2791 1789 2854 1869 j.

1651 1880 1760 2009 l
1764 1879 1847 1941 sti
1872 1879 1888 1916 ¹
1911 1888 2305 1942 suntomnes
2319 1897 2655 1941 sermones
2681 1876 2811 1939 mei
2837 1897 2854 1941 :

1773 1986 1907 2030 non
1939 1976 2040 2031 est
2093 1968 2160 2029 in
2211 1968 2306 2029 eis
2358 1986 2635 2050 pravum
2689 1964 2854 2046 quid

1654 2074 1870 2137 neque
1929 2074 2327 2138 perversum.
2449 2054 2644 2117 Recti
2695 2061 2856 2115 sunt

1654 2142 2212 2225 intelligentibus:
2289 2151 2357 2207 et
2397 2142 2550 2225 equi
2601 2140 2852 2203 inveni-

1652 2232 1918 2296 entibus
1937 2232 2300 2295 scientiam.
2389 2230 2697 2312 Accipite
2716 2228 2852 2291 dis-

1650 2320 1965 2403 ciplinam
1986 2340 2204 2384 meam
2224 2330 2291 2383 et
2316 2338 2450 2383 non
2469 2316 2819 2401 pecuniam
2837 2336 2864 2384 ι

1650 2408 2021 2472 doctrinam
2113 2408 2528 2491 magisquam
2617 2424 2853 2472 aurum

1652 2497 1892 2581 eligite.
2535 2493 2747 2559 Lectio
2780 2493 2854 2576 ij.

1649 2586 2027 2719 Melior
2086 2595 2188 2650 est
2270 2585 2448 2649 enim
2525 2583 2856 2666 sapientia

1863 2676 2116 2739 cunctis
2147 2673 2456 2757 operibus
2509 2673 2852 2756 preciosis-

1648 2763 1872 2828 simis:
1928 2772 1997 2827 et
2045 2782 2242 2827 omne
2294 2759 2728 2825 desiderabile
2789 2760 2849 2824 ei

1651 2870 1786 2916 non
1863 2861 2087 2935 potest
2173 2851 2560 2934 comparari.
2696 2849 2852 2930 Ego

1650 2941 1979 3022 sapientia
2009 2940 2241 3006 habito
2299 2940 2366 3003 in
2416 2936 2734 3004 concilio:
2781 2946 2852 3000 et

1650 3028 1925 3092 eruditis
1957 3030 2272 3095 intersum
2320 3026 2851 3110 cogitationibus.

1650 3116 1884 3180 Timor
1923 3118 2176 3181 domini
2237 3116 2381 3180 odit
2444 3115 2733 3178 malum:
2781 3123 2852 3178 et

1650 3207 2098 3289 arrogantiam
2175 3215 2244 3270 et
2317 3204 2693 3287 superbiam
2783 3209 2853 3264 et

1649 3296 1828 3357 viam
1860 3313 2130 3377 pravam
2157 3315 2172 3358 ε
2217 3302 2286 3359 et
2318 3312 2392 3356 os
2411 3292 2708 3373 bilingue
2738 3289 2853 3353 de·-

1650 3391 1872 3448 testor.
2515 3378 2725 3442 Lectio
2758 3377 2854 3459 iij.

1649 3472 2016 3606 Meum
2064 3479 2164 3536 est
2193 3468 2538 3536 consilium
2577 3477 2644 3530 et
2674 3467 2858 3547 equi-

1865 3568 2016 3624 tas:
2093 3578 2244 3622 mea
2303 3567 2404 3622 est
2464 3555 2854 3641 prudentia:

1654 3667 1805 3710 mea
1837 3656 1938 3710 est
1968 3646 2288 3714 fortitudo
2315 3667 2330 3710 :
2377 3665 2496 3728 per
2529 3663 2638 3706 me
2669 3661 2858 3724 reges

1654 3745 1972 3815 regnant:
2047 3745 2115 3799 et
2175 3734 2398 3817 legum
2483 3730 2856 3797 conditores

1648 3825 1836 3906 justa
1891 3823 2272 3888 decernunt.
2365 3822 2488 3884 Per
2518 3841 2624 3883 me
2679 3819 2858 3902 prin—

1658 3914 1838 3995 cipes
1869 3913 2241 3995 imperant3
2288 3919 2358 3975 et
2401 3918 2710 3993 potentes
2741 3907 2862 3970 de-

1656 4010 1936 4066 cernunt
2011 4001 2366 4082 justiciam.
2489 3998 2640 4079 Ego
2714 3995 2864 4059 dili-

1654 4099 1890 4174 gentes
1923 4110 2030 4153 me
2059 4089 2307 4171 diligo;
2369 4095 2439 4156 et
2491 4087 2604 4168 qui
2665 4104 2863 4148 mane

1656 4177 2076 4261 vigilaverint
2107 4178 2192 4240 ad
2226 4197 2331 4240 me
2365 4175 2699 4239 invenient
2731 4193 2862 4236 me.

1660 4271 1723 4346 (Ι
1739 4264 2489 4334 Dominicaakalendas²
2499 4261 2868 4345 septembris

1658 4377 1857 4438 usque
1874 4355 1972 4424 ad
1995 4355 2279 4420 medium
2308 4352 2588 4436 ejusdem
2611 4349 2871 4418 mensis.

1948 4545 1970 4575 ²
1999 4543 2252 4594 kalendis:
2296 4541 2455 4592 ΜΝ.
