3375 5100
1242 349 1638 407 CORPORIS
1688 348 2038 405 CHRISTI.

855 473 864 482 ·
932 460 1086 516 583

391 563 600 626 crucis
612 563 898 629 hostiam
919 565 1163 649 optulit
1185 565 1202 604 ¹
1229 566 1358 630 deo
1370 566 1543 648 patri
1569 587 1584 629 ε

390 653 782 734 sanguinem
836 675 1027 718 suum
1081 655 1250 719 fudit
1309 656 1376 718 in
1437 674 1582 738 pre-

387 741 563 804 cium
595 743 791 805 simul
837 752 906 807 et
957 743 1328 808 lavacrum:
1376 753 1453 806 ut
1484 763 1584 806 re-

388 828 642 911 dempti
673 851 714 894 a
742 833 1056 896 servitute
1101 831 1494 896 miserabili:
1542 853 1582 895 a

388 921 678 999 peccatis
722 921 1030 984 omnibus
1092 921 1574 985 mundaremur.

389 1005 480 1069 Et
513 1017 584 1070 ut
616 1011 783 1071 tanti
808 1008 1107 1073 beneficii
1149 1010 1328 1092 jugis
1361 1011 1427 1072 in
1460 1029 1576 1072 no-

381 1092 484 1157 bis
543 1107 838 1161 maneret
907 1098 1265 1161 memoria:
1342 1118 1577 1180 corpus

379 1202 570 1247 suum
641 1185 707 1248 in
767 1187 988 1250 cibum
1058 1195 1127 1250 et
1184 1186 1572 1268 sanguinem

377 1291 570 1335 suum
603 1274 668 1335 in
700 1284 933 1355 potum
981 1274 1106 1338 sub
1135 1275 1352 1357 specie
1382 1275 1573 1356 panis

375 1369 444 1423 et
473 1361 605 1424 vini
631 1361 936 1428 fidelibus
967 1364 1362 1427 sumendum
1387 1363 1570 1426 dere—

375 1446 586 1530 liquit.
633 1450 750 1514 Re.
801 1452 1183 1516 Comedetis
1227 1471 1456 1515 carnes
1501 1461 1570 1516 et

375 1539 828 1602 saturabimini
889 1541 1190 1622 panibus,
1285 1539 1422 1602 Iste
1467 1551 1567 1604 est

372 1627 564 1706 panis
596 1648 794 1709 quem
825 1629 1012 1693 dedit
1039 1629 1227 1692 vobis
1257 1627 1566 1692 dominus

372 1714 459 1777 ad
504 1717 922 1780 vescendum.
970 1734 1017 1803 γ
1081 1717 1236 1780 Non
1299 1737 1564 1799 moyses

373 1802 560 1866 dedit
603 1805 790 1867 vobis
836 1825 1078 1887 panem
1125 1806 1209 1869 de
1253 1804 1398 1868 celo
1444 1807 1560 1870 sed

367 1898 560 1971 pater
589 1913 772 1956 meus
803 1894 923 1956 dat
965 1894 1154 1958 vobis
1201 1914 1443 1977 panem
1476 1895 1562 1958 de

369 1978 511 2042 celo
542 2001 792 2044 verum.
840 1982 993 2046 Iste.
1219 1983 1434 2046 Lectio
1465 1983 1558 2065 iij.

377 2069 500 2200 O
529 2070 902 2150 preciosum
956 2091 1194 2153 corpus
1244 2079 1316 2133 et
1347 2071 1560 2134 admi-

527 2158 806 2223 randum
851 2160 1224 2222 convivium
1269 2158 1560 2223 salutife-

365 2262 549 2309 rum:
627 2256 694 2310 et
741 2250 922 2310 omni
973 2249 1297 2311 suavitate
1352 2248 1559 2329 reple-

361 2340 524 2396 tum.
615 2335 796 2418 Quid
851 2337 1026 2400 enim
1087 2336 1213 2399 hoc
1258 2337 1558 2400 convivio

360 2423 715 2501 preciosius
763 2444 906 2487 esse
968 2425 1233 2506 potest?
1302 2425 1367 2488 in
1421 2445 1555 2507 quo

363 2527 496 2573 non
546 2531 776 2577 carnes
824 2513 1180 2578 vitulorum
1235 2522 1303 2578 et
1343 2513 1554 2578 hirco-

360 2618 498 2661 rum
535 2609 609 2663 ut
661 2600 820 2665 olim
875 2602 940 2665 in
993 2602 1136 2683 lege
1183 2602 1300 2665 sed
1362 2604 1553 2667 nobis

361 2686 661 2753 Christus
731 2690 1091 2754 sumendus
1165 2693 1552 2774 proponitur

356 2795 546 2839 verus
567 2777 745 2842 deus.
793 2777 973 2860 Quid
994 2778 1120 2844 hoc
1138 2790 1549 2845 sacramento

357 2864 764 2931 mirabilius?
857 2868 936 2931 In
963 2870 1107 2950 ipso
1139 2888 1402 2950 nanque
1433 2889 1550 2950 pa-

351 2954 452 3015 nis
484 2964 552 3017 et
581 2955 810 3018 vinum
842 2957 907 3019 in
939 2976 1174 3040 corpus
1209 2956 1448 3021 Christi
1480 2967 1548 3022 et

351 3042 782 3124 sanguinem:
828 3044 1345 3110 substantialiter
1387 3065 1546 3109 con-

347 3141 706 3196 vertuntur.
859 3133 1154 3217 Ideoque
1245 3134 1542 3199 Christus

348 3219 512 3282 deus
571 3230 640 3284 et
699 3220 902 3285 homo
961 3222 1328 3305 perfectus:
1417 3223 1540 3287 sub

346 3308 587 3371 modici
621 3310 810 3392 panis
854 3319 923 3374 et
973 3310 1106 3375 vini
1140 3311 1355 3393 specie
1385 3331 1540 3377 con-

343 3396 604 3461 tinetur.
709 3398 1155 3462 Manducatur
1215 3399 1438 3481 itaque
1499 3420 1540 3463 a

344 3483 649 3549 fidelibus
701 3486 818 3549 sed
875 3487 1148 3550 minime
1197 3486 1536 3552 laceratur.

342 3571 661 3654 Quinimo
685 3576 710 3613 ²
741 3576 951 3639 diviso
971 3584 1383 3639 sacramento
1405 3598 1420 3639 ε
1440 3576 1537 3640 in-

338 3670 526 3743 teger
547 3663 671 3727 sub
700 3662 1000 3747 qualibet
1021 3664 1360 3727 divisionis
1391 3685 1537 3747 par-

339 3749 539 3813 ticula
587 3762 979 3835 perseverat.
1041 3753 1157 3817 Re.
1207 3754 1536 3836 Respexit

337 3836 574 3920 helyas
597 3842 682 3905 ad
716 3850 918 3924 caput
950 3862 1144 3905 suum
1175 3842 1536 3905 subcineri-

337 3926 514 3990 cium
544 3949 787 4010 panem
811 3931 923 4013 qui
944 3950 1218 4013 surgens
1244 3930 1534 3995 comedit

333 4025 400 4078 et
433 4016 615 4082 bibit.
661 4036 668 4045 ·
695 4017 784 4081 Et
808 4018 1170 4082 ambulavit
1191 4020 1256 4081 in
1276 4019 1534 4082 fortitu-

330 4103 485 4166 dine
517 4105 644 4169 cibi
678 4105 849 4170 illius
881 4126 1093 4189 usque
1115 4107 1201 4171 ad
1235 4117 1532 4171 montem

327 4192 452 4255 dei.
477 4211 524 4280 γ
540 4194 610 4259 Si
632 4196 780 4277 quis
799 4195 1389 4259 manducaveritex
1409 4194 1534 4260 hoc

326 4283 684 4361 panevivet
714 4284 780 4346 in
831 4294 1148 4349 eternum.
1196 4284 1286 4347 Et
1303 4284 1535 4347 ambu-

326 4367 500 4435 lavit.
551 4370 778 4436 Gloria
796 4374 984 4456 patri.
1049 4373 1139 4437 Et
1158 4372 1536 4438 ambulavit.

557 4509 570 4537 ¹
607 4508 820 4559 obtulit:
855 4509 1012 4559 W.N.

557 4576 578 4605 ²
613 4575 942 4639 Quinimmo:
977 4576 1044 4626 N.

2202 461 2354 517 534

1683 563 1769 626 In
1803 563 1871 645 ij.
1934 573 2237 629 nocturno
2292 575 2398 631 αῆ.
2492 569 2753 645 Memor
2794 571 2881 635 sit

1683 651 1995 716 dominus
2026 654 2321 718 sacrificii
2356 658 2561 720 nostri
2594 668 2662 721 et
2693 658 2880 722 holo-

1683 751 1985 804 caustum
2050 752 2345 806 nostrum
2421 746 2667 828 pingue
2741 747 2873 812 fiat.

1667 837 1770 909 pf.
1822 830 2180 895 Exaudiat.
2227 841 2331 896 αῆ.
2380 832 2654 897 Paratur
2684 836 2876 900 nobis

1681 937 1911 982 mensa
1971 920 2221 982 domini
2282 921 2593 985 adversus
2644 918 2874 988 omnes

1678 1007 1791 1086 qui
1842 1007 2160 1070 tribulant
2214 1028 2352 1072 nos,
2384 1019 2486 1090 pff.
2536 1011 2869 1076 Dominus

1677 1094 1847 1175 regit
1868 1115 1989 1158 me.
2036 1105 2140 1160 ανῖ.
2177 1096 2255 1159 In
2280 1118 2441 1160 voce
2466 1099 2871 1164 exultation-

1675 1182 1732 1244 is
1780 1193 2090 1246 resonant
2136 1184 2481 1266 epulantes
2526 1188 2591 1250 in
2640 1209 2869 1254 mensa

1673 1270 1953 1356 domini.
1972 1281 2073 1354 pff.
2121 1272 2704 1354 Quemadmodum
2752 1278 2864 1341 de-

1671 1359 1933 1422 siderat.
1980 1377 2023 1446 y
2076 1361 2337 1425 Cibavit
2365 1365 2479 1427 eos
2529 1384 2617 1427 ex
2670 1367 2867 1450 adipe

1675 1445 2037 1512 frumenti.⁸
2128 1450 2220 1513 Et
2280 1451 2363 1513 de
2422 1459 2611 1534 petra
2670 1455 2867 1519 melle

1667 1537 1988 1599 saturavit
2019 1558 2134 1600 eos
2165 1538 2446 1604 alleluia.
2563 1541 2704 1605 Lec.
2739 1543 2860 1625 iiis:

1685 1625 1843 1760 U
1870 1625 2004 1688 nde
2049 1635 2123 1690 ut
2169 1627 2423 1710 integro
2464 1630 2863 1695 celebritatis

1860 1714 2076 1778 officio
2137 1715 2613 1782 institutionem
2689 1721 2861 1784 tanti

1663 1804 2056 1866 sacramenti
2116 1804 2472 1868 solenniter
2546 1807 2861 1873 recoleret

1664 1887 1856 1970 plebs
1899 1889 2155 1955 fidelis:
2188 1913 2497 1957 romanus
2548 1897 2853 1977 pontifex

1663 1977 1951 2041 urbanus
2040 1989 2312 2061 quartus
2383 1981 2579 2064 hujus
2638 2004 2854 2048 sacra·-

1663 2066 1870 2128 menti
1901 2067 2253 2132 devotione
2284 2070 2558 2134 affectus
2579 2071 2686 2154 pie
2716 2082 2853 2137 sta-

1659 2154 1788 2216 tuit
1834 2155 2086 2236 prefate
2128 2157 2555 2222 institutionis
2602 2179 2854 2223 memo-

1658 2241 1823 2304 riam
1876 2244 2089 2325 prima
2162 2246 2395 2327 quinta
2467 2246 2625 2312 feria
2700 2258 2854 2330 post

1657 2339 1927 2394 octavas
1985 2332 2447 2414 penthecostes
2506 2355 2546 2399 a
2598 2338 2850 2401 cunctis

1657 2416 1965 2482 fidelibus
1994 2421 2305 2484 celebrari
2352 2433 2426 2486 ut
2456 2424 2569 2506 qui
2599 2445 2718 2506 per
2748 2434 2849 2489 to-

1656 2512 1799 2571 tum
1862 2508 2017 2572 anni
2076 2509 2387 2575 circulum
2448 2511 2574 2577 hoc
2634 2533 2847 2578 sacra-

1655 2605 1883 2660 mento
1916 2600 2161 2662 utimur
2190 2601 2275 2664 ad
2329 2600 2657 2667 salutem:
2703 2604 2848 2686 ejus

1653 2684 2135 2751 institutionem
2244 2688 2361 2752 illo
2478 2691 2848 2774 specialiter

1651 2781 1950 2857 tempore
1980 2776 2346 2841 recolamus
2375 2799 2389 2842 :
2422 2798 2556 2860 quo
2578 2780 2845 2862 spiritus

1648 2872 1915 2926 sanctus
1946 2864 2145 2928 corda
2188 2866 2653 2949 discipulorum
2686 2870 2847 2933 edo-

1647 2950 1787 3014 cuit
1811 2952 1895 3015 ad
1921 2952 2114 3034 plene
2136 2956 2595 3036 cognoscenda
2617 2956 2729 3039 huj
2738 2978 2843 3021 us-

1649 3040 1831 3103 modi
1861 3045 2254 3105 sacramenti
2284 3046 2612 3126 mysteria.
2658 3044 2839 3109 Nam

1647 3128 1757 3191 in⁴
1806 3129 2041 3193 eodem
2096 3139 2394 3213 tempore
2425 3132 2668 3215 incepit
2712 3133 2841 3199 hoc

1641 3228 2128 3283 sacramentum
2154 3240 2195 3281 a
2217 3218 2516 3283 fidelibus
2537 3220 2837 3303 frequen-

1641 3305 1781 3369 tari.
1870 3307 1987 3371 Re.
2037 3307 2233 3371 Panis
2262 3328 2455 3389 quem
2500 3329 2625 3390 ego
2659 3310 2838 3374 dabo

1641 3413 1795 3457 caro
1847 3412 1997 3459 mea
2044 3404 2145 3459 est
2205 3416 2324 3479 pro
2374 3397 2605 3459 mundi
2652 3398 2834 3463 vita:

1639 3480 1990 3563 litigabant
2049 3503 2209 3566 ergo
2262 3484 2446 3565 judei
2522 3484 2831 3551 dieentes,

1639 3568 1999 3651 Quomodo
2031 3581 2255 3654 potest
2297 3571 2403 3634 hic
2450 3571 2643 3636 nobis
2671 3573 2831 3637 dare

1639 3676 1902 3721 carnem
1934 3681 2122 3723 suam
2156 3660 2241 3724 ad
2275 3660 2827 3727 manducandum.

1637 3762 1680 3831 y
1734 3746 2029 3810 Locutus
2089 3756 2191 3811 est
2264 3747 2553 3830 populus
2597 3758 2829 3813 contra

1635 3834 1981 3898 dominum
2009 3857 2023 3899 :
2057 3836 2283 3899 anima
2304 3842 2527 3899 nostra
2550 3848 2829 3903 nauseat

1635 3942 1835 4005 super
1868 3924 2016 3987 cibo
2048 3925 2175 3987 isto
2206 3923 2555 3989 levissimo,
2644 3924 2830 4006 Quo-

1635 4012 1856 4076 modo,
2526 4014 2739 4079 Lectio
2768 4036 2829 4080 v.

1653 4103 1810 4237 U
1818 4110 1847 4165 t
1905 4109 2127 4164 autem
2202 4101 2503 4182 predicta
2594 4104 2827 4186 quinta

1816 4189 2015 4253 seria:
2061 4198 2128 4253 et
2173 4209 2291 4272 per
2320 4200 2591 4254 octavas
2634 4212 2829 4274 sequ-

1635 4288 1823 4343 entes
1898 4278 2197 4362 ejusdem
2261 4279 2569 4343 salutaris
2640 4280 2827 4345 insti-

1636 4368 1913 4433 tutionis
1980 4366 2523 4434 honorificentius
2589 4378 2832 4453 agatur

1852 4506 1872 4537 ⁸
1909 4505 2049 4555 ‘Re.'
2070 4504 2199 4553 add:
2232 4504 2302 4554 N.

1855 4574 1875 4605 ⁴
1912 4571 2189 4622 ‘in’om.:
2230 4570 2298 4622 N.
