3375 5100
1252 317 1415 387 QUA
1424 317 1591 372 ΒΕΑ
1602 319 1938 374 GESJME.

868 426 1025 482 805

324 533 707 614 familiares
764 542 869 596 etc.
960 542 1035 595 ut
1090 543 1302 614 supra.
1414 533 1537 594 Ad

338 623 533 685 horas
583 631 657 684 ut
704 621 772 683 in
810 620 995 701 jeria
1039 621 1312 684 secunda
1352 620 1529 683 ebdo-

342 710 530 774 made
562 709 967 792 precedentis.
1079 709 1203 771 Aa'
1241 719 1530 790 vesperas

341 799 411 860 in
470 819 720 880 evange.
782 806 887 861 ar'i.
990 795 1122 879 Qui
1184 817 1291 860 me
1352 797 1530 860 misit

342 908 600 951 mecum
648 895 787 950 est:
832 895 902 948 et
948 906 1079 948 non
1129 885 1388 967 reliquit
1420 905 1529 949 me

340 975 553 1040 solum
604 977 759 1057 quia
809 995 937 1056 que
986 973 1229 1056 placita
1278 982 1432 1037 sunt
1467 975 1526 1036 ei

339 1063 509 1146 facio
538 1083 813 1146 semper.
890 1071 988 1144 pf.
1035 1061 1439 1143 Magnificat.

340 1154 695 1283 Adesto
725 1150 1218 1234 supplicationi·
1254 1149 1524 1234 [Oratio.

504 1241 626 1304 bus
648 1242 885 1304 nostris
905 1240 1323 1320 omnipotens
1334 1240 1493 1302 deus
1514 1260 1527 1302 :

339 1339 406 1392 et
436 1331 674 1411 quibus
706 1328 1015 1392 fiduciam
1040 1327 1362 1409 sperande
1394 1329 1528 1409 pie-

339 1419 496 1480 tatis
545 1416 846 1499 indulges
907 1424 1219 1478 consuete
1280 1415 1527 1478 miseri-

339 1507 557 1569 cordie
604 1507 817 1569 tribue
848 1505 1173 1586 benignus
1203 1503 1525 1568 effectum.

344 1595 465 1656 Per
494 1595 853 1656 dominum.

344 1687 405 1759 ff
450 1682 647 1746 Feria
679 1682 773 1764 iij.
1242 1679 1456 1744 Lectio
1464 1680 1525 1762 j.

337 1773 705 1902 Rursum
727 1791 923 1852 ysaac
942 1770 1058 1833 ¹ad
1086 1769 1291 1833 filium
1316 1788 1525 1832 suum.

486 1859 843 1942 Quomodo
874 1860 1085 1941 inquit
1109 1867 1248 1921 tam
1266 1859 1399 1920 cito
1432 1858 1527 1921 in-

340 1949 559 2010 venire
591 1948 862 2030 potuisti
896 1948 985 2011 fili
1018 1949 1107 2010 mi
1136 1947 1159 2008 ?
1250 1945 1381 2028 Qui
1430 1966 1526 2008 re—

339 2036 623 2117 spondit.
718 2037 1043 2099 Voluntas
1105 2034 1208 2097 dei
1270 2033 1392 2096 fuit
1455 2043 1527 2097 ut

339 2125 471 2186 cito
521 2123 678 2186 mihi
722 2132 1085 2186 occurreret
1124 2122 1302 2205 quod
1350 2122 1527 2191 mle-

341 2213 511 2275 bam.
606 2213 928 2293 Dixitque
959 2231 1173 2294 ysaac
1258 2210 1527 2273 Accede

340 2299 465 2363 huc
527 2309 601 2364 ut
660 2310 959 2384 tangam·
993 2309 1061 2363 te
1123 2299 1211 2361 fili
1275 2299 1405 2361 mi:
1459 2307 1527 2361 et

338 2389 609 2470 probem
642 2399 861 2453 utrum
892 2398 963 2452 tu
998 2390 1086 2452 sis
1128 2387 1297 2450 filius
1345 2407 1529 2450 meus

338 2497 492 2539 esau
525 2497 609 2539 an
645 2498 793 2541 non.
1214 2475 1427 2539 Lectio
1459 2476 1527 2558 ij.

334 2568 733 2695 Accessit
793 2566 901 2630 ille
962 2566 1045 2630 ad
1106 2576 1413 2648 patrem:
1461 2574 1527 2629 et

501 2654 772 2737 palpato
860 2676 941 2717 eo
1029 2655 1201 2719 dixit
1275 2674 1474 2736 ysaac
1512 2676 1525 2717 :

336 2742 491 2805 Vox
536 2745 805 2824 quidem
838 2765 973 2807 vox
1010 2743 1208 2824 jacob
1262 2751 1362 2805 est
1407 2743 1521 2805 sed

338 2851 613 2895 manus:
676 2852 911 2895 manus
965 2839 1119 2895 sunt
1168 2851 1340 2893 esau.
1435 2831 1524 2894 Et

334 2940 465 2982 non
488 2922 799 3001 cognovit
819 2920 1087 3002 ysaac²z
1132 2920 1287 3000 quia
1317 2917 1525 2999 pilose

334 3028 569 3071 manus
592 3008 1086 3072 similitudinem
1110 3007 1377 3088 majoris
1406 3028 1523 3069 ex-

334 3106 722 3178 presserant.
1186 3096 1395 3158 Lectio
1427 3094 1521 3175 iij.

330 3186 823 3315 Beoedicens
872 3205 1030 3267 ergo
1078 3182 1170 3247 illi
1217 3184 1325 3247 ait.
1416 3182 1521 3245 Tu

474 3294 544 3335 es
607 3273 775 3336 filius
838 3294 1023 3338 meus
1083 3272 1299 3335 esau?
1393 3272 1523 3334 Re-

328 3362 615 3442 spondit.
718 3362 867 3443 Ego
942 3382 1103 3425 sum.
1194 3360 1317 3424 Ait
1394 3358 1518 3423 ille.

328 3448 519 3512 Affer
570 3449 729 3513 mihi
780 3452 991 3532 inquit
1045 3450 1227 3512 cibos
1277 3448 1361 3511 de
1411 3468 1519 3510 ve-

328 3539 593 3602 natione
639 3548 753 3601 tua
800 3538 889 3601 fili
938 3539 1027 3602 mi
1070 3547 1143 3601 ut
1172 3536 1519 3600 benedicat

326 3626 445 3688 tibi
495 3628 715 3690 anima
754 3648 917 3691 mea.
1010 3625 1196 3709 Quos
1242 3645 1391 3689 cum
1425 3624 1518 3687 al-

325 3712 535 3776 latos⁸
564 3717 959 3779 comedisset
988 3738 1001 3779 :
1047 3714 1286 3778 obtulit
1317 3714 1517 3775 etiam

325 3803 567 3866 vinum.
660 3804 815 3886 Quo
861 3803 1143 3867 hausto:
1206 3803 1380 3865 dixit
1431 3801 1517 3864 ad

324 3910 493 3954 eum.
586 3892 851 3957 Accede
884 3895 966 3956 ad
1002 3912 1107 3954 me
1139 3901 1205 3955 et
1238 3893 1325 3954 da
1357 3888 1515 3951 mihi

326 3979 621 4043 osculum
655 3980 745 4044 fili
780 3982 886 4045 mi.
979 3981 1282 4045 Accessit
1313 3987 1380 4041 et
1412 3998 1516 4039 os-

325 4066 579 4131 culatus
640 4080 741 4133 est
803 4090 972 4133 eum.
1063 4069 1145 4133 In
1195 4065 1516 4147 evangelio

323 4164 427 4218 αῆ.
552 4158 744 4222 Unus
804 4168 905 4223 est
964 4158 1141 4221 enim
1204 4156 1517 4237 magister

2149 427 2306 482 306

1636 531 1984 666 Perfice
2093 553 2450 616 quesumus
2566 537 2834 601 domine

1793 623 2117 703 benignus
2210 624 2276 686 in
2353 625 2545 686 nobis
2613 626 2834 688 obser-

1636 711 1858 772 vantie
1948 720 2176 773 sancte
2257 713 2624 776 subsidium
2661 735 2675 777 :
2760 723 2833 776 ut

1637 817 1768 880 que
1809 807 1876 861 te
1925 807 2192 862 auctore
2241 800 2542 864 facienda
2587 821 2832 883 cogno-

1635 886 1886 950 vimus:
1925 895 1992 950 te
2023 887 2390 969 opitulante
2421 889 2830 972 impleamus,

1640 975 1763 1038 Per
1792 975 2152 1039 dominum.
2243 977 2367 1040 Ad
2389 989 2694 1060 vesperas,
2760 978 2829 1041 in

1632 1083 1886 1144 evange.
1934 1072 2039 1128 an.
2133 1063 2266 1146 Qui
2312 1065 2525 1146 major
2559 1074 2659 1129 est
2687 1086 2830 1130 ves-

1635 1158 1810 1214 trum
1854 1153 1976 1214 erit
2026 1151 2322 1216 minister
2364 1163 2627 1217 vester:
2675 1156 2831 1237 quia

1636 1240 1852 1303 omnis
1913 1240 2026 1321 qui
2085 1260 2159 1302 se
2218 1241 2472 1304 exaltat
2525 1241 2828 1306 humilia-

1636 1327 1814 1391 bitur
1866 1329 2026 1391 dicit
2085 1328 2410 1394 dominus
2486 1340 2585 1412 pff.
2636 1331 2828 1414 Mag-

1636 1416 1880 1480 nificat.
2579 1419 2826 1484 Oratio.

1633 1506 2104 1635 propiciare
2172 1506 2438 1570 domine
2498 1507 2823 1591 supplica-

1789 1595 2077 1657 tionibus
2146 1597 2384 1658 nostris
2445 1605 2512 1658 et
2571 1597 2826 1660 anima-

1636 1701 1780 1743 rum
1803 1693 2170 1746 nostrarum
2205 1683 2470 1746 medere
2500 1682 2826 1766 languori-

1635 1768 1760 1832 bus
1815 1780 1888 1833 ut
1950 1771 2328 1834 remissione
2386 1783 2693 1855 percepta
2758 1774 2824 1836 in

1634 1866 1750 1920 tua
1832 1879 2090 1941 semper
2149 1860 2608 1924 benedictione
2671 1861 2826 1926 lete—

1635 1965 1799 2008 mur.
1894 1947 2016 2010 Per
2045 1949 2406 2011 dominum.

2541 2037 2754 2100 Lectio
2767 2039 2830 2119 j.

1765 2124 2086 2205 tatimque
2126 2131 2199 2186 ut
2242 2124 2444 2187 sensit
2476 2126 2830 2188 vestimen-

1762 2221 1980 2274 torum
2071 2211 2244 2274 illius
2348 2211 2771 2294 fragrantiam
2811 2236 2824 2278 :

1632 2297 2028 2363 benedicens
2079 2300 2185 2362 ait.
2280 2299 2454 2363 Ecce
2502 2301 2667 2363 odor
2715 2302 2827 2364 filii

1636 2388 1764 2450 mei
1815 2389 1984 2450 sicut
2041 2389 2206 2451 odor
2257 2389 2393 2470 agri
2457 2386 2672 2471 pleni:
2720 2393 2822 2453 cui

1634 2475 1979 2539 benedixit
2048 2477 2371 2540 dominus
2493 2478 2630 2540 Det
2702 2479 2821 2541 tibi

1635 2565 1942 2629 dominus
2004 2569 2167 2629 deus
2227 2567 2306 2628 de
2370 2587 2511 2629 rore
2573 2566 2693 2630 celi
2757 2579 2824 2632 et

1634 2653 1719 2716 de
1767 2655 2166 2735 pinguedine
2216 2663 2385 2717 terre
2433 2654 2821 2719 habundan-

1633 2743 1796 2805 tiam
1847 2743 2153 2806 frumenti
2231 2744 2361 2805 vini
2454 2752 2524 2806 et
2568 2745 2694 2807 olei
2756 2756 2826 2809 et

1633 2832 1920 2893 serviant
1980 2832 2097 2894 tibi
2149 2831 2376 2914 populi
2427 2842 2495 2895 et
2547 2834 2825 2897 adorent

1633 2928 1700 2981 te
1733 2920 1956 2983 tribus,
2512 2921 2723 2985 Lectio
2755 2923 2824 3004 ij.

1632 3008 1883 3139 Esto
1915 3008 2223 3071 dominus
2255 3006 2526 3071 fratrum
2560 3019 2822 3073 tuorum

1780 3105 1846 3159 et
1907 3096 2322 3159 incurventur
2381 3106 2535 3161 ante
2589 3108 2656 3161 te
2708 3098 2821 3161 filii

1633 3184 1860 3245 matris
1934 3192 2063 3247 tue.
2186 3181 2317 3265 Qui
2404 3184 2822 3251 maledixerit

1629 3270 1750 3333 tibi
1801 3271 1886 3333 sit
1947 3270 2053 3333 ille
2116 3271 2545 3337 maledictus:
2591 3283 2660 3337 et
2707 3276 2818 3357 qui

1629 3358 2043 3423 benedixerit
2086 3361 2206 3423 tibi
2253 3360 2819 3427 benedictionibus

1630 3447 1970 3528 repleatur.
2477 3449 2691 3513 Lectio
2722 3452 2815 3533 iij.

1644 3537 1868 3663 Vix
1920 3554 2118 3616 ysaac
2168 3555 2537 3599 sermonem
2586 3538 2816 3620 imple-

1792 3632 1974 3686 verat
2006 3631 2073 3685 et
2104 3642 2365 3704 egresso
2383 3624 2582 3705 jacob
2611 3626 2815 3691 foras:

1626 3712 1807 3775 venit
1865 3731 2021 3774 esau
2081 3722 2432 3793 coctosque
2483 3713 2566 3777 de
2618 3735 2816 3779 vena-

1625 3801 1806 3862 tione
1853 3798 2036 3861 cibos
2083 3800 2302 3863 intulit
2351 3803 2519 3882 patri
2567 3804 2812 3868 dicens,

1628 3888 1840 3969 Surge
1901 3896 2090 3969 pater
2151 3887 2240 3949 mi
2290 3896 2357 3951 et
2406 3892 2681 3954 comede
2731 3893 2815 3957 de

1625 3976 1975 4039 venatione
2027 3974 2140 4038 filii
2192 3976 2283 4039 tui
2341 3986 2414 4040 ut
2467 3978 2815 4044 benedicat

1627 4064 1786 4127 mihi
1835 4065 2056 4127 anima
2086 4074 2217 4127 tua.
2308 4065 2392 4129 In
2423 4087 2674 4149 evange.
2706 4080 2811 4134 an.

1619 4153 1792 4215 Ecce
1853 4153 2263 4215 ascendimus
2322 4153 2809 4222 hierosolimam

322 4254 539 4307 vester
596 4248 707 4328 qui
764 4249 829 4310 in
881 4246 1035 4310 celis
1083 4255 1183 4309 est
1218 4243 1513 4309 Christus
1615 4250 1683 4303 et
1704 4240 1874 4303 filius
1895 4240 2591 4308 hoministradeturad
2611 4249 2814 4310 cruci-

323 4333 645 4397 dominuS.
727 4344 826 4416 er‘.
894 4336 1301 4399 Benedictus,
1367 4332 1509 4396 Oro.
1616 4329 1969 4412 figendum.
1989 4330 2526 4411 p5.BenedictuS.

426 4502 437 4529 ¹
476 4502 603 4549 isaac
631 4521 643 4550 :
678 4503 742 4551 G.

1013 4505 1033 4532 ²
1066 4518 1155 4567 pro
1186 4502 1387 4565 ‘ysaac’
1415 4516 1525 4549 eum
1550 4518 1562 4549 :
1599 4498 1822 4548 E.G.W.

2666 4335 2811 4400 Of‘o.

2177 4500 2196 4527 ⁸
2227 4498 2423 4549 oblatos
2445 4519 2458 4549 ε
2496 4500 2555 4550 E.
2565 4501 2628 4551 G.
2639 4503 2720 4552 W.

2490 4615 2538 4665 X
