3375 5100
1048 349 1169 402 DE
1216 346 1665 403 DOMINICIS
1714 346 2256 402 ORDINANDIS.

940 456 1092 513 553

396 564 655 649 quando
681 564 1123 647 competentius
1166 562 1305 627 erit.
1400 566 1463 639 (Ι
1494 562 1598 624 De

395 654 718 717 dominica
759 652 1018 734 feriali.
1131 651 1227 715 Et
1273 649 1595 713 sciendam

394 741 572 823 quod
592 742 847 824 quando
860 741 956 825 fit
980 739 1300 804 dominica
1333 739 1597 820 inferia

395 830 465 893 in
472 830 828 911 ferialibus
848 830 1123 911 vesperis
1122 826 1598 910 precedentibus

394 930 639 1000 semper
676 918 925 982 dicetu’r
962 916 1311 999 antiphona
1353 915 1595 979 contin-

385 1008 583 1089 gens¹
600 1006 855 1089 feriam
876 1030 901 1071 .·
920 1016 982 1068 et
1008 1004 1214 1069 oratio
1229 1004 1594 1067 dedomini-

394 1116 470 1157 ca
478 1095 846 1177 precedente
871 1115 996 1158 non
1028 1094 1145 1157 illa
1170 1114 1289 1176 que
1320 1092 1389 1155 in
1417 1112 1593 1155 cras-

394 1185 533 1246 tino
581 1192 882 1265 sequetur
902 1183 927 1220 ²
970 1182 1067 1245 ad
1100 1180 1545 1263 expositionem
1566 1204 1593 1245 .-

394 1282 635 1353 excepto
676 1272 850 1354 quod
871 1270 1127 1355 quando
1171 1270 1480 1351 incipitur
1520 1269 1591 1332 in

378 1360 573 1441 seria
656 1360 933 1424 historia
1031 1360 1216 1422 Deus
1290 1357 1589 1421 omnium

396 1450 552 1530 quia
584 1458 737 1511 tunc
774 1448 1025 1512 dicetur
1048 1446 1256 1510 oratio
1298 1446 1379 1509 de
1415 1467 1589 1509 cras-

396 1537 532 1599 tino
555 1560 580 1601 .·
652 1546 716 1600 et
762 1537 859 1600 ad
904 1537 1267 1599 matutinas
1336 1534 1596 1617 legatur

394 1624 701 1706 expositio
772 1623 1093 1705 evangelii
1161 1642 1305 1686 cum
1382 1623 1592 1686 tribus

376 1712 625 1794 primis
667 1711 1112 1795 Responsoriis
1152 1711 1233 1774 de
1271 1710 1546 1774 historia
1566 1734 1593 1777 .·

392 1810 456 1864 et
525 1822 671 1864 cum
729 1800 1078 1883 antiphona
1136 1800 1215 1865 de
1263 1799 1591 1881 evangelio

392 1889 672 1969 ejusdem
701 1889 1013 1953 dominice
1050 1898 1241 1971 super
1251 1888 1587 1970 psalmum

395 1978 808 2041 Benedictus,
837 1978 979 2041 sine
1003 1976 1297 2059 precibus
1323 1986 1389 2039 et
1404 1988 1585 2058 pros-

393 2064 671 2128 tratione
725 2065 821 2129 ad
878 2066 1237 2129 matutinas
1281 2075 1346 2127 et
1386 2074 1588 2128 cetera

388 2154 607 2217 omnia
637 2153 735 2216 ad
756 2152 1115 2217 matutinas
1158 2162 1225 2216 et
1248 2152 1441 2217 horas
1468 2174 1587 2235 que

388 2241 486 2303 ad
490 2242 747 2323 feriam
765 2242 1091 2324 pertinent
1115 2262 1257 2305 cum
1302 2242 1589 2305 oratione

390 2329 470 2391 de
530 2329 650 2393 illa
706 2331 1046 2395 dominica.
1096 2335 1159 2408 (Ι
1205 2330 1302 2393 Et
1357 2338 1583 2394 notan-

390 2418 547 2480 dum
577 2418 752 2500 quod
794 2417 1049 2501 quando
1097 2418 1406 2500 incipitur
1447 2418 1581 2482 his-

390 2506 559 2570 toria
587 2508 769 2571 Deus
799 2508 1097 2572 omnium
1113 2507 1494 2589 ferialiter:
1520 2516 1585 2571 et

374 2596 600 2676 plures
620 2596 931 2660 dominice
956 2617 1195 2678 sequun
1202 2605 1315 2660 tur
1309 2595 1581 2678 fen'ali-

390 2693 491 2746 ter
516 2679 699 2747 nulla
743 2685 1065 2749 dominica
1110 2685 1586 2749 dominicaliter

386 2774 881 2837 interveniente.
878 2796 891 2811 ·
938 2783 1088 2836 tunc
1116 2773 1187 2836 in
1200 2774 1423 2856 prima
1469 2773 1581 2837 do-

384 2861 627 2924 minica
663 2861 913 2942 feriali
947 2862 1256 2925 dicantur
1301 2862 1583 2943 Respon-

384 2951 567 3012 soria
644 2950 829 3014 Deus
861 2952 1175 3015 omnium.
1250 2951 1581 3014 Dominus

384 3039 497 3118 qui
531 3039 787 3121 eripuit.
880 3039 1031 3121 Ego
1060 3049 1128 3102 te
1158 3037 1296 3103 tuli.
1372 3039 1456 3102 In
1486 3060 1581 3102 se-

380 3127 592 3189 cunda
650 3126 975 3190 dominica
1006 3126 1250 3208 fin‘ali
1296 3127 1581 3208 Respon-

376 3215 553 3277 soria
603 3216 944 3280 Prevaluit.
1038 3217 1305 3280 Montes
1327 3214 1581 3298 gelboe.

384 3303 759 3368 Exaudisti.
881 3302 966 3366 In
1014 3303 1207 3368 tertia
1258 3304 1581 3367 dominica

361 3391 610 3470 feriali
628 3391 1055 3474 Responsoria
1086 3391 1579 3456 Audidomine.

382 3480 751 3562 Preparate.
803 3481 1093 3544 Domine
1116 3483 1171 3543 si
1204 3501 1577 3544 conversus,

377 3567 461 3629 In
504 3579 743 3651 quarta
771 3569 1096 3632 dominica
1126 3568 1375 3650 feriali
1408 3571 1576 3632 rein-

374 3656 662 3737 cipiatur
703 3657 799 3720 ad
836 3657 1179 3721 secundum
1226 3658 1577 3740 Responsa-

376 3747 553 3807 rium
583 3745 663 3808 de
701 3745 925 3828 primo
984 3755 1285 3809 nocturno
1327 3745 1574 3810 scilicet.

375 3833 706 3896 Dominus
730 3835 755 3872 ³
777 3835 889 3917 qui
910 3835 1148 3917 eripuit
1172 3856 1185 3898 :
1210 3845 1272 3896 et
1290 3835 1384 3897 sic
1396 3832 1575 3897 dein-

370 3933 505 4003 ceps
514 3943 827 4004 quousque
836 3923 1161 3987 dominica
1172 3922 1574 3986 dominicali-

373 4021 474 4072 ter
516 4020 810 4074 cantetur
826 4035 850 4075 .·
892 4021 954 4074 et
982 4022 1135 4075 tunc
1180 4012 1249 4074 in
1267 4015 1575 4092 proxima

370 4099 589 4162 domin
596 4101 693 4163 ica
738 4100 981 4181 feriali
1002 4124 1025 4164 :
1068 4102 1207 4164 sive
1266 4100 1337 4163 in
1381 4100 1571 4181 feria

352 4187 693 4266 ferialiter
712 4190 974 4252 dicatur
984 4191 1207 4270 primo
1227 4189 1570 4271 Responso-

369 4277 546 4338 rium
578 4277 827 4357 feriale
894 4277 1129 4341 scilicet
1180 4278 1470 4342 Domine
1512 4277 1567 4340 si

366 4385 735 4430 conversus,
766 4375 827 4429 et
873 4375 1025 4429 tunc
1067 4367 1409 4430 secundum
1442 4367 1565 4429 Re-

570 4541 583 4568 ¹
626 4539 750 4587 ‘ad'
784 4541 913 4588 tuld:
959 4541 1111 4590 MN.

1418 4543 1437 4571 ²
1468 4549 1704 4606 sequatur
1716 4558 1731 4591 .·
1769 4541 1839 4591 N.

2217 454 2368 509 554

1697 560 2096 643 sponsorium
2127 570 2190 625 et
2217 560 2482 625 tertium
2513 559 2592 624 de
2615 558 2893 623 liis-toria

1695 660 1758 711 et
1784 649 1878 712 sic
1901 649 2198 731 deinceps.
2273 650 2406 715 Iste
2424 649 2578 712 ordo
2605 658 2898 712 servetur

1693 737 1774 800 de
1799 737 1956 801 aliis
2003 737 2342 801 dominicis
2352 736 2711 819 ferialibus
2752 758 2897 799 cum

1696 846 1933 889 necesse
1943 827 2166 909 fuerit
2191 847 2389 909 usque
2422 826 2519 889 ad
2540 825 2894 889 adventum

1693 914 1956 979 domini.
2061 914 2230 977 Item
2289 914 2761 997 providendum
2801 922 2898 977 est

1695 1012 1772 1065 ut
1841 1002 2124 1085 singulis
2180 1004 2375 1066 annis
2419 1001 2524 1065 die
2569 1001 2890 1065 dominica

1693 1090 1952 1173 quando
2013 1090 2327 1174 incipitur
2378 1090 2658 1155 historia
2700 1090 2893 1154 Ada-

1694 1179 1943 1261 periat:
1989 1179 2128 1243 sive
2175 1179 2531 1262 incipiatur
2575 1190 2726 1243 ante
2773 1178 2889 1241 ka-

1690 1268 1918 1331 lendas
1941 1266 2228 1333 Octobris
2270 1268 2374 1333 vel
2396 1276 2549 1351 post
2591 1267 2661 1332 in
2692 1268 2893 1349 incep-

1691 1358 1860 1419 tione
1897 1355 2174 1439 ejusdem
2202 1356 2470 1421 historie
2485 1378 2510 1420 .·
2551 1355 2888 1420 dicendum

1688 1454 1784 1507 est
1823 1444 2095 1527 officium
2160 1444 2473 1509 dominice
2524 1444 2710 1528 xviij.
2757 1445 2894 1509 nisi

1672 1532 1899 1613 suerit
1924 1533 2115 1597 litera
2142 1532 2551 1599 dominicalis
2570 1534 2633 1597 A
2667 1556 2692 1597 .·
2735 1543 2892 1596 tunc

1688 1620 1862 1684 enim
1923 1621 1993 1685 in
2034 1622 2376 1705 inceptione
2417 1622 2583 1686 dicte
2620 1621 2890 1687 historie

1687 1708 2026 1773 dicendum
2075 1719 2171 1774 est
2224 1711 2305 1775 de
2329 1709 2528 1793 officio
2575 1710 2888 1774 dominice

1682 1798 1844 1879 xvij.
1872 1803 1935 1876 (Ι
1955 1798 2346 1863 Deliistoria
2366 1800 2548 1864 Deus
2566 1800 2884 1867 omniurn.

1687 1886 1998 1951 Historia
2024 1886 2340 1967 siquidem
2364 1888 2548 1951 Deus
2585 1888 2882 1953 omnium

1687 1972 2039 2055 incipiatur
2056 1976 2329 2039 secunda
2331 1976 2521 2057 feria
2525 1985 2676 2058 post
2689 1975 2883 2039 trini·

1684 2071 1880 2125 tatem
1895 2083 1920 2125 .·
1965 2063 2071 2126 vel
2085 2063 2281 2127 tertia
2321 2064 2427 2127 vel
2467 2074 2706 2147 quarta
2759 2084 2882 2127 non

1682 2150 2055 2232 impediente
2108 2152 2286 2233 sesto
2373 2151 2470 2235 iij.
2533 2152 2884 2218 lectionum.

1686 2238 1830 2303 Sed
1847 2242 1915 2303 si
1928 2239 2212 2322 predicte
2253 2249 2383 2304 tres
2394 2242 2576 2322 serie
2600 2250 2886 2323 occupate

1662 2327 1940 2408 suerint
1974 2328 2182 2411 sestis
2242 2328 2330 2393 ix.
2381 2329 2720 2395 lectionum
2780 2329 2886 2392 vel

1679 2416 1924 2480 octavis
1965 2418 2177 2483 sancti
2217 2417 2565 2481 willelmi:
2609 2416 2877 2499 incipia-

1679 2514 1798 2570 tur
1819 2503 2100 2570 historia
2131 2505 2200 2570 in
2229 2506 2552 2572 dominica
2593 2516 2884 2589 sequente

1663 2597 1971 2676 proxima
2026 2605 2181 2678 post
2263 2605 2520 2660 octavas
2604 2596 2882 2678 corporis

1684 2682 1946 2749 Christi.
2035 2684 2138 2748 Et
2161 2685 2228 2749 si
2254 2683 2323 2748 in
2339 2683 2636 2766 predicta
2665 2684 2872 2749 domi·

1678 2772 1825 2836 nica
1879 2773 2136 2853 festum
2208 2773 2441 2855 duplex
2507 2773 2881 2855 contingat:

1657 2860 1799 2963 fiat
1824 2861 1906 2924 de
1914 2861 2138 2942 sesto:
2179 2871 2242 2925 et
2280 2861 2629 2943 differatur
2670 2861 2877 2925 domi-

1678 2950 1824 3013 nica
1883 2971 2080 3033 usque
2129 2950 2201 3014 in
2259 2950 2617 3014 crastinum
2669 2951 2775 3014 vel
2805 2950 2876 3013 in

1662 3037 1962 3120 primam
1975 3037 2235 3120 seriam
2267 3048 2598 3103 vacantem
2645 3038 2880 3102 scilicet

1678 3128 1942 3190 tertiam
1972 3127 2077 3191 vel
2099 3137 2404 3208 quartam
2435 3147 2562 3190 non
2590 3127 2878 3191 obstante

1663 3215 1841 3295 sesto
1872 3215 1966 3298 iij.
1997 3215 2332 3279 lectionum
2361 3225 2424 3279 et
2447 3215 2544 3279 sic
2585 3215 2664 3278 de
2689 3215 2876 3278 simi-

1676 3303 1848 3366 libus
1878 3304 1989 3367 illo
2034 3313 2316 3386 tempore.
2407 3303 2506 3368 Et
2529 3304 2594 3368 si
2620 3303 2874 3383 festum

1673 3391 1946 3474 simplex
1985 3392 2072 3456 ix.
2117 3392 2450 3456 lectionum
2501 3391 2571 3455 in
2618 3392 2736 3455 illa
2766 3391 2874 3454 do-

1675 3481 1919 3545 minica
1975 3480 2300 3544 eveneriet
2359 3480 2710 3562 differatur
2734 3481 2875 3561 ses-

1675 3577 1817 3631 tum
1847 3589 2046 3669 usque
2073 3569 2144 3631 in
2172 3569 2581 3632 crastinum:
2623 3568 2760 3632 nisi
2803 3567 2873 3631 in

1673 3657 1958 3721 crastino
1973 3667 2281 3740 sequatur
2296 3657 2491 3720 aliud
2494 3657 2751 3739 festum
2782 3656 2872 3720 ix.

1674 3745 2009 3809 lectionum
2071 3745 2174 3808 vel
2210 3745 2397 3826 forte
2455 3745 2734 3827 vigi‘·l1a
2710 3793 2725 3807 .
2803 3755 2876 3808 ut

1676 3835 1784 3915 vig
1793 3835 1914 3898 ilia
1956 3834 2173 3898 sancti
2207 3833 2529 3916 joliannis
2573 3833 2876 3914 baptiste:

1672 3923 1970 4004 sequitur
2006 3923 2262 4003 sestam
2321 3922 2536 3986 sancti
2575 3922 2829 3986 Albani
2851 3945 2876 3987 .·

1674 4011 1772 4074 ita
1794 4011 1969 4092 quod
2005 4031 2278 4093 congrue
2316 4009 2576 4092 differri
2616 4031 2740 4074 non
2758 4020 2874 4093 po-

1673 4109 1796 4162 test
1816 4122 1840 4163 .·
1887 4111 2040 4162 tunc
2093 4099 2266 4162 enim
2309 4099 2485 4164 debet
2527 4099 2879 4181 anticipari

1668 4189 1766 4251 ad
1787 4189 1958 4252 diem
2003 4187 2262 4252 sabbati
2289 4189 2718 4270 precedentem
2741 4212 2764 4251 .·
2811 4188 2877 4252 si

1668 4299 1713 4340 a
1748 4277 1925 4359 festo
1975 4277 2064 4340 ix.
2117 4277 2454 4340 lectionum
2524 4277 2868 4341 vacaverit.

1674 4366 1868 4446 Quod
1916 4367 1981 4430 si
2035 4366 2144 4430 die
2190 4365 2444 4430 sabbati
2485 4366 2737 4448 festum
2785 4365 2870 4430 ix.

2309 4541 2329 4568 ³
2364 4541 2542 4590 Deus:
2579 4541 2660 4590 W.
