3375 5100
715 274 1140 331 DOMINICA
1200 274 1502 329 TERTIA
1559 274 1681 329 ET
1724 274 2056 346 QUARTA
2114 275 2526 332 OCTOBRIS.

890 384 1050 439 605

363 492 680 557 mandata
706 498 814 555 :ut
835 510 1062 554 eamus
1075 488 1281 553 altera
1303 488 1426 553 via.
1463 488 1554 555 Et

361 591 438 645 ut
483 580 762 645 cessavit
803 579 982 662 loqui
1024 577 1225 642 verba
1253 577 1414 641 hec:
1447 597 1554 641 ac-

359 669 558 733 cessit
579 669 850 751 quidam
875 666 1116 749 judeus
1154 666 1222 729 in
1255 666 1552 729 omnium

363 757 568 821 oculis
656 755 1021 821 sacrificare
1095 754 1290 818 idolis
1357 774 1553 837 super

359 866 542 909 aram
605 846 670 908 in
724 844 990 909 civitate
1050 843 1276 908 modin
1323 862 1557 906 secun-

360 936 520 997 dum
547 933 804 1015 jussum
835 932 1023 1015 regis,
1231 930 1452 995 Lectio
1481 931 1550 1013 ij.

596 1022 764 1085 vidit
825 1018 1183 1085 matathias
1227 1028 1294 1083 et
1340 1018 1556 1083 doluit

509 1119 578 1175 et
607 1116 1140 1174 contremuerunt
1173 1128 1360 1171 renes
1390 1107 1552 1189 ejus,

361 1199 454 1262 Et
485 1219 798 1262 accensus
827 1206 929 1261 est
959 1196 1136 1260 furor
1153 1196 1294 1277 ejus
1324 1215 1554 1259 secun-

359 1288 518 1351 dum
548 1286 868 1369 judicium
910 1286 1114 1367 legis:
1161 1293 1228 1349 et
1259 1284 1552 1347 insiliens

357 1376 710 1441 trucidavit
732 1394 884 1439 eum
909 1393 1105 1455 super
1125 1392 1324 1435 aram.
1417 1370 1553 1437 Sed

358 1476 428 1529 et
476 1465 688 1528 virum
719 1482 918 1546 quem
965 1462 1231 1525 miserat
1262 1480 1378 1525 rex
1411 1460 1557 1523 An-

357 1552 617 1618 tiochus
678 1553 790 1634 qui
853 1548 1134 1632 cogebat
1207 1548 1552 1611 immolare

357 1642 600 1707 occidit
631 1641 697 1703 in
728 1640 873 1723 ipso
905 1648 1240 1720 tempore:
1273 1646 1337 1701 et
1370 1656 1554 1699 aram

359 1730 708 1794 destruxit.
800 1728 894 1791 Et
923 1726 1173 1791 zelatus
1202 1734 1305 1787 est
1337 1725 1554 1807 legem

357 1819 531 1883 sicut
562 1815 716 1881 fecit
744 1816 1018 1899 phinees
1048 1813 1250 1877 zamri
1283 1812 1417 1875 filio
1448 1834 1556 1876 sa·-

359 1906 536 1970 lomi.
1221 1900 1440 1965 Lectio
1459 1901 1557 1983 iij.

599 1991 1001 2057 exclamavit
1047 1988 1456 2054 Mathathias
1487 1990 1554 2052 in

509 2082 777 2145 civitate
806 2100 967 2144 voce
1011 2098 1256 2161 magna
1283 2079 1550 2143 dicens:

349 2170 602 2255 *Omnis
660 2170 774 2251 qui
849 2167 1062 2231 zelum
1138 2165 1342 2230 habet
1389 2164 1554 2247 legis

359 2268 658 2323 statuens
689 2264 1160 2322 testamentum
1184 2262 1385 2318 exeat
1404 2263 1557 2336 post

351 2368 485 2411 me.
578 2348 670 2411 Et
701 2346 868 2428 fugit
900 2345 1040 2426 ipse
1071 2351 1137 2407 et
1170 2342 1284 2406 filii
1309 2342 1453 2425 ejus
1484 2343 1552 2406 in

361 2444 658 2500 montes:
707 2444 776 2498 ct
835 2433 1233 2516 reliquerunt
1265 2451 1554 2514 quecun-

357 2546 491 2610 que
521 2522 862 2588 habebant
890 2522 956 2586 in
989 2521 1272 2586 civitate.
1368 2518 1490 2584 Tu.

378 2615 651 2748 Tunc
685 2619 1084 2694 congregata
1145 2608 1380 2711 [Lectio
1428 2630 1554 2691 ny.

526 2712 629 2766 est
658 2700 745 2765 ad
791 2720 905 2764 eos
950 2718 1295 2782 synagoga
1318 2698 1554 2779 judeo-

359 2811 506 2856 rum
538 2790 722 2853 sortis
754 2789 998 2852 viribus
1016 2808 1104 2851 ex
1137 2786 1366 2850 israel:
1411 2805 1554 2848 om-

361 2880 464 2942 nis
494 2877 938 2943 voluntarius¹
970 2876 1038 2939 in
1071 2876 1238 2957 lege.
1289 2876 1381 2939 Et
1411 2894 1552 2937 om-

357 2988 477 3033 nes
506 2967 619 3050 qui
651 2964 993 3049 fugiebant
1023 2984 1064 3027 a
1093 2963 1321 3028 malis:
1368 2963 1554 3028 addi-

355 3058 410 3121 ti
440 3065 596 3120 sunt
624 3054 711 3120 ad
744 3074 857 3118 eos
885 3075 900 3118 :
946 3061 1014 3118 et
1043 3051 1198 3116 sacti
1243 3061 1397 3116 sunt
1429 3051 1555 3116 illis

357 3146 445 3208 ad
478 3143 990 3208 firmamentum.
1256 3139 1470 3202 Lectio
1486 3161 1552 3202 v.

355 3235 535 3366 Et
593 3232 1001 3314 collegerunt
1059 3229 1426 3292 exercitum
1487 3235 1554 3291 et

506 3327 963 3404 percusserunt
1031 3325 1410 3400 peccatores
1487 3315 1553 3379 in

357 3410 455 3474 ira
484 3430 648 3476 sua:
694 3419 763 3473 et
779 3409 954 3472 viros
970 3406 1231 3488 iniquos
1251 3405 1317 3468 in
1339 3403 1552 3486 indig-

357 3499 625 3564 natione
655 3518 790 3561 sua.
884 3496 976 3560 Et
1017 3493 1216 3557 ceteri
1248 3493 1557 3575 fugerunt

354 3587 443 3651 ad
504 3587 806 3650 nationes
857 3591 932 3648 ut
979 3581 1350 3648 evaderent.
1462 3581 1555 3646 Et

356 3675 653 3741 circuivit
682 3672 1038 3739 matathias
1061 3677 1128 3734 et
1159 3671 1353 3734 amici
1372 3668 1554 3751 ejus:

356 3775 424 3830 et
455 3765 924 3828 destruxerunt
955 3780 1118 3824 aras,
1223 3757 1440 3822 Lectio
1468 3757 1553 3840 ψ’.

356 3857 536 3987 Et
594 3851 1119 3915 circunciderunt
1165 3867 1404 3930 pueros
1455 3847 1553 3908 in-

508 3941 899 4007 circuncisos
929 3944 1257 4021 quotquot
1288 3935 1552 3999 invene-

358 4041 512 4096 runt
541 4033 610 4094 in
663 4029 901 4092 finibus
954 4024 1146 4088 israel
1178 4025 1244 4087 in
1292 4023 1552 4087 sortitu-

357 4121 548 4184 dine:

357 4207 676 4291 superbie.

359 4318 528 4380 opus
559 4297 626 4360 in
675 4314 875 4360 manu
928 4310 1176 4356 eorum.
1268 4290 1362 4354 Et
1389 4288 1559 4354 obti-

775 4424 789 4452 ¹
826 4418 1130 4484 voluptarius
1156 4436 1168 4468 :
1203 4418 1284 4466 W.

775 4491 796 4521 ²
827 4487 1093 4538 batharra:
1129 4485 1194 4534 N.

2162 385 2321 439 606

1657 498 1939 553 nuerunt
1971 489 2185 573 legem
2230 491 2313 553 de
2366 491 2669 556 manibus
2698 513 2857 577 gen-

1653 577 1863 641 tium:
1910 588 1977 642 et
2030 580 2114 641 de
2156 580 2462 645 manibus
2514 602 2743 665 regum
2789 593 2859 647 et

1655 686 1789 729 non
1838 666 2165 731 dederunt
2245 688 2448 732 cornu
2510 672 2857 753 peccatori.

1657 758 1721 831 (1
1754 753 2098 817 Dominica
2130 754 2251 838 iiij.
2564 759 2785 822 Lectio
2794 761 2857 841 j.

1653 843 1831 972 Et
1862 842 2059 924 judas
2112 842 2512 908 machabeus
2557 855 2623 910 et
2666 848 2857 929 jona-

1803 928 1953 993 thas
2013 930 2214 996 frater
2270 932 2413 1014 ejus
2459 936 2858 999 transierunt

1646 1016 2037 1098 jordanem:
2114 1028 2181 1085 et
2285 1020 2587 1087 abierunt
2679 1025 2855 1087 viam

1653 1106 1852 1169 trium
1882 1107 2137 1170 dierum
2170 1129 2288 1191 per
2318 1110 2674 1177 desertum.
2764 1112 2856 1176 Et

1652 1207 2075 1261 occurrerunt
2104 1197 2198 1261 eis
2233 1196 2547 1263 nabuthei
2596 1208 2663 1263 et
2716 1220 2857 1263 sus-

1654 1293 1968 1364 ceperunt
2016 1305 2130 1348 eos
2160 1286 2474 1369 pacifice:
2521 1296 2589 1351 et
2638 1309 2857 1351 narra-

1651 1381 1892 1435 verunt
1922 1372 2015 1436 eis
2045 1375 2269 1437 omnia
2313 1396 2443 1457 que
2488 1377 2861 1441 acciderant

1655 1458 1964 1523 fratribus
2031 1481 2257 1527 eorum
2302 1464 2366 1526 in
2406 1463 2856 1546 galadithide:

1655 1557 1725 1610 et
1754 1549 1911 1630 quia
1945 1549 2135 1613 multi
2168 1571 2255 1614 ex
2281 1552 2377 1615 eis
2400 1553 2855 1635 comprehensi

1655 1646 1813 1700 sunt
1861 1636 1927 1699 in
1960 1637 2295 1703 Bathara²
2326 1648 2392 1704 et
2426 1640 2627 1705 bosor
2670 1652 2740 1706 et
2782 1644 2851 1705 in

1653 1724 1914 1789 valimis
1945 1735 2014 1789 et
2043 1725 2334 1792 incassor
2361 1739 2430 1793 et
2474 1729 2743 1812 mageth
2790 1740 2858 1794 et

1657 1812 2042 1879 charnaim.⁸
2545 1818 2765 1881 Lectio
2784 1819 2853 1901 ij.

1864 1921 1901 1964 e
1932 1909 2088 1965 sunt
2124 1902 2425 1968 civitates
2456 1924 2688 1969 omnes
2714 1927 2857 1970 mu·

1863 1989 2000 2053 nite
2019 2000 2088 2054 et
2106 2010 2376 2073 magne:
2397 1994 2513 2056 sed
2533 1994 2599 2057 in
2624 1995 2857 2058 ceteris

1655 2075 2033 2141 civitatibus
2076 2078 2500 2161 galadithidis
2552 2091 2859 2146 tenentur

1655 2165 2129 2248 comprehensi.
2222 2168 2317 2234 Et
2376 2170 2442 2232 in
2493 2171 2853 2234 crastinum

1655 2255 2139 2319 constituerunt
2170 2257 2529 2321 admonere
2552 2259 2575 2296 ⁴
2608 2260 2855 2325 exerci-

1654 2351 1801 2406 tum
1833 2342 2209 2408 civitatibus
2268 2345 2371 2409 his
2431 2354 2498 2410 et
2558 2367 2856 2431 compre-

1655 2429 1944 2495 hendere
1975 2442 2044 2496 et
2073 2431 2305 2497 tollere
2334 2454 2449 2498 eos
2479 2435 2547 2498 in
2579 2456 2711 2500 una
2731 2438 2853 2501 die.

1655 2518 1749 2585 Et
1779 2521 2104 2585 convertit
2154 2522 2352 2605 judas
2399 2534 2468 2589 et
2526 2526 2856 2590 exercitus

1655 2607 1799 2690 ejus
1830 2609 2005 2672 viam
2038 2611 2103 2673 in
2143 2613 2479 2676 desertum
2528 2614 2728 2678 bosor
2758 2635 2856 2678 re-

1653 2704 1893 2779 pente:
1925 2708 1995 2762 et
2024 2701 2372 2783 occupavit
2401 2702 2753 2768 civitatem.
2785 2714 2855 2769 et

1653 2786 1898 2850 occidit
1956 2807 2224 2852 omnem
2286 2790 2725 2856 masculinum
2786 2793 2851 2856 in

1654 2893 1768 2937 ore
1796 2874 2023 2955 gladii.
2512 2880 2729 2944 Lectio
2758 2881 2854 2964 iij.

1651 2964 1832 3094 Et
1863 2964 2116 3046 accepit
2146 2967 2371 3030 omnia
2393 2966 2603 3052 spolia
2627 2990 2853 3034 eorum

1804 3059 1871 3115 et
1914 3053 2252 3119 succendit
2310 3075 2459 3120 eam
2521 3056 2673 3140 igni.
2765 3058 2857 3123 Et

1651 3149 2077 3205 surrexerunt
2109 3142 2263 3206 inde
2292 3155 2525 3210 nocte:
2572 3155 2639 3210 et
2670 3146 2857 3211 ibant

1653 3247 1863 3310 usque
1906 3229 1993 3294 ad
2043 3231 2495 3298 munitionem.
2586 3234 2678 3298 Et
2722 3234 2854 3300 sac-

1653 3323 1799 3379 tum
1831 3326 1934 3380 est
1972 3318 2261 3382 diluculo
2312 3340 2465 3385 cum
2526 3321 2855 3387 levassent

1653 3403 1883 3506 oculos
1912 3425 2065 3469 suos
2095 3427 2247 3472 ecce
2290 3410 2575 3491 populus
2608 3410 2855 3476 multus

1653 3511 1757 3573 cuj
1767 3513 1842 3556 us
1862 3513 1995 3556 non
2017 3505 2157 3560 erat
2187 3516 2497 3560 numerus
2524 3519 2540 3562 :
2585 3508 2851 3581 portan-

1651 3587 1757 3644 tes
1798 3579 2054 3646 schalas
2085 3593 2153 3646 et
2184 3583 2521 3649 machinas
2551 3596 2625 3650 ut
2677 3607 2855 3651 com-

1655 3668 2140 3751 prehenderent
2186 3673 2585 3738 munitiones
2622 3685 2690 3739 et
2734 3696 2855 3740 ex-

1654 3767 2028 3840 pugnarent
2058 3779 2188 3824 eos,
2487 3763 2700 3826 Lectio
2729 3785 2854 3847 ny.

1647 3847 1833 3978 Et
1861 3846 2027 3911 vidit
2064 3847 2263 3930 judas
2309 3849 2466 3933 quia
2512 3853 2687 3935 cepit
2718 3852 2855 3916 bel-

1803 3932 1971 4000 lum:
2018 3943 2086 3999 et
2115 3936 2363 4001 clamor
2385 3937 2537 4003 belli
2556 3942 2854 4007 ascendit

1659 4021 1750 4085 ad
1781 4021 1995 4088 celum
2044 4025 2213 4088 sicut
2259 4025 2461 4092 tuba:
2507 4036 2574 4092 et
2606 4029 2857 4094 clamor

651 4127 719 4183 et
780 4115 1106 4200 persecuti
1174 4122 1330 4176 sunt
1389 4111 1562 4174 filios
1663 4130 1947 4194 magnus
1978 4111 2065 4176 de
2124 4113 2434 4180 civitate:
2479 4126 2548 4181 ct
2591 4120 2851 4183 exerci-

792 4206 884 4269 Et
943 4209 1399 4286 prosperatum
1459 4209 1562 4264 est
1661 4199 1760 4264 tui
1820 4219 1942 4264 suo
2004 4201 2223 4266 dixit:
2302 4203 2603 4286 Pugnate
2648 4207 2852 4271 hodie

1661 4307 1783 4371 pro
1841 4287 2149 4354 fratribus
2198 4293 2448 4358 vestris
2539 4295 2631 4360 Et
2674 4297 2857 4360 venit

1964 4417 1985 4446 ⁸
2017 4417 2245 4466 chanaim
2270 4436 2283 4468 :
2320 4419 2384 4469 N.

1970 4485 1989 4514 ⁴
2020 4484 2318 4535 admovere:
2354 4485 2421 4536 N.
