3375 5100
1312 371 1418 426 IN
1457 369 1895 426 PASSIONE.

890 475 1039 534 3³⁷

353 585 495 643 tate
554 577 989 648 famulatum:
1059 590 1132 647 ut
1192 582 1258 647 in
1318 583 1555 647 diebus

354 668 598 733 nostris
665 679 733 733 et
810 671 1047 734 merito
1133 681 1202 736 et
1276 692 1554 735 numero

351 757 647 839 populus
693 758 813 823 tibi
865 758 1157 826 serviens
1214 771 1553 841 augeatur.

354 843 481 908 Per
508 845 873 912 dominum.
1476 871 1487 884 ·

350 931 553 996 Feria
585 933 707 1017 iiij.
1252 937 1465 1003 Lectio
1490 938 1552 1020 j.

561 1022 738 1087 dixit
768 1023 1079 1089 dominus
1123 1025 1207 1088 ad
1244 1046 1389 1090 me:
1445 1025 1550 1090 Tu

500 1129 660 1192 ergo
696 1112 967 1195 accinge
1008 1113 1271 1177 lumbos
1303 1123 1454 1177 tuos
1485 1122 1553 1177 et

348 1217 585 1280 surge:
633 1208 702 1263 et
731 1199 1002 1282 loquere
1048 1202 1131 1265 ad
1171 1221 1286 1265 eos
1328 1202 1555 1266 omnia

350 1305 483 1368 que
526 1305 655 1370 ego
700 1288 993 1371 precipio
1038 1289 1177 1354 tibi.
1280 1291 1387 1354 Ne
1424 1289 1552 1353 sor-

353 1375 567 1438 mides
599 1395 639 1438 a
670 1375 839 1440 facie
877 1397 1146 1442 eorum:
1204 1397 1327 1442 nec
1372 1379 1553 1442 enim

351 1463 587 1526 timere
618 1472 687 1527 te
718 1463 958 1528 faciam
990 1465 1249 1530 vultum
1304 1487 1551 1532 eorum.

354 1550 507 1614 Hec
535 1551 715 1616 dicit.
1238 1555 1452 1618 Lectio
1483 1556 1551 1637 ij.

347 1641 588 1771 Ego
619 1641 867 1724 quippe
913 1641 1069 1705 dedi
1114 1649 1183 1706 te
1236 1642 1436 1706 hodie
1483 1645 1551 1706 in

502 1729 841 1792 civitatem
906 1733 1273 1795 munitam:
1349 1739 1417 1794 et
1481 1732 1549 1795 in

348 1815 727 1880 columnam
778 1816 1099 1884 ferream:
1165 1829 1234 1883 et
1288 1819 1353 1883 in
1407 1838 1549 1882 mu—

350 1923 495 1966 rum
549 1925 791 1968 eneum
844 1927 1042 1988 super
1097 1927 1367 1970 omnem
1416 1918 1549 1970 ter-

350 2011 491 2056 ram
568 1994 833 2076 regibus
891 1995 1060 2076 juda
1142 1995 1547 2078 principibus

348 2079 491 2160 ejus
545 2090 614 2144 et
661 2083 1155 2148 sacerdotibus:
1235 2093 1305 2146 et
1364 2085 1547 2147 omni

346 2169 597 2250 populo
628 2180 815 2235 terre.

559 2258 905 2323 bellabunt
943 2259 1295 2324 adversum
1326 2269 1434 2325 te:
1481 2270 1551 2324 et

499 2367 633 2409 non
698 2347 1170 2430 prevalebunt:
1234 2349 1392 2429 quia
1450 2355 1549 2412 te·

346 2453 498 2497 cum
562 2455 691 2516 ego
750 2456 897 2499 sum
946 2437 1041 2500 ait
1101 2437 1415 2500 dominus
1477 2444 1549 2500 ut

348 2520 621 2587 liberem
714 2533 798 2588 te.
916 2525 1008 2590 Et
1097 2523 1349 2589 sactum
1446 2533 1549 2590 est

345 2611 621 2676 verbum
666 2612 923 2677 domini
977 2612 1063 2677 ad
1115 2633 1223 2678 me
1275 2615 1547 2678 dicens:

348 2698 542 2763 Vade
646 2711 715 2764 et
804 2701 1020 2765 clama
1111 2702 1177 2766 in
1280 2702 1547 2766 auribus

346 2786 743 2852 hierusalem
792 2789 1063 2854 dicens:
1132 2790 1281 2853 Hec
1342 2790 1545 2854 dicit¹

344 2876 697 2942 dominus:
747 2878 1161 2942 Recordatus
1206 2898 1353 2941 sum
1405 2878 1545 2943 tui:

346 2964 667 3029 miserans
742 2965 1263 3031 adolescentiam
1339 2975 1546 3030 tuam.

344 3052 430 3115 In
477 3072 731 3135 evange.
782 3062 889 3118 αῆ.
984 3054 1163 3119 Oves
1225 3074 1373 3118 mee
1431 3075 1547 3118 vo-

342 3159 490 3203 cem
556 3162 776 3205 meam
856 3143 1187 3206 audiunt:
1272 3152 1341 3205 et
1420 3162 1547 3225 ego

344 3229 656 3293 dominus
687 3249 979 3312 agnosco
1010 3251 1139 3295 eas.
1185 3238 1287 3313 pf.
1336 3231 1547 3295 Bene-

340 3318 581 3382 dictus,
1297 3319 1544 3384 Oratio.

338 3404 855 3538 Sanctificato
898 3404 1025 3470 hoc
1071 3406 1327 3488 jejunio
1380 3408 1545 3470 deus

478 3503 743 3557 tuorum
776 3494 977 3557 corda
1011 3494 1306 3558 fidelium
1352 3497 1547 3559 mise-

342 3590 521 3645 rator
568 3582 865 3647 illustra:
930 3592 999 3647 et
1056 3583 1297 3665 quibus
1345 3586 1545 3647 devo-

338 3670 541 3733 tionis
618 3680 874 3752 prestas
948 3671 1262 3736 affectum
1342 3672 1545 3754 prebe

338 3756 869 3841 supplicantibus
944 3759 1129 3841 pium
1218 3760 1545 3841 benignus

339 3846 665 3911 auditum.
762 3847 887 3911 Per
960 3848 1327 3913 dominum.
1429 3848 1555 3912 Ad

338 3944 634 4016 vesperas
701 3934 769 3999 in
814 3956 1065 4018 evange.
1113 3944 1219 3999 αῆ.
1326 3936 1543 4000 Multa

336 4023 519 4087 bona
548 4044 752 4106 opera
780 4034 1093 4106 operatus
1135 4043 1283 4089 surn
1311 4024 1543 4090 vobis:

338 4122 617 4195 propter
682 4113 864 4195 quod
940 4132 1108 4195 opus
1169 4112 1371 4177 vultis
1436 4133 1543 4177 me

336 4200 663 4264 occidere.
726 4210 826 4284 p.?.
878 4199 1287 4283 Magnificat.
1392 4202 1539 4267 Οῗο.

334 4290 699 4420 Adesto
744 4289 1339 4373 supplicationibus
1390 4310 1544 4354 nos-

510 4380 627 4441 tris
684 4378 1109 4461 omnipotens
1179 4378 1389 4443 deus:
1474 4388 1542 4443 et

508 4520 523 4548 ¹
557 4520 719 4569 dixit:
754 4518 815 4568 E.

510 4588 529 4616 ²
566 4584 675 4636 ‘et’
700 4601 828 4635 om.:
868 4584 1087 4635 &G.W.

1166 4584 1334 4649 ⁸qui’:
1374 4584 1593 4635 [πων.

2169 477 2326 536 858

1653 585 1896 667 quibus
1928 583 2240 649 fiduciam
2272 583 2600 667 sperande
2647 581 2860 666 pieta-

1655 675 1742 735 tis
1804 673 2161 755 indulges:
2221 684 2536 737 consuete
2609 673 2860 738 miseri-

1651 762 1878 824 cordie
1908 763 2122 825 tribue
2166 761 2488 843 benignus
2525 759 2854 826 effectum.

1654 849 1780 912 Per
1809 850 2172 914 dominum.

1654 941 1722 1016 01*
1765 938 1965 1000 Feria
1994 937 2241 1020 quinta.
2568 936 2782 1000 Lectio
2792 937 2853 1018 j.

1650 1026 2004 1157 Audite
2033 1027 2308 1089 verbum
2334 1025 2585 1089 domini
2611 1024 2852 1087 domus

1813 1114 2042 1196 jacob:
2075 1123 2143 1177 et
2163 1134 2396 1178 omnes
2421 1113 2852 1194 cognationes

1651 1201 1893 1265 domus
1935 1203 2144 1266 israel.
2253 1201 2400 1265 Hec
2446 1201 2608 1264 dicit
2638 1201 2854 1266 domi-

1651 1309 1828 1354 nus:
1906 1289 2088 1374 Quid
2167 1290 2560 1353 invenerunt
2630 1299 2855 1372 patres

1650 1379 1850 1441 vestri
1913 1379 1978 1443 in
2043 1399 2150 1442 me
2211 1379 2621 1460 iniquitatis:
2696 1377 2856 1460 quia

1652 1465 2131 1548 elongaverunt
2175 1487 2216 1530 a
2265 1485 2374 1530 me
2438 1474 2506 1528 et
2551 1464 2854 1529 ambula-

1649 1564 1888 1618 verunt
1933 1564 2086 1638 post
2131 1556 2541 1618 vanitatem:
2588 1563 2657 1616 et
2695 1551 2851 1618 vani

1649 1640 1806 1706 sacti
1839 1654 2010 1707 sunt.
2106 1643 2254 1707 Hec
2284 1643 2445 1707 dicit
2469 1642 2796 1706 dominus,

1649 1732 1829 1862 Et
1861 1751 1994 1794 non
2019 1731 2336 1795 dixerunt
2357 1731 2471 1795 ubi
2519 1730 2754 1813 [Lectio
2785 1729 2852 1812 ii.

1801 1830 1902 1882 est
1934 1820 2289 1883 dominus:
2337 1820 2452 1901 qui
2498 1818 2854 1882 ascendere

1647 1927 1770 1970 nos
1831 1908 1986 1971 fecit
2039 1908 2125 1972 de
2167 1917 2342 1970 terra
2381 1908 2630 1989 egypti.
2727 1907 2854 1969 Et¹

1647 1995 1835 2077 quis²
1894 1995 2279 2059 transduxit
2337 2015 2456 2059 vos
2487 1995 2512 2032 ³
2560 2014 2679 2076 per
2737 1994 2852 2056 de-

1648 2093 1898 2147 sertum
1923 2103 2041 2166 per
2073 2093 2315 2146 terram
2349 2081 2850 2145 inhabitabilem

1649 2180 1718 2234 et
1770 2172 2014 2235 inviam
2066 2191 2187 2254 per
2239 2180 2480 2235 terram
2534 2170 2722 2234 sitis:
2785 2179 2853 2233 et

1650 2259 2012 2342 imaginem
2074 2259 2346 2323 mortis:
2429 2278 2549 2340 per
2605 2265 2852 2321 terram

1650 2349 1718 2411 in
1750 2369 1883 2430 qua
1915 2367 2047 2411 non
2074 2346 2438 2412 ambulavit
2467 2347 2604 2410 vir:
2638 2365 2854 2428 neque

1648 2433 1975 2500 habitavit
2006 2436 2225 2500 home.
2504 2435 2724 2498 Lectio
2753 2433 2852 2515 iij.

1859 2524 2283 2589 induxi⁴vos
2329 2523 2394 2590 in
2437 2532 2681 2589 terram
2711 2543 2854 2586 car-

1800 2614 1994 2678 meli:
2060 2622 2134 2677 ut
2185 2611 2624 2677 comederetis
2683 2610 2855 2677 fruc-

1645 2710 1792 2766 tum
1857 2702 1999 2784 ejus
2060 2710 2129 2766 et
2181 2702 2437 2784 optima
2500 2700 2714 2763 illius:
2783 2707 2852 2764 et

1646 2790 1922 2872 ingressi
2001 2788 2507 2854 contaminastis
2607 2798 2850 2851 terram

1646 2898 1870 2942 meam
1954 2887 2023 2942 et
2100 2878 2543 2942 hereditatem
2633 2896 2851 2939 meam

1648 2969 1961 3049 posuistis
2011 2968 2078 3029 in
2121 2966 2707 3030 abominationem.
2765 2965 2852 3027 In

1645 3075 1904 3136 evange.
1933 3064 2040 3120 αῆ.
2128 3056 2452 3138 Magister
2480 3054 2643 3118 dicit
2682 3062 2853 3115 tem-

1648 3163 1774 3225 pus
1837 3164 2060 3207 meum
2111 3164 2318 3225 prope
2381 3151 2482 3207 est
2545 3142 2720 3224 apud
2785 3150 2854 3205 te

1648 3230 1820 3294 facio
1845 3232 2093 3314 pascha
2119 3252 2270 3297 cum
2295 3230 2636 3312 discipulis
2669 3230 2853 3293 meiS.

1630 3328 1732 3401 psi
1780 3320 2198 3384 Benedictus,
2606 3316 2852 3382 Oratio.

1801 3417 1974 3471 resta
2020 3425 2381 3489 quesumus
2425 3406 2850 3487 omnipotens

1800 3496 2016 3560 deus:
2093 3505 2167 3559 ut
2243 3493 2536 3577 dignitas
2619 3493 2850 3555 condi-

1647 3584 1847 3647 tionis
1895 3584 2184 3647 humane
2233 3602 2352 3665 per
2405 3580 2852 3645 immoderan-

1649 3672 1814 3736 tiam
1852 3674 2187 3735 sauciata:
2235 3669 2646 3733 medicinalis
2698 3687 2849 3749 par-

1648 3761 1930 3824 simonie
1961 3760 2185 3824 studio
2217 3757 2619 3822 reformetur.
2725 3756 2852 3819 Per

1648 3849 2014 3911 dominum.
2091 3846 2215 3912 Ad
2236 3855 2528 3927 vesperas
2567 3845 2640 3908 in
2667 3865 2848 3909 evan.

1646 3944 1752 4001 ati.
1848 3937 2197 4000 Desiderio
2267 3933 2634 3998 desideravi
2722 3933 2850 3997 hoc

1646 4024 1898 4107 pascha
2002 4022 2404 4088 manducare
2504 4020 2848 4085 vobiscum

1648 4122 2011 4197 antequam
2065 4112 2334 4195 paciar.·⁰'
2417 4119 2518 4193 psi
2584 4111 2853 4191 Magni-

1650 4202 1822 4266 ficat.
2602 4198 2850 4265 Oratio.

1646 4293 1901 4425 Esto
1954 4308 2314 4373 quesumus
2377 4287 2646 4352 domine
2701 4308 2851 4370 pro-

1796 4379 1996 4463 pitius
2029 4378 2204 4462 plebi
2237 4388 2352 4442 tue
2387 4399 2402 4441 z
2461 4386 2536 4441 ut
2566 4396 2696 4459 que
2729 4374 2848 4439 tibi

1838 4517 1857 4546 ⁸
1893 4532 1984 4581 pro
2011 4520 2025 4543 ⁸
2047 4516 2162 4565 vos’
2189 4532 2309 4565 nos:
2345 4515 2502 4565 G.W.

1837 4586 1854 4615 ⁴
1890 4584 2121 4633 induxit:
2159 4584 2239 4632 W.
2395 4585 2415 4612 ³
2451 4582 2643 4645 patiar:
2681 4580 2813 4631 EG.
