3375 5100
1109 356 1364 412 FERJA
1417 355 1697 410 SEXTA
1751 355 2438 412 PENTHECOSTES.

1057 465 1195 518 515

529 571 894 654 antiphona.
989 571 1138 653 Cap.
1215 571 1459 634 Factus
1489 578 1590 634 est
1621 589 1719 633 re-

533 671 746 744 pente.
839 660 1036 742 Hym.
1098 661 1307 724 Beata
1339 659 1528 722 nobis
1557 679 1721 740 gau-

531 751 659 814 dia.
731 767 778 836 y
825 749 1107 831 Spiritus
1139 748 1389 812 domini
1423 747 1717 829 replevit.

529 839 618 902 In
659 858 912 918 evange.
958 845 1063 900 ari.
1155 836 1422 918 Egressi
1467 837 1719 900 duode-

531 927 660 992 cim
708 925 990 1008 apostoli
1035 925 1400 989 circuibant
1429 943 1548 1006 per
1577 945 1719 988 cas—

531 1015 693 1079 tella
731 1013 1254 1095 evangelizantes
1299 1021 1370 1076 et
1413 1021 1720 1076 curantes

533 1104 778 1187 ubique
823 1101 972 1166 all'a
1016 1101 1180 1165 all’a.
1257 1109 1358 1182 ps.
1410 1099 1723 1182 Magnifi-

529 1201 657 1256 cat.
755 1189 983 1256 Oratio
1067 1189 1296 1252 Presta
1343 1209 1718 1271 quesumus

529 1280 656 1344 Ad
679 1277 1148 1361 completorium
1176 1277 1282 1340 die
1302 1277 1488 1358 jovis
1529 1287 1592 1340 et
1615 1276 1727 1339 die

531 1367 798 1432 venenis.
865 1367 1188 1447 Hymnus.
1241 1365 1404 1446 Jesu
1435 1364 1725 1429 salvator

529 1455 752 1521 seculi.
813 1476 958 1518 cum
1003 1453 1293 1518 versibus
1339 1454 1614 1522 Dudum
1659 1464 1727 1518 et

534 1545 637 1610 Sit
669 1545 827 1608 lauS.
870 1553 976 1608 etc.

535 1637 600 1712 (1'
645 1632 842 1696 Feria
908 1632 993 1714 vj.
1088 1629 1186 1693 ad
1229 1638 1430 1694 matu.
1491 1628 1717 1694 invita.

535 1721 819 1804 Repleti.
895 1729 996 1802 ps.
1060 1719 1318 1786 Venite.
1419 1717 1506 1782 In
1561 1729 1721 1784 noct.

529 1817 638 1874 ari.
741 1810 797 1872 F
797 1817 982 1872 actus
1041 1817 1159 1872 est.
1253 1815 1354 1889 ps'.
1433 1807 1720 1890 Magnus

531 1898 858 1961 dominus».
931 1906 1036 1961 etc.
1241 1895 1528 1978 Spiritus
1601 1896 1719 1959 do-

533 1987 694 2050 mini
725 1985 1016 2069 replevit.
1151 1983 1462 2048 erundum
1489 1983 1719 2048 lucam.

529 2077 630 2208 l
637 2095 680 2138 n
728 2074 841 2137 illo
888 2083 1227 2156 tempore:
1292 2072 1570 2136 Factum
1617 2081 1721 2136 est

639 2163 706 2226 in
737 2183 870 2229 una
898 2163 1186 2228 dierum:
1219 2159 1286 2224 et
1309 2161 1502 2242 Jesus
1531 2161 1717 2224 sede-

531 2251 648 2316 bat
697 2252 958 2315 docens
1053 2249 1145 2313 Et
1195 2257 1382 2315 erant
1433 2248 1718 2330 pharisei

531 2339 846 2404 docentes
890 2348 957 2403 et
1003 2337 1167 2420 legis
1213 2337 1558 2402 doctores:
1603 2337 1717 2418 qui

529 2437 846 2492 venerant
875 2448 964 2492 ex
1011 2426 1192 2489 omni
1237 2423 1509 2489 castello
1553 2424 1717 2506 gali-

531 2516 633 2582 lee
672 2516 872 2600 jndee
918 2524 984 2582 et
1014 2513 1446 2579 hierusalem:
1493 2521 1560 2577 et
1591 2514 1721 2577 vir-

530 2615 638 2670 tus
683 2606 790 2673 dei
835 2613 980 2669 erat
1031 2603 1116 2669 ad
1169 2602 1539 2669 sanandum
1585 2622 1717 2669 eos

534 2694 627 2757 Et
657 2694 921 2775 reliqua.

538 2782 792 2848 Omelia
842 2777 1222 2847 venerabilis
1261 2778 1434 2842 Bede
1458 2777 1716 2861 presby-

535 2870 673 2934 teri.
1426 2867 1645 2930 Lectio
1654 2868 1719 2949 j.

549 2957 776 3095 U'bi
807 2956 1114 3023 dominus
1137 2956 1373 3023 sedens
1393 2956 1718 3021 docuerit:

704 3045 974 3128 quando
1018 3044 1246 3108 scribis
1289 3052 1362 3107 et
1400 3044 1719 3127 phariseis

527 3134 1026 3200 considentibus
1069 3132 1482 3215 paraliticum
1531 3152 1718 3200 cura-

528 3226 667 3288 vit:
715 3224 895 3287 lucas
929 3221 1270 3285 breviandi
1311 3222 1528 3303 gratia
1571 3242 1716 3303 pre-

532 3312 762 3377 terit¹:
815 3312 932 3375 sed
987 3309 1289 3373 matheus
1341 3318 1410 3375 et
1459 3330 1716 3377 marcus

529 3404 642 3485 qui
685 3408 994 3464 narrant:
1040 3400 1456 3481 questionem
1502 3397 1717 3463 facere

527 3492 875 3557 videntur:
922 3486 1234 3569 quoniam
1266 3487 1535 3568 quidem
1576 3506 1715 3553 ma·-

528 3579 720 3644 theus
752 3579 818 3641 in
849 3577 1116 3639 civitate
1143 3596 1304 3639 sua:
1353 3594 1611 3639 marcus
1646 3576 1715 3638 in

527 3666 973 3750 capharnaum
997 3664 1122 3729 hoc
1155 3683 1306 3726 eum
1331 3663 1560 3727 fecisse
1583 3672 1713 3727 tes-

526 3766 768 3822 tantur.
862 3752 1014 3835 Que
1071 3754 1330 3835 questio
1389 3752 1714 3817 difficilius

525 3844 936 3910 solveretur:
1011 3840 1067 3904 si
1145 3841 1451 3905 matheus
1509 3842 1713 3905 etiam

525 3930 838 3998 nazareth
871 3930 1256 3993 nominaret.
1344 3927 1456 3993 Re.
1510 3929 1718 4011 Spiri-

523 4031 633 4087 tus
663 4019 914 4084 domini
949 4018 1266 4101 replevit.²
1399 4017 1616 4081 Lectio
1646 4018 1715 4099 ij.

523 4110 706 4246 N
707 4127 833 4171 unc
865 4127 1018 4171 vero
1047 4104 1152 4171 vel
1189 4106 1332 4188 ipsa
1375 4106 1615 4187 galilea
1647 4107 1715 4169 in

707 4216 840 4280 qua
897 4203 1040 4259 erat
1101 4194 1414 4261 nazareth
1475 4194 1716 4259 intelli-

523 4287 743 4371 genda
788 4293 889 4348 est
933 4285 1114 4349 dicta
1160 4283 1392 4351 civitas
1425 4282 1714 4349 Christi:

624 4449 638 4477 ¹
675 4444 929 4513 preteriit:
963 4442 1032 4493 N.
1641 4510 1654 4521 ·

621 4516 642 4545 ²
675 4530 766 4579 pro
818 4512 984 4561 ‘dom.
1037 4508 1162 4577 rep.’
1201 4516 1400 4563 sanctus
1457 4510 1719 4574 procedit:

519 4584 600 4634 W.
613 4582 676 4631 N.
1259 4576 1280 4606 ⁸
1313 4575 1606 4627 sublevant:
1642 4576 1711 4627 N.

2345 465 2483 520 316

1818 570 1905 634 ad
1938 569 2429 635 distinctionem
2460 567 2765 636 videlicet
2796 570 3005 653 regio-

1818 660 1920 722 nis
1984 662 2419 724 transmarine
2486 679 3003 742 gerasenorum:

1818 747 1903 811 de
1946 769 2080 831 qua
2126 749 2611 813 transfretando
2654 747 2825 812 sicut
2864 769 3005 812 ma-

1818 836 2011 900 theus
2054 837 2322 902 scribit:
2364 846 2637 901 venerat
2678 837 3003 918 galileam.

1818 925 1947 990 Vel
1974 935 2153 990 certe
2198 926 2343 1008 ipsa
2372 925 2817 1008 capharnaum
2848 927 3003 989 civi—

1818 1021 1923 1102 tas
1956 1013 2199 1078 Christi
2240 1024 2341 1078 est
2370 1016 2591 1078 dicta:
2636 1034 2839 1096 quam
2870 1033 3003 1076 non

1820 1103 2191 1166 nascendo:
2242 1104 2361 1168 sed
2414 1102 2767 1166 virtutibus
2824 1102 3005 1165 illus-

1818 1191 2058 1254 trando
2106 1211 2297 1254 suam
2348 1192 2488 1274 ipse
2540 1190 2803 1255 fecerat.
2888 1190 3005 1254 Re.

1818 1279 2274 1362 Disciplinam.
2668 1279 2879 1342 Lectio
2908 1279 3003 1361 iii.

1818 1368 1997 1499 Et
2026 1388 2179 1431 ecce
2206 1367 2325 1431 viri
2357 1377 2698 1450 portantes
2736 1368 2803 1430 in
2832 1367 3005 1430 lecto

1968 1455 2348 1520 hominem:
2393 1457 2507 1539 qui
2544 1465 2687 1520 erat
2716 1455 3005 1538 paraliti-

1818 1564 1969 1608 cus:
2000 1553 2069 1608 et
2096 1545 2461 1627 querebant
2488 1565 2641 1608 eum
2674 1543 2907 1607 inferre
2937 1552 3006 1607 et

1820 1653 2065 1714 ponere
2095 1642 2251 1696 ante
2280 1654 2451 1696 eum.
2516 1633 2787 1698 Curatio
2816 1652 3007 1715 para-

1820 1719 1981 1784 litici
2022 1721 2260 1803 hujus:
2306 1722 2528 1785 anime
2572 1730 2725 1804 post
2756 1721 3005 1784 diutur-

1819 1828 1975 1872 nam
2001 1810 2301 1873 illecebre
2332 1810 2545 1874 carnis
2576 1809 2885 1873 inerciam
2918 1809 3003 1873 ad

1822 1897 2155 1962 Christum
2186 1899 2573 1982 suspirantis
2604 1897 2847 1962 indicat
2876 1897 3003 1961 sal-

1818 1986 2170 2050 vationem.
2262 1986 2413 2069 Que
2448 1987 2661 2068 primo
2706 1987 3003 2049 omnium

1820 2075 2175 2139 ministris:
2240 2076 2357 2158 qui
2410 2094 2557 2138 eam
2616 2073 3005 2138 sublevent⁸

1818 2170 1887 2225 et
1925 2162 2188 2228 Christo
2231 2163 2512 2227 afferant
2556 2163 2731 2226 idem
2756 2163 2779 2200 ⁴
2811 2162 3005 2226 bonis

1818 2249 2195 2317 doctoribus
2240 2253 2353 2334 qui
2400 2271 2586 2334 spem
2622 2251 3005 2314 salvationis

1816 2358 2147 2422 opemque
2222 2339 2701 2404 intercessionis
2766 2359 3006 2420 sugge-

1818 2437 1967 2492 rant
2014 2427 2284 2510 indiget.
2372 2427 2486 2492 Re.
2555 2428 2841 2511 Spiritus
2887 2428 3005 2491 do—

1818 2516 1977 2581 mini
2009 2516 2299 2599 replevit.
2374 2525 2474 2600 ps'.
2520 2517 2622 2581 Te
2652 2517 2867 2581 deum.
2956 2533 3007 2603 y

1821 2604 2313 2688 Loquebantur.
2399 2606 2487 2669 In
2546 2606 2851 2669 laudibus
2894 2614 3005 2670 an.

1820 2694 2002 2757 Dum
2033 2695 2533 2777 complerentur.
2608 2703 2707 2776 ps'.
2772 2694 3005 2759 Domi-

1818 2802 1941 2845 nus
1974 2784 2288 2864 regnavit.
2338 2792 2443 2848 etc.
2498 2782 2586 2845 In
2612 2803 2865 2863 evange.
2896 2791 3003 2845 an.

1820 2870 2097 2935 Factum
2150 2880 2250 2935 est
2310 2872 2377 2935 in
2432 2891 2563 2934 una
2622 2870 2874 2934 dierum
2934 2880 3003 2934 et

1813 2958 2010 3039 Jesus
2061 2959 2335 3023 sedebat
2394 2959 2640 3024 docens
2700 2967 2768 3022 et
2814 2968 3003 3023 erant

1819 3047 2100 3129 pharisei
2146 3049 2453 3112 sedentes
2512 3056 2581 3111 et
2631 3047 2795 3129 legis
2848 3048 3005 3111 doc-

1817 3145 1993 3201 tores
2038 3138 2151 3219 qui
2185 3146 2500 3201 venerant
2530 3156 2619 3199 ex
2648 3136 2829 3199 omni
2863 3156 3001 3199 cas-

1815 3223 1974 3287 tello
2003 3224 2239 3306 galilee
2284 3235 2350 3289 et
2376 3224 2577 3306 judee
2616 3233 2685 3288 et
2714 3224 3003 3287 hierusa-

1815 3311 1946 3376 lem
2008 3321 2075 3375 et
2132 3314 2338 3377 virtus
2404 3322 2546 3376 erat
2604 3312 2854 3376 domini
2914 3313 2999 3376 ad

1814 3400 2181 3464 sanandum
2224 3422 2343 3465 eos
2402 3400 2665 3465 alleluia
2723 3399 3000 3465 alleluia.

1798 3498 1901 3572 ps.
1952 3490 2365 3557 Benedictus,
2754 3488 3001 3553 Oratio.

1811 3580 2008 3709 Da
2089 3598 2448 3661 quesumus
2530 3577 2805 3642 ecclesie
2886 3586 3003 3640 tue

1968 3666 2331 3731 misericors
2382 3667 2582 3731 deus:
2643 3674 2718 3728 ut
2770 3665 3001 3747 spiritu

1813 3764 2043 3819 sancto
2090 3764 2486 3839 congregata
2526 3753 2749 3821 hostili
2795 3752 3003 3817 nulla-

1812 3851 2007 3906 tenus
2063 3844 2430 3909 incursione
2474 3842 2786 3907 turbetur.
2880 3843 3003 3905 Per

1812 3930 2174 3998 dominum.
2208 3932 2659 3995 invitatorium
2677 3929 3003 4012 ey'usdem.³

1812 4019 1939 4083 Ad
1957 4020 2152 4084 horas
2182 4030 2257 4083 ut
2280 4031 2481 4102 supra
2510 4018 2784 4101 inferia
2814 4019 3000 4101 quin-

1814 4117 1899 4171 ta.
1956 4108 2081 4171 Ad
2103 4120 2393 4192 vesperas
2419 4116 2523 4171 ar'i.
2616 4108 2796 4173 Dum
2822 4126 3002 4170 com-

1812 4197 2164 4279 plerentur.
2238 4206 2338 4281 ps’.
2422 4196 2615 4261 Dixit
2676 4196 2999 4259 dominus,

1811 4295 1878 4348 et
1918 4288 2109 4355 cetm'
2134 4285 2390 4370 psalmi
2427 4284 2840 4349 dominicales
2883 4283 3004 4347 sub

1916 4446 1937 4477 ⁴
1973 4461 2065 4512 pro
2092 4447 2293 4497 ‘idem'
2316 4446 2367 4495 id
2390 4452 2502 4496 est:
2536 4444 2606 4493 N.

1917 4512 1939 4542 ⁸
1961 4520 2060 4577 pro
2122 4518 2137 4541 ‘
2152 4514 2299 4567 invit.
2360 4512 2503 4577 ejus)
2546 4518 2626 4560 etc.
2684 4510 2751 4559 In
2810 4510 3005 4559 unt'tate

1816 4578 2026 4643 ejusdem
2052 4596 2063 4607 ·
2104 4580 2257 4631 WN.
