3375 5100
768 363 1189 418 DOMINICA
1252 363 1555 416 TERTIA
1614 361 1955 432 QUADRA
1965 361 2298 416 GESJME.

832 472 995 526 809

294 600 539 644 vocans
563 579 765 661 jacob
794 579 998 642 filium
1032 599 1223 642 suum
1256 602 1269 643 :
1316 579 1487 642 dixit

290 671 375 732 ad
414 689 583 731 eum.
679 668 853 732 Ecce
897 668 1074 730 Esau
1108 668 1309 732 frater
1339 677 1491 731 tuus

290 758 580 820 minatur
603 766 676 819 ut
699 756 960 820 occidat
992 767 1071 819 te.
1120 757 1204 819 ln
1234 777 1488 837 evange.

288 853 395 908 ari.
491 844 707 908 Malos
754 844 927 907 male
975 846 1245 926 perdet:
1292 853 1359 908 et
1398 845 1491 908 vi-

290 953 483 997 neam
516 953 705 996 suam
739 932 984 998 locabit
1015 933 1158 997 aliis
1190 934 1489 1016 agricolis

290 1023 403 1105 qui
437 1021 719 1084 reddant
750 1023 809 1084 ei
853 1021 1138 1085 fructum
1177 1023 1487 1105 tempori-

294 1111 415 1174 bus
475 1111 625 1173 suis.
720 1119 819 1192 pf.
914 1111 1309 1173 Benedictus
1370 1111 1488 1173 do-

294 1200 527 1262 minus
1243 1198 1487 1263 Oratio.

448 1308 486 1350 a
593 1307 952 1368 quesumus
1065 1288 1487 1370 omnipotens

445 1376 609 1439 deus
646 1397 660 1438 :
737 1385 815 1439 ut
876 1395 1062 1438 sacro
1138 1396 1259 1439 nos
1314 1377 1486 1458 puri-

292 1463 529 1527 ficante
554 1463 807 1544 jejunio
852 1465 1121 1528 sinceris
1154 1464 1486 1528 mentibus

288 1552 375 1614 ad
422 1557 653 1615 sancta
691 1561 965 1615 ventura
1015 1552 1215 1616 facias
1263 1573 1487 1635 perve-

292 1641 447 1704 nire.
536 1641 665 1703 Per
736 1641 1081 1704 dominum
1167 1651 1482 1704 nostrum.

290 1729 414 1793 Ad
438 1741 727 1811 vesperas
768 1729 837 1792 in
866 1750 1120 1810 evange.
1150 1739 1255 1792 αῆ.
1305 1729 1483 1812 Que-

293 1827 510 1880 rentes
584 1837 737 1881 eum
820 1826 1045 1881 tenere
1120 1819 1480 1881 timuerunt

292 1903 519 1970 turbas
554 1927 569 1968 :
644 1906 801 1988 quia
859 1907 1028 1970 sicut
1086 1905 1479 1989 prophetam

290 2013 443 2057 eum
506 1993 859 2059 habebant.
971 2004 1065 2077 pff.
1174 1994 1483 2077 Magnifi-

292 2091 416 2144 cat.
1237 2083 1483 2149 Oratio,

291 2172 487 2301 Da
534 2191 893 2254 quesumus
940 2172 1208 2236 domine
1239 2172 1487 2254 populo

449 2269 563 2322 tuo
593 2259 873 2324 salutem
910 2262 1149 2324 mentis
1168 2270 1237 2324 et
1260 2281 1487 2342 corpo-

296 2347 407 2410 ris:
440 2356 513 2410 ut
536 2347 727 2411 bonis
752 2349 1061 2430 operibus
1093 2348 1485 2412 inherendo:

294 2442 406 2498 tue
429 2455 692 2518 semper
711 2438 969 2500 virtutis
995 2448 1321 2501 mereatur
1339 2457 1488 2519 pro-

294 2525 579 2589 tectione
611 2524 891 2591 defendi.
972 2527 1095 2590 Per
1124 2526 1484 2591 dominum.

297 2618 361 2691 11*
412 2613 707 2678 Sabbato.
1201 2616 1414 2679 Lectio
1424 2616 1484 2698 j.

291 2702 473 2833 N
476 2722 602 2765 unc
664 2724 822 2785 ergo
882 2703 973 2768 fili
1041 2704 1193 2768 audi
1256 2724 1485 2767 vocem

480 2811 697 2855 meam
728 2802 797 2855 et
829 2792 1179 2876 consurge¹
1214 2792 1369 2876 fuge
1400 2793 1485 2857 ad

293 2878 491 2942 laban
555 2880 822 2945 fratrem
886 2902 1109 2945 meum
1164 2884 1230 2945 in
1280 2902 1485 2947 aran:

293 2966 755 3051 habitabisque
786 2990 937 3033 cum
961 2991 1042 3034 eo
1066 2970 1207 3034 dies
1238 2990 1485 3053 paucos

291 3055 505 3120 donec
553 3058 849 3139 quiescat
890 3058 1067 3123 furor
1098 3058 1313 3123 fratris
1343 3060 1437 3123 tui
1470 3081 1483 3123 :

293 3154 361 3207 et
389 3154 603 3208 cesset
648 3146 1015 3228 indignatio
1045 3147 1189 3229 ejus
1219 3148 1484 3211 oblivis-

291 3240 611 3316 caturque
671 3256 898 3299 eorum
960 3257 1089 3318 que
1151 3236 1362 3301 fecisti
1416 3238 1481 3299 in

290 3341 476 3385 eum:
508 3332 743 3405 postea
762 3325 1025 3389 mittam
1056 3334 1125 3389 et
1155 3326 1485 3389 adducam

292 3420 361 3472 te
392 3410 546 3473 inde
578 3410 719 3477 huc.
815 3414 950 3479 Cur
984 3424 1263 3497 utroque
1294 3414 1483 3478 orba·

291 3498 413 3561 bor
441 3496 577 3562 filio
609 3500 675 3563 in
709 3521 841 3564 uno
870 3502 993 3566 die.
1175 3503 1387 3566 Lectio
1418 3502 1486 3585 ij.

293 3588 709 3718 Dixitque
776 3589 1049 3655 rebecca
1101 3592 1187 3655 ad
1240 3611 1485 3673 ysaac:

449 3676 665 3741 Tedet
699 3698 806 3741 me
855 3680 989 3743 vite
1024 3700 1169 3743 mee
1218 3689 1489 3763 propter

292 3762 461 3827 filias
523 3764 681 3830 heth
711 3787 725 3829 ε
774 3766 847 3835 Si
908 3769 1233 3851 acceperit
1288 3768 1487 3850 jacob

296 3873 575 3917 uxorem
638 3855 723 3918 de
793 3856 997 3939 stirpe
1068 3856 1262 3939 hujus
1314 3866 1485 3920 terre

294 3940 452 4004 nolo
538 3942 773 4007 vivere.
908 3945 1190 4010 Vocavit
1262 3946 1487 4029 itaque

293 4050 495 4112 ysaac
536 4030 737 4112 jacob
786 4033 872 4096 ad
923 4034 1143 4098 eum':
1192 4044 1259 4097 et
1290 4034 1485 4097 bene-

294 4118 469 4181 dixit
489 4138 672 4184 eum:
709 4122 1133 4205 precepitque
1154 4123 1211 4186 ei
1226 4124 1485 4187 dicens:

292 4206 449 4270 Noli
499 4209 795 4291 accipere
825 4210 1217 4293 conjugem³
1262 4212 1344 4275 de
1372 4232 1486 4294 ge-

288 4316 443 4359 nere
473 4295 793 4362 chanaan.
1137 4300 1357 4363 Lectio
1388 4300 1484 4383 iii.

584 4450 597 4480 ¹
631 4465 971 4515 consurgens:
1008 4452 1139 4503 E.G.
1152 4452 1232 4503 W.

584 4518 604 4546 ²
642 4516 1021 4568 ‘adeum’om.
1055 4518 1154 4569 :G.

587 4582 607 4611 ⁸
641 4582 973 4648 conjungent:
1008 4584 1090 4634 W.

2119 471 2260 525 310

1588 581 1805 712 Sed
1867 579 2036 642 vade
2098 589 2166 641 et
2234 577 2640 659 proficiscere
2718 577 2780 639 in

1722 668 2268 748 mesopotamiam
2295 667 2316 702 ⁴
2339 667 2513 748 syrie
2545 667 2628 729 ad
2661 666 2781 728 do-

1592 775 1774 818 mum
1789 755 2066 818 Bathuel
2087 767 2338 837 patrem
2350 755 2376 792 ⁶
2391 755 2616 817 matris
2637 763 2748 817 tue
2766 774 2780 817 :

1589 854 1656 907 et
1717 845 1940 928 accipe
1988 845 2107 907 tibi
2165 844 2316 906 inde
2371 863 2647 906 uxorem
2695 843 2780 903 de

1590 932 1848 995 filiabus
1883 933 2076 996 laban
2103 932 2408 996 avunculi
2433 932 2546 994 tui.
2599 931 2783 994 Deus

1590 1029 1814 1084 autem
1847 1023 2269 1103 omnipotens
2320 1021 2668 1084 benedicat
2701 1020 2782 1082 ti—

1592 1111 1696 1172 bi:
1745 1119 1812 1172 et
1873 1130 2161 1174 crescere
2213 1118 2278 1172 te
2326 1108 2526 1172 faciat
2580 1117 2780 1189 atque

1588 1197 2033 1280 multiplicet:
2124 1207 2197 1261 ut
2272 1197 2361 1260 sis
2429 1198 2492 1260 in
2555 1196 2782 1260 turbas

1588 1287 2024 1369 populorum:
2067 1295 2136 1350 et
2177 1286 2291 1374 det
2321 1285 2442 1350 tibi
2475 1285 2783 1349 benedic-

1587 1375 1839 1438 tionem
1890 1375 2208 1438 abraham
2256 1384 2323 1437 et
2377 1375 2608 1438 semini
2663 1383 2782 1436 tuo

1588 1473 1742 1545 post
1807 1473 1926 1526 te:
2004 1472 2078 1527 ut
2139 1463 2478 1547 possideas
2540 1474 2781 1527 terram

1588 1552 2130 1634 peregrinationis
2179 1562 2290 1616 tue
2343 1571 2546 1634 quam
2593 1550 2782 1634 polli-

1588 1642 1760 1704 citus
1820 1656 1922 1703 est
1981 1661 2108 1704 avo
2168 1649 2301 1704 tuo,
2423 1641 2536 1703 Re.
2592 1639 2785 1703 Pater

1591 1730 1855 1810 peccavi
1888 1729 1954 1792 in
2009 1729 2268 1793 celum:
2323 1739 2390 1792 et
2443 1749 2662 1792 coram
2715 1739 2782 1791 te

1587 1815 1731 1898 jam
1765 1837 1896 1880 non
1927 1837 2074 1880 sum
2109 1818 2348 1899 dignus
2370 1819 2587 1882 vocari
2613 1815 2785 1880 filius

1598 1915 1770 1969 tuus,
1862 1906 1996 1969 Fac
2049 1901 2156 1968 me
2207 1907 2374 1970 sicut
2427 1926 2630 1969 unum
2695 1927 2784 1968 ex

1597 1995 2012 2056 mercenariis
2044 1995 2190 2058 tuis,
2239 2011 2286 2080 γ
2331 1994 2580 2077 Quanti
2615 2014 2785 2057 mer·

1588 2083 1875 2145 cennarii
1950 2083 2016 2145 in
2094 2083 2295 2146 domo
2371 2083 2576 2166 patris
2653 2082 2780 2145 mei

1587 2170 1934 2234 abundant
1956 2170 2239 2252 panibus
2269 2191 2396 2252 ego
2427 2181 2650 2234 autem
2676 2170 2782 2233 hic

1587 2258 2022 2340 fame.=pereo
2082 2279 2347 2342 surgam
2409 2269 2476 2322 et
2531 2259 2641 2322 ibo
2694 2259 2784 2321 ad

1586 2357 1842 2430 patrem
1879 2368 2097 2411 meum
2148 2358 2217 2411 et
2260 2349 2480 2411 dicam
2535 2348 2594 2410 ei
2649 2349 2780 2410 Fac

1589 2457 1712 2500 me.
1806 2435 2035 2500 Gloria
2064 2438 2249 2519 patri.
2333 2437 2465 2500 Fac
2497 2455 2618 2500 me.
2699 2437 2782 2498 In

1583 2546 1764 2589 evan.
1790 2535 1894 2590 ar‘i.
1942 2525 2205 2590 Vadam
2238 2526 2320 2590 ad
2356 2535 2610 2609 patrem
2645 2545 2784 2588 me-

1588 2636 1700 2678 um
1763 2624 1829 2677 et
1889 2615 2106 2679 dicam
2161 2615 2220 2678 ei
2281 2624 2469 2697 pater
2520 2614 2623 2679 fac
2674 2635 2780 2678 me

1585 2704 1755 2767 sicut
1781 2724 1984 2767 unum
2017 2723 2104 2766 ex
2125 2704 2587 2768 mercennariis
2606 2702 2781 2767 tuis.⁶

1568 2802 1671 2874 pf.
1721 2792 2136 2855 Benedictus,
2535 2791 2782 2857 Oratio,

1584 2884 1783 3012 Da
1813 2899 2174 2963 quesumus
2221 2882 2488 2944 domine
2543 2880 2783 2943 nostris

1741 2968 2050 3033 effectum
2077 2969 2344 3053 jejuniis
2381 2969 2738 3033 salutarem
2769 2990 2784 3031 :

1584 3067 1660 3121 ut
1719 3058 2068 3140 castigatio
2117 3060 2330 3123 carnis
2389 3066 2732 3140 assumpta
2771 3080 2784 3120 :

1582 3147 1669 3209 ad
1697 3155 2067 3211 nostrarum
2091 3147 2580 3229 vegetationem
2607 3154 2786 3209 tran-

1583 3244 1728 3298 seat
1801 3236 2169 3300 animarum
2256 3256 2375 3318 per
2436 3236 2782 3299 dominum

1586 3334 1902 3388 nostrum.

1588 3417 1652 3490 11*
1677 3411 2025 3475 Dominica
2056 3412 2250 3475 tertia
2278 3412 2785 3494 quadragesime.

1589 3502 1874 3565 Sabbato
1919 3500 2016 3563 ad
2073 3513 2362 3583 vesperas
2419 3508 2525 3562 ari.
2574 3499 2785 3562 Bene-

1585 3590 1818 3654 dictus,
1895 3598 1996 3671 pff.
2047 3590 2293 3672 Ipsum.
2391 3586 2780 3669 Capitulum.

1591 3679 1960 3742 Hortamur
2017 3698 2153 3740 vos,
2241 3677 2354 3739 Re.
2418 3676 2630 3757 Igitur
2678 3675 2780 3755 jo-

1584 3766 1750 3851 seph
1812 3768 2050 3831 ductus
2111 3775 2212 3828 est
2273 3766 2336 3828 in
2415 3773 2778 3847 egyptum:

1584 3856 1843 3939 fuitque
1895 3854 2205 3919 dominus
2253 3873 2402 3917 cum
2467 3873 2564 3915 eo.
2657 3852 2780 3915 Per

1584 3966 1784 4029 quem
1834 3954 1974 4008 erat
2025 3944 2124 4008 vir
2173 3943 2236 4005 in
2299 3941 2550 4006 cunctis
2598 3961 2782 4024 pros-

1586 4054 1744 4117 pere
1772 4052 1994 4115 ageus,
2049 4050 2096 4119 γ
2129 4031 2438 4097 Misertus
2470 4030 2647 4093 enim
2679 4040 2782 4094 est

1587 4124 1752 4187 deus
1808 4121 1978 4184 illius
2031 4130 2100 4185 et
2150 4120 2376 4184 omnia
2406 4140 2608 4202 opera
2639 4118 2782 4199 ejus

1586 4211 1932 4294 dirigebat.
2027 4211 2162 4274 Per.
2459 4208 2781 4289 Hymnus.

1891 4455 1908 4483 ⁸
1941 4450 2426 4518 mesopothomiam:
2463 4450 2522 4499 E.

1889 4522 1909 4550 ⁸
1943 4518 2121 4584 patris:
2158 4519 2220 4569 E.

1888 4589 1907 4617 ⁸
1939 4586 2038 4636 suis
2064 4603 2076 4635 :
2125 4586 2204 4635 W.
