3375 5100
1550 359 1806 415 FERJA
1865 358 2170 415 TERTIA

2429 468 2586 526 786

1909 577 2193 641 redimet
2253 579 2502 642 homo:
2565 581 2686 642 et⁴
2747 600 2907 645 non
2981 583 3161 645 dabit

1907 667 2042 729 deo
2071 667 2518 750 placationem
2553 689 2784 733 suam.
2873 672 2994 734 Et
3025 694 3162 753 pre-

1909 757 2077 819 tium
2139 756 2614 839 redemptionis
2681 761 2944 823 anime
3011 782 3162 823 sue:

1909 855 1978 906 et
2011 844 2338 908 laborabit
2385 846 2448 907 in
2499 856 2826 910 eternum
2871 860 2952 911 et
2988 852 3158 912 vivet

1911 932 2129 996 adhuc
2189 934 2256 995 in
2318 932 2536 997 finem.
2639 936 2823 998 Non
2897 939 3156 1001 videbit

1912 1021 2250 1084 interitum
2295 1042 2450 1085 cum
2497 1024 2742 1087 viderit
2799 1028 3154 1106 sapientes
3232 1076 3233 1103 ;

1913 1110 2318 1174 morientes:
2395 1111 2591 1175 simul
2675 1114 3036 1194 insipiens
3093 1126 3152 1177 et

1911 1198 2154 1261 stultus
2197 1200 2522 1280 peribunt.
2599 1201 2704 1263 Et
2749 1203 3148 1286 relinquent

1913 1286 2144 1349 alienis
2191 1288 2456 1350 divitias
2517 1308 2722 1351 suas:
2795 1302 2876 1353 et
2929 1294 3148 1375 sepul-

1142 468 1295 524 783

610 586 1075 663 cognoscetur:
1110 598 1261 643 cum
1294 578 1607 660 suscipiet
1637 598 1806 641 eam.

616 668 945 746 Quoniam
960 688 1111 731 ecce
1132 688 1320 749 reges
1340 678 1510 731 terre
1533 686 1811 748 congre-

608 758 749 839 gati
782 766 967 820 sunt:
1000 766 1449 819 convenerunt
1482 756 1547 818 in
1581 775 1806 819 unum.

608 846 751 928 Ipsi
802 846 1100 909 videntes
1154 846 1247 907 sic
1292 845 1601 908 admirati
1652 854 1808 908 sunt

610 934 987 998 conturbati
1034 944 1191 997 sunt
1242 934 1563 997 commoti
1612 942 1808 996 sunt:

612 1032 863 1085 tremor
922 1022 1361 1104 apprehendit
1406 1041 1535 1085 eos,
1646 1020 1808 1084 Ibi¹

610 1111 873 1174 dolores
904 1122 979 1174 ut
1012 1112 1431 1191 parturientis
1470 1112 1534 1173 in
1576 1110 1810 1193 spiritu

610 1199 987 1264 vehementi
1042 1208 1340 1262 conteres
1386 1219 1588 1262 naves
1634 1199 1814 1261 thar-

610 1290 719 1351 sis.
779 1288 975 1351 Sicut
1002 1289 1375 1351 audivimus
1406 1289 1498 1351 sic
1524 1288 1812 1350 vidimus

612 1376 679 1439 in
712 1377 980 1439 civitate
1026 1376 1277 1438 domini
1323 1376 1692 1439 virtutum:
1743 1377 1812 1438 in

608 1466 878 1528 civitate
920 1465 1027 1527 dei
1076 1465 1325 1527 nostri:
1372 1465 1537 1527 deus
1574 1464 1812 1527 funda-

608 1554 705 1616 vit
752 1573 903 1616 eam
964 1554 1031 1641 in
1082 1561 1399 1616 eternum.
1500 1553 1813 1636 Suscepi-

610 1662 759 1704 mus
804 1642 967 1703 deus
1022 1642 1535 1704 misericordiam
1583 1650 1812 1705 tuam:

610 1730 677 1794 in
711 1731 933 1793 medio
965 1730 1196 1812 templi
1232 1730 1345 1793 tui.
1421 1730 1810 1794 Secundum

611 1839 855 1882 nomen
918 1828 1105 1883 tuum
1169 1819 1333 1881 deus
1394 1819 1486 1881 sic
1548 1827 1617 1881 et
1667 1818 1810 1881 laus

608 1917 731 1971 tua
762 1908 825 1970 in
860 1906 1025 1970 fines
1054 1918 1264 1971 terre:
1306 1907 1572 1988 justicia
1612 1907 1812 1989 plena

606 2006 711 2060 est
758 1998 1037 2059 dextera
1082 2005 1213 2059 tua.
1290 1996 1566 2059 Letetur
1618 2016 1811 2059 mons

609 2106 776 2167 syon
852 2094 921 2149 et
1004 2085 1310 2148 exultent
1394 2084 1526 2147 filie
1596 2082 1810 2165 jude:

606 2184 878 2257 propter
964 2173 1216 2257 judicia
1306 2184 1421 2236 tua
1518 2172 1807 2237 domine.

612 2261 1009 2327 Circundate
1070 2282 1237 2343 syon
1300 2270 1368 2325 et
1423 2261 1808 2342 complecti-

610 2352 771 2414 mini
825 2371 1015 2415 eam:
1080 2359 1342 2413 narrate
1403 2350 1468 2413 in
1517 2350 1810 2413 turribus

606 2440 765 2520 ejus,
857 2440 1105 2503 Ponite
1182 2439 1381 2503 corda
1441 2448 1663 2502 vestra
1739 2440 1806 2501 in

605 2529 849 2593 virtute
900 2530 1087 2611 ejus:
1149 2537 1218 2593 et
1266 2528 1639 2592 distribuite
1686 2527 1806 2591 do-

606 2638 752 2681 mos
814 2618 955 2698 ejus
1016 2627 1090 2682 ut
1151 2618 1467 2680 enarretis
1529 2619 1595 2679 in
1655 2637 1806 2699 pro—

606 2707 799 2788 genie
860 2707 1081 2770 altera.
1166 2705 1495 2784 Quoniam
1546 2705 1653 2770 hic
1705 2715 1808 2770 est

606 2796 769 2858 deus
810 2796 973 2858 deus
1028 2805 1255 2857 noster
1296 2796 1362 2857 in
1406 2805 1706 2858 eternum
1739 2803 1810 2858 et

607 2884 672 2946 in
735 2885 1027 2946 seculum
1088 2883 1345 2947 seculi:
1421 2885 1561 2965 ipse
1623 2893 1808 2964 reget

606 2993 729 3034 nos
762 2974 825 3034 in
861 2972 1097 3036 secula.
1448 2971 1808 3035 Psalmus.²

603 3062 759 3192 Α
776 3062 955 3123 udite
986 3061 1107 3122 hec
1132 3080 1363 3123 omnes
1386 3071 1619 3142 gentes
1644 3082 1658 3124 ε
1693 3081 1807 3122 au-

774 3150 951 3212 ribus
1012 3149 1329 3232 percipite
1390 3169 1623 3212 omnes
1692 3150 1805 3231 qui

603 3237 919 3302 habitatis
968 3239 1214 3301 orbem.
1310 3237 1569 3320 Quique
1624 3239 1807 3300 terri-

604 3347 773 3409 gene
805 3337 873 3391 et
903 3326 1018 3390 filii
1066 3327 1453 3390 hominum:
1500 3327 1698 3388 simul
1737 3329 1804 3388 in

604 3437 809 3480 unum
837 3417 1019 3479 dives
1052 3427 1117 3479 et
1142 3435 1409 3497 pauper.
1462 3413 1553 3479 Os
1582 3435 1805 3478 meum

604 3505 913 3587 loquetur
942 3506 1336 3587 sapientiam
1368 3525 1382 3567 :
1430 3513 1498 3566 et
1524 3504 1806 3566 medita-

602 3595 697 3657 tio
758 3595 1051 3676 corporis
1082 3594 1107 3632 ³
1169 3593 1297 3656 mei
1360 3593 1804 3675 prudentiam.

602 3682 950 3746 Inclinabo
1012 3683 1075 3745 in
1129 3681 1515 3764 parabolam
1576 3701 1802 3744 aurern

605 3793 823 3835 meam
854 3793 867 3835 ε
900 3773 1191 3853 aperiam
1227 3771 1289 3832 in
1317 3771 1631 3852 psalterio
1655 3790 1803 3852 pro-

604 3862 1002 3943 positionem
1052 3879 1287 3922 meam.
1386 3859 1515 3924 Cur
1551 3858 1804 3922 timebo

602 3951 667 4011 in
720 3951 828 4012 die
879 3949 1093 4011 mala:
1143 3948 1457 4030 iniquitas
1511 3947 1802 4010 calcanei

603 4039 731 4100 mei
772 4037 1181 4100 circundabit
1221 4057 1338 4099 me.
1438 4037 1564 4114 Qui
1596 4035 1802 4099 confi-

601 4127 771 4189 dunt
818 4127 883 4188 in
916 4127 1158 4189 virtute
1202 4146 1366 4188 sua:
1413 4134 1479 4189 et
1518 4127 1582 4187 in
1633 4125 1801 4188 mul-

599 4215 884 4278 titudine
928 4216 1309 4278 divitiarum
1358 4233 1625 4276 suarum
1658 4214 1800 4296 glo-

599 4304 863 4367 riantur.
1005 4303 1241 4367 Frater
1320 4323 1451 4366 non
1536 4304 1801 4366 redimit

830 4453 843 4482 ¹
880 4453 1023 4518 Ipsi:
1062 4453 1110 4504 S.

826 4519 1080 4635 :22:1⁴3ss
1516 4535 1533 4568 ··

1911 1375 2071 1438 chra
2130 1396 2358 1439 eorum
2420 1376 2661 1438 domus
2727 1378 3028 1443 illorum
3087 1383 3142 1443 in

1913 1474 2231 1527 eternum.
2303 1464 2762 1529 Tabernacula
2799 1489 3056 1531 eorum
3085 1473 3140 1532 in

1913 1554 2228 1634 progenie
2287 1561 2355 1615 et
2416 1556 2784 1635 progenie:
2859 1578 3142 1621 vocave-

1913 1652 2068 1703 runt
2117 1642 2388 1704 nomina
2441 1662 2559 1705 sua
2611 1644 2678 1705 in
2729 1646 2944 1708 terris
2996 1649 3138 1709 suis.

1913 1727 2009 1792 Et
2053 1728 2256 1791 homo
2307 1750 2460 1793 cum
2517 1732 2584 1793 in
2635 1731 2912 1797 honore
2973 1747 3138 1798 esset

1913 1837 2048 1881 non
2097 1817 2474 1883 intellexit:
2539 1834 2999 1902 comparatus
3047 1839 3138 1887 est

1906 1906 2228 1987 jumentis
2275 1908 2742 1989 insipientibus
2793 1922 2872 1973 et
2903 1914 3136 1975 similis

1913 1993 2128 2057 sactus
2158 2006 2260 2058 est
2293 1995 2436 2059 illis.
2527 1996 2682 2060 Hec
2715 2000 2834 2061 via
2869 2000 3134 2063 illorum

1912 2083 2302 2146 scandalum
2363 2084 2564 2166 ipsis:
2628 2095 2698 2148 et
2761 2098 3022 2168 postea
3075 2092 3132 2152 in

1911 2192 2025 2236 ore
2099 2192 2222 2236 suo
2283 2173 2827 2254 complacebunt.
2941 2178 3134 2241 Sicut

1909 2280 2068 2323 oves
2100 2262 2166 2323 in
2201 2260 2456 2324 inferno
2501 2262 2702 2343 positi
2749 2274 2924 2327 sunt
2961 2287 3132 2330 mors

1907 2350 2226 2431 depascet
2255 2370 2386 2413 eos.
2465 2350 2562 2412 Et
2590 2351 3133 2418 dominabuntur

1907 2458 2138 2501 eorum
2164 2438 2327 2519 justi
2359 2438 2426 2501 in
2459 2442 2796 2502 matutino
2833 2452 2908 2505 et
2941 2445 3132 2507 auxi·

1910 2526 2072 2591 lium
2105 2547 2334 2591 eorum
2357 2536 2726 2591 veterascet
2759 2530 2832 2592 in
2868 2532 3128 2596 inferno

1909 2637 1950 2678 a
2025 2615 2237 2697 gloria
2311 2637 2556 2679 eorum.
2663 2617 3126 2685 Veruntamen

1907 2706 2076 2768 deus
2120 2706 2402 2768 redimet
2433 2707 2727 2768 animam
2777 2729 3018 2773 meam
3049 2713 3126 2774 de

1910 2813 2112 2856 manu
2169 2793 2356 2856 inferi
2407 2814 2559 2857 cum
2611 2799 2959 2877 acceperit
3007 2821 3122 2861 me.

1907 2883 2022 2944 Ne
2083 2883 2379 2945 timueris
2437 2903 2590 2945 cum
2653 2884 2844 2947 dives
2909 2887 3124 2950 sactus

1908 2969 2102 3033 suerit
2155 2969 2401 3035 homo:
2470 2981 2538 3034 et
2583 2991 2735 3034 cum
2797 2975 3122 3058 multipli—

1907 3069 2060 3122 cata
2121 3059 2316 3123 fuerit
2374 3060 2584 3142 gloria
2647 3062 2898 3125 domus
2963 3067 3120 3147 ejus,

1913 3147 2242 3226 Quoniam
2285 3169 2434 3211 cum
2485 3149 2804 3212 interierit
2839 3171 2982 3214 non
3017 3173 3120 3216 su-

1909 3247 2046 3300 met
2071 3237 2298 3300 omnia
2329 3257 2542 3320 neque
2573 3238 2944 3302 descendet
2969 3263 3120 3304 cum

1908 3346 1990 3388 eo
2021 3325 2231 3407 gloria
2260 3326 2418 3407 ejus.
2509 3325 2679 3404 Quia
2709 3327 2940 3390 anima
2975 3331 3120 3412 ejus

1908 3414 1974 3477 in
2007 3415 2147 3477 vita
2192 3415 2395 3496 ipsius
2437 3414 2912 3480 benedicetur:
2961 3439 3122 3482 con-

1907 3501 2202 3566 fitebitur
2233 3504 2352 3566 tibi
2400 3523 2550 3566 cum
2593 3503 3010 3570 benefeceris
3040 3509 3116 3571 ei.

1903 3591 2221 3655 Introibit
2252 3612 2462 3674 usque
2505 3592 2572 3654 in
2607 3593 2963 3674 progenies
3003 3617 3122 3678 pa-

1906 3689 2082 3743 trum
2115 3699 2380 3743 suorum
2411 3701 2426 3744 :
2473 3681 2575 3743 et⁶
2599 3700 2808 3763 usque
2841 3682 2910 3744 in
2941 3695 3118 3748 eter-

1907 3789 2066 3832 num
2099 3789 2231 3832 non
2264 3769 2516 3832 videbit
2548 3769 2790 3832 lumen.
2877 3771 3117 3836 Homo

1905 3877 2058 3921 cum
2080 3859 2147 3921 in
2167 3857 2418 3920 honore
2437 3867 2610 3920 esset
2623 3877 2751 3921 non
2777 3859 3116 3925 intellexit

1907 3956 2327 4028 comparatus
2374 3954 2476 4009 est
2515 3946 2835 4028 jumentis
2887 3949 3118 4032 insipi—

1903 4037 2168 4098 entibus
2201 4045 2268 4098 et
2291 4036 2524 4098 similis
2556 4034 2771 4098 factus
2803 4047 2910 4100 est
2943 4037 3114 4102 illis.⁶

1901 4133 2006 4187 αῆ.
2057 4123 2353 4188 Auribus
2395 4125 2712 4206 percipite
2759 4124 2875 4205 qui
2927 4126 3118 4190 habi-

1904 4213 2062 4276 tatis
2093 4213 2340 4276 orbem.
2747 4212 3114 4280 psalmus!

2003 4453 2021 4480 ⁴
2061 4450 2488 4500 ‘et’om.:W.S.
2673 4453 2695 4482 ⁸
2735 4452 3104 4505 ‘et’om.:S.

2001 4519 2021 4546 ⁸
2061 4523 2074 4545 ‘
2101 4518 2278 4566 Gloria
2304 4517 2433 4584 patri
2453 4519 2465 4540 '
2501 4517 2600 4566 add
2627 4533 2638 4566 :
2673 4517 2736 4566 G.
2749 4517 2798 4566 S.

2003 4588 2020 4614 '¹
2043 4589 2124 4648 pi.
2153 4597 2254 4646 49:
2287 4586 2354 4633 E.
2369 4585 2425 4633 G.
2497 4585 2628 4634 xlix.
2653 4597 2671 4631 :
2693 4585 2743 4633 S.
