3375 5100
1273 414 1397 471 AD
1442 414 1774 471 NONAM.

832 523 993 580 899

318 630 621 697 illumina
685 650 887 716 super
936 648 1199 695 servum
1273 638 1512 695 tuum:

317 729 388 786 et
431 722 598 785 doce
641 740 754 784 me
792 718 1301 803 justificationes
1344 728 1514 783 tuas,

318 809 571 874 Exitus
668 828 993 892 aquarum
1084 808 1513 873 deduxerunt

318 898 491 963 oculi
552 898 729 961 mei:
774 896 932 979 quia
990 915 1125 960 non
1186 896 1514 960 custodie-

320 994 475 1051 runt
548 984 763 1068 legem
816 994 1024 1049 tuam.
1152 984 1399 1061 Justus
1444 1004 1515 1047 es

321 1076 633 1139 domine:
722 1082 793 1138 et
865 1083 1119 1139 rectum
1190 1073 1515 1155 judicium

319 1173 529 1227 tuum.
618 1162 969 1227 Mandasti
1023 1162 1353 1244 justitiam
1384 1171 1515 1225 tes-

320 1251 601 1316 timonia
630 1260 783 1315 tua:
829 1259 899 1314 et
950 1251 1296 1314 veritatem
1328 1258 1515 1313 tuam

322 1342 539 1405 nimis.
623 1339 988 1404 Tabescere
1020 1360 1128 1403 me
1149 1338 1308 1403 fecit
1337 1337 1518 1401 zelus

324 1448 564 1494 meus:
629 1429 790 1511 quia
849 1427 1039 1491 obliti
1102 1435 1258 1491 sunt
1314 1426 1520 1491 verba

319 1528 442 1581 tua
487 1517 735 1581 inimici
791 1516 939 1580 mei.
1031 1516 1332 1599 Ignitum
1382 1513 1519 1579 elo-

320 1606 555 1689 quium
631 1614 821 1668 tuum
895 1602 1360 1669 vehementer:
1450 1610 1519 1667 et

320 1714 551 1759 servus
581 1703 737 1757 tuus
780 1692 1023 1757 dilexit
1054 1691 1236 1757 illud.
1327 1691 1519 1756 Ado-

322 1781 723 1847 lescentulus
752 1801 899 1845 sum
923 1780 940 1819 ¹
968 1789 1037 1845 et
1054 1790 1477 1863 contemptus
1504 1801 1520 1845 ε

318 1871 829 1955 justificationes
860 1878 1011 1933 tuas
1057 1889 1190 1933 non
1221 1889 1368 1932 sum
1402 1869 1519 1932 ob-

324 1960 497 2025 litus,
610 1959 903 2048 Justitia
965 1967 1085 2022 tua
1130 1958 1391 2039 justitia
1450 1957 1519 2020 in

324 2058 675 2113 eternum:
764 2056 833 2112 et
908 2045 1023 2110 lex
1097 2056 1215 2111 tua
1258 2047 1517 2110 veritas,

337 2138 705 2202 Tribulatio
766 2145 834 2199 et
886 2135 1195 2218 angustia
1256 2136 1521 2199 invene-

326 2236 480 2289 runt
504 2245 613 2289 me
641 2224 997 2289 :mandata
1027 2232 1145 2287 tua
1174 2223 1523 2287 meditatio

328 2335 479 2379 mea
546 2322 663 2377 est.
774 2314 1067 2395 Equitas
1140 2312 1525 2375 testimonia

324 2413 445 2467 tua
474 2403 540 2465 in
586 2410 932 2467 eternum:
979 2400 1388 2466 intellectum
1436 2400 1527 2463 da

328 2492 489 2556 mihi
514 2500 583 2556 et
612 2490 881 2556 vivam.²
1219 2488 1525 2573 psalmus.

477 2579 721 2644 lamavi
764 2581 831 2642 in
883 2587 1029 2644 toto
1080 2578 1277 2643 corde
1325 2577 1527 2642 meo⁸

475 2669 723 2732 exaudi
770 2689 878 2732 me
938 2667 1247 2732 domine:
1288 2665 1527 2748 justifi-

326 2758 623 2823 cationes
654 2767 803 2820 tuas
828 2757 1174 2838 requiram.
1226 2753 1527 2822 clamavi

328 2848 417 2912 ad
443 2856 512 2911 te
542 2846 799 2910 salvum
854 2866 962 2909 me
1010 2845 1155 2909 sac:
1202 2853 1278 2907 ut
1307 2853 1528 2908 custo-

330 2937 512 3000 diam
560 2935 881 2998 mandata
922 2943 1058 2998 tua.
1146 2933 1435 2996 Preveni
1460 2933 1527 2995 in

330 3023 717 3088 maturitate
770 3029 839 3085 et
886 3021 1211 3086 clamavi:
1258 3021 1415 3104 quia
1460 3021 1527 3084 in

327 3113 531 3176 verba
560 3121 677 3176 tua
723 3110 1197 3193 supersperavi.
1279 3110 1530 3173 Preve-

331 3209 574 3265 nerunt
598 3199 773 3264 oculi
800 3199 930 3262 mei
962 3199 1047 3263 ad
1080 3207 1147 3262 te
1171 3197 1529 3262 diluculo⁴z

329 3297 407 3353 ut
426 3291 782 3353 meditarer
803 3289 1067 3369 eloquia
1086 3296 1219 3351 tua.
1283 3286 1528 3351 Vocem

328 3397 553 3442 meam
622 3377 779 3442 audi
838 3375 1203 3440 secundum
1280 3375 1531 3438 miseri-

329 3468 629 3531 cordiam
664 3475 851 3529 tuam
871 3465 1142 3528 domine
1165 3470 1267 3528 :et
1300 3483 1531 3528 secun-

329 3556 494 3619 dum
522 3554 845 3637 judicium
892 3562 1083 3616 tuum
1114 3551 1374 3616 vivifica
1405 3571 1531 3615 me.

328 3645 1059 3727 Appropinquaverunt
1133 3659 1534 3723 persequen-

328 3743 435 3796 tes
490 3753 600 3795 me
688 3731 1063 3814 iniquitati:
1108 3750 1151 3793 a
1210 3729 1357 3812 lege
1419 3749 1533 3792 au-

332 3830 471 3885 tem
494 3830 612 3883 tua
642 3820 841 3902 longe
865 3819 1020 3883 facti
1042 3827 1215 3882 sunt.
1305 3818 1536 3900 Prope

332 3929 407 3973 es
436 3919 511 3972 tu
542 3909 815 3972 domine
841 3928 860 3970 t
904 3917 973 3972 et
1020 3926 1255 3970 omnes
1284 3907 1389 3970 vie
1420 3916 1534 3970 tue

330 3999 595 4062 veritas».
686 3996 895 4060 Initio
926 3995 1209 4078 cognovi
1235 3994 1319 4058 de
1349 3996 1537 4058 testi-

334 4087 575 4150 moniis
633 4087 807 4151 tuis:
902 4086 1061 4167 quia
1112 4083 1179 4146 in
1232 4092 1534 4147 eternum

334 4173 629 4238 fundasti
663 4195 759 4238 ea.
864 4173 1045 4238 Vide
1085 4170 1533 4235 humilitatem

334 4283 557 4328 meam
592 4273 661 4326 et
705 4261 885 4344 eripe
932 4281 1083 4325 me:
1130 4261 1287 4343 quia
1320 4259 1533 4342 legem

333 4361 521 4418 tuam
553 4372 689 4415 non
734 4371 882 4414 sum
929 4349 1190 4414 oblitus,
1283 4347 1537 4423 Judica

328 4441 655 4524 judicium
707 4459 931 4504 meum
978 4449 1047 4504 et
1096 4437 1346 4502 redime
1388 4456 1535 4502 me:

570 4579 592 4674 2
628 4573 1339 4708 :ffimffipfflt‘ffifihvffi'a

2113 524 2279 582 900

1608 637 1884 713 propter
1911 629 2250 715 eloquium
2298 640 2490 697 tuum
2550 630 2814 700 vivifica

1610 738 1739 783 me.
1767 719 2004 801 Longe
2034 741 2076 784 a
2095 722 2556 804 peccatoribus
2579 724 2758 787 salus
2792 744 2811 787 ε

1608 807 1770 889 quia
1791 806 2298 889 justificationes
2326 817 2478 874 tuas
2510 830 2644 875 non
2690 833 2814 875 ex-

1610 895 1995 977 quisierunt.
2113 898 2580 964 Misericordie
2696 908 2813 965 tue

1614 985 1826 1047 multe
1877 985 2188 1051 domine:
2235 987 2601 1052 secundum
2627 988 2810 1071 judi-

1612 1072 1788 1137 cium
1821 1081 2010 1137 tuum
2056 1072 2318 1139 vivifica
2381 1095 2505 1141 me.
2595 1078 2810 1141 Multi

1614 1160 1730 1244 qui
1759 1172 2245 1244 persequuntur
2267 1184 2376 1227 me
2394 1174 2464 1229 et
2492 1164 2814 1233 tribulant

1614 1268 1764 1313 me:
1797 1270 1838 1313 a
1865 1252 2261 1316 testimoniis
2291 1254 2422 1317 tuis
2453 1274 2587 1317 non
2611 1254 2813 1319 decli-

1616 1337 1788 1402 navi.
1888 1338 2046 1403 Vidi
2087 1342 2574 1423 prevaricantes
2611 1353 2681 1407 et
2709 1353 2810 1407 ta-

1614 1424 2011 1490 bescebam:
2055 1430 2214 1511 quia
2235 1429 2498 1512 eloquia
2527 1440 2645 1496 tua
2676 1452 2812 1495 non

1616 1515 2089 1581 custodierunt.
2226 1517 2405 1583 Vide
2493 1522 2812 1602 quoniam

1618 1603 1942 1667 mandata
1973 1613 2090 1668 tua
2148 1606 2358 1671 dilexi
2389 1607 2698 1673 domine:
2745 1609 2813 1673 in

1619 1692 2073 1757 misericordia
2153 1704 2272 1760 tua
2353 1696 2614 1761 vivifica
2687 1718 2814 1764 me.

1616 1780 2038 1862 Principium
2111 1784 2469 1849 verborum
2547 1794 2813 1850 tuorum

1617 1870 1902 1933 veritas:
1949 1870 2016 1932 in
2046 1879 2348 1936 eternum
2382 1875 2611 1938 omnia
2635 1873 2818 1956 judi-

1618 1958 1725 2022 cia
1746 1956 2004 2037 justitie
2034 1968 2166 2024 tue.
2218 1960 2446 2026 Gloria
2475 1964 2666 2045 patri.

1618 2048 1768 2179 P
1782 2047 2068 2129 rincipes
2097 2051 2423 2131 persecuti
2455 2050 2818 2135 [Psalmus.

1781 2144 1938 2198 sunt
1970 2156 2077 2199 me
2121 2138 2366 2219 gratis:
2413 2147 2483 2203 et
2513 2160 2554 2203 a
2599 2142 2821 2205 verbis

1618 2222 1754 2287 tuis
1785 2222 2167 2288 formidavit
2219 2246 2333 2289 cor
2361 2247 2603 2292 meum.
2680 2229 2820 2293 Le·-

1621 2311 1818 2374 tabor
1876 2332 2004 2395 ego
2063 2333 2262 2397 super
2320 2316 2588 2399 eloquia
2661 2326 2820 2381 tua:

1621 2400 1794 2463 sicut
1844 2402 1958 2482 qui
2013 2401 2265 2467 invenit
2315 2403 2532 2487 spolia
2591 2405 2820 2470 multa.

1622 2488 2062 2572 Iniquitatem
2088 2492 2244 2556 odio
2289 2492 2494 2558 habui
2544 2504 2611 2560 et
2659 2496 2822 2560 abo-

1624 2579 1918 2642 minatus
1993 2600 2180 2646 sum:
2272 2579 2489 2666 legem
2594 2593 2820 2649 autem

1626 2675 1814 2729 tuam
1848 2666 2074 2732 dilexi.
2156 2669 2427 2753 Septies
2459 2673 2527 2735 in
2547 2673 2656 2737 die
2680 2673 2822 2738 lau-

1626 2755 1782 2818 dem
1814 2755 1957 2820 dixi
1988 2757 2150 2822 tibi:
2181 2779 2381 2842 super
2403 2760 2658 2841 judicia
2680 2762 2821 2845 jus-

1626 2843 1772 2908 titie
1819 2853 1950 2910 tue.
2034 2845 2192 2910 Pax
2249 2849 2462 2914 multa
2491 2849 2825 2934 diligenti-

1626 2931 1753 2996 bus
1806 2932 2022 3016 legem
2082 2944 2316 3000 tuam:
2393 2948 2462 3001 et
2523 2959 2658 3004 non
2718 2949 2825 3004 est

1626 3021 1756 3084 illis
1844 3022 2252 3088 scandalum.
2346 3026 2824 3110 Expectabam

1626 3108 1914 3173 salutare
1945 3119 2132 3174 tuum
2175 3111 2490 3180 domine:
2521 3127 2590 3180 et
2637 3138 2827 3181 man-

1626 3198 1790 3263 data
1880 3208 2000 3263 tua
2086 3199 2314 3266 dilexi.
2455 3204 2827 3271 Custodivit

1614 3286 1854 3349 anima
1903 3307 2052 3351 mea
2112 3291 2495 3356 testimonia
2553 3303 2708 3358 tua:
2757 3304 2826 3358 et

1632 3375 1874 3439 dilexit
1905 3395 1985 3439 ea
2013 3373 2457 3444 vehementer.
2551 3381 2826 3448 Servavi

1632 3463 1956 3526 mandata
1987 3472 2105 3528 tua
2132 3474 2201 3530 et
2255 3469 2639 3534 testimonia
2669 3482 2826 3537 tua:

1631 3552 1790 3636 quia
1813 3571 2045 3616 omnes
2064 3553 2167 3618 vie
2200 3575 2346 3620 mee
2379 3557 2445 3621 in
2469 3571 2830 3642 conspectu

1628 3651 1767 3704 tu0.
1879 3642 2399 3726 Appropinquet
2449 3647 2834 3731 deprecatio

1632 3749 1787 3793 mea
1817 3728 1883 3792 in
1939 3742 2297 3814 conspectu
2349 3742 2469 3798 tuo
2517 3737 2834 3804 domine:

1628 3817 1830 3900 juxta
1877 3817 2218 3902 eloquium
2266 3830 2460 3886 tuum
2511 3823 2601 3888 da
2669 3827 2834 3890 mihi

1634 3907 2066 3972 intellectum.
2176 3909 2398 3974 Intret
2471 3915 2836 3996 postulatio

1638 4015 1788 4060 mea
1808 3997 1875 4059 in
1897 4007 2256 4078 conspectu
2283 4008 2438 4064 tuo:
2469 4003 2835 4068 secundum

1636 4085 1976 4166 eloquium
2009 4095 2198 4149 tuum
2243 4087 2426 4171 eripe
2458 4111 2582 4154 me.
2629 4091 2840 4159 Eruc-

1636 4172 1886 4237 tabunt
1981 4173 2160 4238 labia
2255 4197 2407 4241 mea
2469 4179 2838 4263 hymnum:

1636 4282 1789 4325 cum
1836 4260 2139 4326 docueris
2173 4285 2280 4328 me
2333 4265 2842 4348 justificationes

1634 4359 1803 4415 tuas,
1875 4351 2356 4418 Pronunciabit
2416 4355 2644 4440 lingua
2695 4380 2846 4424 mea

1636 4439 1974 4522 eloquium
2047 4448 2282 4508 tuum:
2373 4445 2532 4527 quia
2623 4449 2848 4512 omnia

1876 4576 1898 4606 ⁸
1937 4576 2112 4626 ‘meo’
2137 4592 2274 4628 orm:
2313 4579 2598 4633 E.G.W.S.

1880 4644 1900 4674 ⁴
1929 4643 2178 4695 diliculo:
2215 4645 2267 4697 S.

2445 4743 2580 4810 3Q
