3375 5100
1639 363 1745 418 IN
1786 363 1939 419 DIE

1059 472 1216 528 403

533 597 731 659 usque
779 577 848 640 in
895 578 1169 643 sabbato.
1262 577 1363 641 Et
1402 577 1729 642 sciendum

532 677 626 729 est
652 668 824 749 quod
863 668 1080 730 omnia
1114 667 1498 730 invitatoria
1518 690 1543 730 .·
1602 668 1731 731 Re-

531 756 858 836 sponsoria
884 779 906 819 .·
947 756 1150 838 officia
1170 779 1194 818 .·
1225 756 1549 837 offertoria
1567 777 1729 818 com-

534 847 754 907 munio
783 856 846 907 et
872 866 1086 907 omnes
1124 845 1252 908 alie
1280 855 1414 907 tam
1445 845 1522 907 de
1549 865 1729 906 sanc-

535 933 622 995 tis
639 955 834 1015 quam
864 933 944 996 de
966 935 1232 996 servitio
1247 933 1547 1014 paschali
1565 954 1608 995 a
1626 932 1732 995 die

517 1023 754 1104 pasche
810 1041 1006 1103 usque
1072 1021 1166 1084 ad
1207 1021 1456 1101 festum
1516 1031 1733 1083 sancte

534 1109 861 1174 trinitatis
917 1108 1137 1172 debent
1187 1109 1534 1172 terminari
1587 1130 1730 1171 cum

533 1197 826 1264 Alleluia
877 1207 1121 1279 excepta
1167 1197 1518 1278 antiphona
1567 1196 1731 1261 Gra-

533 1289 660 1351 tias
697 1287 817 1350 tibi
861 1287 1040 1349 deus
1095 1286 1194 1348 ad
1233 1306 1430 1368 quam
1471 1305 1596 1348 non
1635 1306 1732 1348 se-

530 1377 761 1459 quitur
800 1373 1108 1438 Alleluia.

535 1471 598 1543 (s
645 1465 728 1527 In
788 1462 895 1525 die
935 1461 1169 1544 pasclze
1225 1460 1322 1524 ad
1372 1463 1735 1526 matutinas

533 1574 658 1616 non
711 1551 975 1615 dicatur
1016 1551 1305 1614 Domine
1359 1549 1574 1615 labia:
1622 1550 1740 1613 sed

534 1641 932 1723 incipiatur:
978 1639 1160 1702 Deus
1207 1639 1272 1700 in
1311 1639 1733 1720 adjutorium.

533 1740 636 1794 etc.
701 1729 1170 1793 Invitatorium
1233 1727 1524 1791 Alleluia
1576 1728 1733 1790 alle-

535 1818 684 1882 luia.
777 1817 1078 1882 Christus
1156 1815 1354 1879 hodie
1427 1818 1733 1881 surrexit.

534 1907 712 1970 All'a
771 1907 936 1971 all’a.
1010 1913 1105 1987 pf.
1174 1905 1414 1968 Venite
1474 1904 1732 1968 exulte-

537 2017 696 2059 mus.

533 2083 580 2148 J
577 2105 618 2144 n
637 2082 857 2165 primo
885 2092 1202 2145 nocturno.
1361 2081 1733 2163 antiphona.

532 2174 770 2304 Ego
823 2193 968 2234 sum
1031 2172 1142 2254 qui
1203 2189 1403 2234 sum:
1462 2179 1530 2234 et
1578 2189 1734 2232 con-

684 2262 901 2324 silium
965 2279 1186 2323 meum
1235 2279 1368 2322 non
1419 2267 1518 2321 est
1577 2277 1731 2322 cum

535 2350 792 2431 impiis:
838 2349 955 2412 sed
1007 2349 1072 2411 in
1121 2346 1267 2430 lege
1315 2346 1566 2409 domini
1617 2367 1733 2409 vo-

533 2438 751 2501 luntas
785 2457 934 2500 mea
965 2447 1082 2500 est.
1173 2434 1335 2498 all’a.
1413 2444 1510 2517 pff.
1571 2435 1733 2499 Bea-

533 2537 640 2591 tus
696 2528 806 2591 vir.
895 2525 1027 2590 Αῆ.
1087 2523 1418 2588 Postulavi
1473 2533 1729 2607 patrem

535 2636 755 2679 meum
808 2614 992 2677 all'a:
1055 2614 1241 2678 dedit
1291 2612 1450 2675 mihi
1499 2621 1733 2695 gentes

534 2704 724 2767 all'a:
781 2705 846 2766 in
905 2703 1334 2765 hereditatem
1385 2700 1549 2765 all'a.
1626 2710 1732 2783 pff.

536 2792 758 2875 Quare
847 2791 1268 2855 fremuerunt.
1374 2790 1506 2853 Αῆ.
1585 2788 1736 2871 Ego

537 2880 814 2944 dormivi
893 2889 960 2943 et
1035 2898 1342 2941 somnum
1426 2878 1568 2960 cepi
1665 2887 1734 2941 et

535 2970 846 3033 exurrexi
891 2968 1204 3050 quoniam
1237 2967 1542 3029 dominus
1589 2986 1733 3029 sus-

536 3060 713 3140 cepit
747 3078 851 3119 me
889 3054 1153 3119 alleluia
1200 3055 1364 3119 all’a.
1440 3062 1539 3136 pff.
1592 3055 1733 3118 Do-

537 3148 713 3208 mine
764 3146 924 3227 quid
982 3142 1414 3225 multiplicati.
1506 3160 1553 3230 y
1601 3144 1733 3206 Re-

535 3236 820 3298 surrexit
882 3234 1207 3297 dominus,
1313 3233 1498 3297 Sicut
1556 3233 1735 3295 dixit

533 3323 723 3387 vobis
754 3322 916 3386 all'a.
1031 3320 1393 3384 Secundum
1425 3339 1732 3384 marcum.

541 3416 682 3545 sn
717 3412 829 3475 illo
854 3422 1187 3492 tempore:
1224 3410 1435 3473 Maria
1461 3408 1733 3491 magda-

643 3502 788 3566 lene
834 3510 901 3563 et
949 3500 1152 3565 maria
1194 3498 1415 3579 jacobi
1463 3505 1530 3560 et
1561 3496 1731 3561 salo-

533 3610 682 3655 mee
712 3598 1013 3653 emerunt
1039 3598 1338 3653 aromata
1368 3596 1441 3651 ut
1465 3586 1731 3649 venien-

529 3689 634 3744 tes
683 3686 1005 3761 ungerent
1056 3676 1300 3757 jesum.
1398 3674 1486 3739 Et
1537 3674 1732 3737 valde

533 3788 730 3832 mane
791 3787 922 3830 una
974 3764 1402 3829 sabbatorum
1457 3763 1730 3827 veniunt

531 3857 617 3921 ad
667 3863 1169 3920 monumentum
1217 3862 1363 3915 orto
1404 3850 1544 3934 jam
1576 3850 1733 3917 sole.

535 3946 627 4010 Et
660 3944 924 4027 reliqua.

540 4033 793 4099 Omelia
819 4031 988 4095 beati
1004 4030 1298 4113 gregorii
1304 4039 1481 4110 pape.
1528 4028 1731 4110 Leaj.

671 4119 1059 4183 ommendat
1082 4120 1272 4182 nobis
1294 4117 1735 4181 sacratissima

673 4211 868 4273 lectio
934 4217 1308 4271 sanctarum
1387 4206 1731 4267 mulierum

537 4298 1004 4363 devotionem:
1082 4295 1465 4377 angelorum
1530 4313 1731 4374 appa-

537 4388 894 4451 ritionem:
971 4394 1037 4447 et
1099 4383 1276 4466 quwd
1356 4382 1456 4443 his
1518 4381 1734 4461 majus

2336 473 2493 529 404

1828 586 1930 643 est
1990 577 2391 644 dominicam
2467 577 3025 644 resurrectionem.

1833 666 2105 730 Pulchre
2152 687 2311 750 ergo
2360 667 2665 740 mulieres
2718 669 2843 732 iste
2890 688 3027 733 uno

1829 757 2097 820 nomine
2174 766 2562 820 censentur:
2636 765 2711 819 ut
2786 757 3027 840 quibus

1829 843 2040 908 suerat
2072 865 2205 907 una
2230 845 2577 908 voluntas:
2614 865 2819 908 unum
2852 855 3029 909 esset

1829 942 1898 995 et
1924 933 2337 996 vocabulum.
2404 933 2617 997 Maria
2646 953 2805 1015 ergo
2835 952 3027 1016 mag-

1830 1019 2064 1084 dalene
2096 1021 2237 1104 ipsa
2268 1031 2370 1084 est
2398 1042 2581 1085 soror
2610 1021 2805 1086 lazari
2834 1043 2849 1085 :
2896 1042 3027 1104 que

1831 1111 2026 1173 unxit
2044 1110 2389 1173 dominum
2414 1118 2769 1192 unguento,
2810 1110 3027 1174 Maria

1824 1197 2043 1280 jacobi
2094 1207 2306 1262 mater
2350 1207 2451 1261 est
2484 1198 2705 1279 jacobi
2756 1199 3029 1262 minoris

1830 1296 1898 1350 et
1940 1285 2217 1368 joseph:
2286 1296 2352 1350 et
2401 1307 2586 1350 soror
2630 1287 2861 1350 matris
2906 1287 3029 1350 do-

1831 1374 2009 1438 mini.
2112 1375 2326 1438 Maria
2363 1375 2695 1438 salomee:
2741 1395 2781 1438 a
2828 1375 3026 1438 vico¹

1833 1463 1936 1526 vel
1990 1485 2032 1526 a
2080 1464 2222 1526 viro
2274 1465 2455 1526 dicta
2510 1473 2632 1527 est.
2732 1463 3031 1527 Tradunt

1831 1553 2009 1614 enim
2056 1571 2205 1615 eam
2250 1552 2419 1615 duos
2462 1553 2637 1614 viros
2687 1551 3031 1616 habuisse:

1832 1640 2181 1721 cleopham
2221 1640 2467 1703 scilicet
2509 1651 2578 1702 et
2622 1639 3031 1704 salomeum:

1832 1729 2177 1810 ipsamque
2224 1727 2454 1792 volunt
2502 1749 2643 1792 esse
2696 1748 2826 1812 que
2870 1728 3029 1791 alibi

1833 1818 2040 1879 maria
2091 1815 2365 1899 cleophe
2426 1815 2809 1900 appellatur.
2903 1817 3030 1880 Tu.

1832 1905 1945 1969 Re.
2022 1903 2325 1988 Angelus
2374 1906 2625 1968 domini
2684 1905 3032 1968 descendit

1832 1992 1913 2056 de
1989 1992 2133 2058 celo
2216 2003 2285 2057 et
2354 1994 2676 2057 accedens
2751 1993 3031 2057 revolvit

1836 2080 2125 2163 lapidem
2167 2091 2237 2145 et
2284 2102 2481 2164 super
2536 2101 2691 2144 eum
2739 2082 2912 2146 sedit
2960 2093 3029 2146 et

1831 2169 2007 2233 dixit
2066 2169 2449 2234 mulieribus
2516 2169 2722 2234 nolite
2792 2171 3031 2234 timere

1831 2259 1969 2322 scio
1998 2260 2175 2322 enim
2220 2260 2375 2340 quia
2424 2257 2813 2322 crucifixum
2866 2279 3029 2340 que-

1830 2347 1985 2410 ritis,
2091 2347 2243 2428 Jam
2320 2347 2604 2410 surrexit
2662 2347 2883 2410 venite
2958 2356 3029 2410 et

1829 2436 2051 2498 videte
2110 2436 2327 2498 locum
2390 2436 2499 2498 ubi
2571 2437 2825 2518 positus
2883 2444 3028 2498 erat

1830 2524 2151 2589 dominus.
2212 2524 2377 2588 all'a.
2465 2538 2514 2611 γ
2558 2523 2861 2607 Angelus
2906 2525 3030 2588 do-

1833 2614 1991 2676 mini
2052 2613 2309 2677 locutus
2361 2622 2463 2676 est
2500 2612 2883 2677 mulieribus
2929 2614 3030 2677 di-

1830 2720 2021 2764 cens:
2084 2721 2283 2783 quem
2333 2702 2605 2784 queritis
2663 2722 2747 2765 an
2795 2701 3025 2783 Jesum

1834 2790 2124 2872 queritis,
2200 2790 2370 2871 Jam.
2713 2790 2927 2853 Lectio
2958 2790 3031 2872 ij.

1850 2880 2227 3009 Veniunt
2257 2898 2416 2959 ergo
2450 2886 2678 2942 sancte
2722 2878 3030 2941 mulieres

1998 2986 2149 3030 cum
2175 2967 2579 3031 aromatibus
2608 2966 3028 3049 sepulchrum

1831 3053 2084 3117 domini
2133 3056 2443 3119 visitare:
2508 3064 2575 3119 et
2623 3075 2775 3117 eum
2825 3076 3026 3138 quem

1830 3144 2162 3207 viventem
2186 3144 2595 3207 dilexerant:
2631 3145 2833 3207 etiam
2856 3163 3029 3207 mor-

1832 3240 2019 3294 tuum
2076 3232 2297 3295 studio
2356 3231 2786 3296 humanitatis
2838 3232 3028 3295 obse-

1833 3328 2135 3401 quuntur.
2234 3320 2324 3383 Et
2383 3319 2577 3384 valde
2638 3340 2835 3385 mane
2895 3340 3027 3384 una

1831 3408 2259 3472 sabbatorum
2308 3409 2581 3473 veniunt
2642 3408 2726 3472 ad
2790 3429 3029 3473 monu-

1832 3505 2130 3561 mentum
2212 3506 2359 3560 orto
2442 3495 2583 3578 jam
2654 3495 2810 3561 sole.
2911 3496 3029 3561 Ab

1833 3587 2019 3649 initio
2061 3586 2237 3649 enim
2286 3585 2486 3649 seculi
2530 3605 2740 3667 usque
2782 3586 2865 3648 ad
2910 3587 3031 3649 do-

1832 3676 1993 3738 mini
2056 3674 2591 3737 resurrectionem
2666 3674 2807 3737 dies
2882 3694 3027 3757 pre-

1831 3762 2152 3828 cedebat:
2198 3771 2265 3825 et
2298 3782 2437 3825 nox
2468 3763 2881 3845 sequebatur.
2958 3762 3031 3827 A

1830 3850 2082 3915 domini
2143 3871 2301 3914 vero
2360 3852 2829 3915 resurreetione
2890 3870 3029 3914 nox

1834 3940 2193 4023 precedens
2253 3940 2339 4003 ad
2400 3950 2787 4021 sequentem
2850 3939 3029 4002 diem

1834 4028 2169 4113 pertinet:
2268 4029 2425 4110 quia
2507 4028 2617 4109 qui
2694 4029 2761 4091 in
2832 4027 3031 4108 hujus

1836 4118 2045 4181 noctis
2105 4125 2291 4198 parte
2357 4115 2595 4179 ultima
2652 4136 2691 4178 a
2754 4117 3032 4179 mortuis

1834 4206 2240 4271 resurrexit:
2327 4204 2538 4286 ipsam
2621 4214 2882 4267 noctem
2962 4206 3032 4267 in

1834 4294 2008 4355 diem
2040 4293 2491 4356 commutavit.
2570 4292 2681 4356 Re.
2731 4292 3035 4375 Angelus

1834 4382 2084 4444 domini
2148 4382 2403 4445 locutus
2478 4389 2579 4444 est
2656 4380 3035 4445 mulieribus

1620 4542 1632 4572 ⁸
1671 4542 1804 4593 victo
1821 4562 1833 4594 ς
1868 4542 1951 4592 W.
