3375 5100
1410 351 1828 408 DOMINICA
1899 350 2200 404 TERTIA

1094 460 1230 514 815

564 565 719 630 mali
753 567 972 630 videre
1004 585 1136 630 non
1170 575 1463 648 possunt.
1550 565 1753 628 Deni-

562 677 691 736 que
740 656 824 719 ad
874 675 946 718 se
998 656 1373 717 venientem
1426 655 1753 718 lacerant:

560 745 859 807 seviunt:
908 763 1139 806 necare
1194 742 1523 806 festinant.
1614 742 1754 805 No-

564 831 707 895 lunt
776 831 1113 895 meliorem
1188 832 1404 894 vivere
1481 851 1564 893 ne
1640 829 1754 892 de-

558 939 834 1002 generes
878 921 1003 1003 ipsi
1058 929 1328 1001 possent
1360 919 1758 1001 improperia

560 1009 896 1071 sustinere.
1010 1007 1123 1070 Re.
1204 1009 1548 1071 Memento
1626 1007 1754 1069 mei

560 1097 721 1160 dum
772 1098 941 1161 bene
993 1097 1111 1158 tibi
1163 1096 1373 1159 fuerit.
1469 1097 1566 1161 Ut
1602 1115 1754 1176 sug·

558 1205 749 1266 geras
780 1184 1098 1266 pharaoni
1144 1195 1213 1246 ut
1246 1185 1485 1248 educat
1519 1203 1625 1247 me
1668 1185 1755 1246 de

560 1273 690 1335 isto
721 1293 975 1336 carcere
1006 1273 1163 1355 quia
1194 1271 1419 1336 furtim
1451 1272 1754 1336 sublatus

559 1381 707 1423 sum
768 1371 836 1424 et
884 1360 989 1423 hic
1040 1363 1352 1424 innocens
1414 1363 1479 1423 in
1534 1361 1751 1424 lacum

561 1450 797 1512 missus
828 1469 993 1512 sum.
1062 1467 1109 1536 γ
1139 1449 1303 1512 Tres
1336 1451 1511 1512 enim
1536 1449 1753 1513 adhuc

558 1538 702 1600 dies
731 1549 887 1600 sunt
916 1548 1069 1621 post
1100 1558 1265 1620 quos
1306 1539 1754 1601 recordabitur

558 1625 810 1707 pharao
840 1625 1180 1689 ministerii
1202 1627 1297 1689 tui
1318 1635 1385 1689 et
1418 1626 1753 1689 revocabit

559 1723 628 1776 te
689 1715 754 1776 in
828 1715 1107 1797 gradum
1184 1715 1530 1796 pristinum
1595 1724 1752 1777 tunc

560 1813 897 1866 memento
974 1804 1121 1866 mei.

562 1890 805 1955 Gloria.
900 1892 1015 1956 Ut.

561 1980 644 2042 In
676 1979 763 2062 ἐξ]
786 1990 1089 2043 nocturno
1116 1988 1223 2043 αῆ.
1272 1980 1588 2062 Sponsus,
1648 1989 1750 2062 pf.

562 2066 705 2132 Celi
738 2079 1061 2132 enarrant.
1153 2085 1200 2154 γ
1248 2067 1567 2150 Scapulis.
1617 2069 1751 2132 Sec.

556 2158 655 2288 l
665 2177 707 2218 n
742 2156 855 2220 illo
885 2167 1187 2240 tempore
1237 2157 1397 2220 Erat
1496 2157 1750 2240 [lucam.

663 2245 857 2326 Jesus
932 2246 1198 2328 ejiciens
1247 2246 1629 2309 demonium
1684 2256 1752 2310 et

557 2334 721 2397 illud
754 2342 896 2398 erat
927 2345 1204 2399 mutum.
1300 2334 1391 2397 Et
1435 2354 1586 2397 cum
1620 2334 1751 2413 eje-

557 2424 755 2486 cisset
787 2423 1169 2486 demonium
1204 2421 1460 2486 locutus
1485 2432 1586 2485 est
1608 2443 1754 2485 mu-

556 2519 663 2575 tus
691 2531 706 2575 :
754 2521 821 2575 et
852 2512 1173 2576 admirate
1206 2521 1359 2575 sunt
1389 2512 1597 2576 turbe.
1660 2511 1754 2577 Et

558 2600 824 2681 reliqua.

560 2688 814 2753 Omelia
862 2688 1032 2751 beati
1086 2688 1429 2769 augustini
1475 2690 1748 2773 episcopi.

663 2796 705 2838 n
737 2796 869 2839 uno
911 2779 1280 2859 eodemque
1358 2776 1595 2859 [Lectio
1636 2779 1748 2860 vij.

1246 1803 1342 1867 Ut
1417 1823 1750 1886 suggeras.

663 2863 930 2927 homine
1004 2864 1235 2929 fratres
1326 2865 1686 2930 charissimi
1735 2890 1749 2931 :

553 2953 863 3016 dominus
894 2954 1019 3017 tria
1066 2954 1391 3017 mirabilia
1437 2966 1750 3037 operatus

554 3050 673 3104 est.
708 3040 919 3105 Cecus
943 3042 1154 3105 videt:
1183 3052 1405 3106 mutus
1425 3042 1749 3126 loquitur:

554 3130 860 3193 obsessus
892 3151 931 3193 a
962 3130 1281 3194 demone¹
1304 3133 1565 3197 eruitur.
1599 3133 1749 3215 Sig-

555 3226 671 3282 nat
700 3219 877 3281 enim
908 3238 1118 3301 genus
1147 3218 1513 3283 humanum
1568 3222 1748 3304 quod

553 3315 709 3370 tunc
741 3308 1012 3372 diabolo
1043 3328 1114 3371 se
1143 3308 1438 3372 subdidit
1479 3311 1749 3391 quando

553 3397 751 3459 deum
807 3407 1171 3460 creatorem
1226 3418 1417 3461 suum
1480 3398 1749 3463 diabolo

552 3485 873 3549 suadente
932 3487 1350 3568 contempsit.
1442 3486 1554 3550 Re.
1604 3487 1747 3550 Me-

551 3574 676 3637 rito
696 3573 817 3637 hec
842 3575 1132 3656 patimur
1153 3575 1309 3656 quia
1333 3576 1749 3657 peccavimus

551 3662 618 3725 in
650 3663 919 3727 fratrem
954 3674 1252 3727 nostrum
1284 3664 1586 3727 videntes
1632 3684 1747 3728 an-

549 3752 839 3835 gustiam
872 3754 1092 3815 anime
1122 3752 1265 3834 ejus
1310 3753 1467 3816 dum
1516 3753 1750 3835 depre-

549 3850 807 3904 caretur
856 3861 977 3904 nos
1036 3851 1105 3904 et
1164 3860 1298 3904 non
1358 3842 1749 3906 audivimus,

555 3928 812 3993 Idcirco
830 3930 1013 3993 venit
1031 3950 1228 4011 super
1250 3950 1372 3992 nos
1390 3930 1746 3994 tribulatio,

553 4034 600 4103 γ
678 4017 873 4080 Dixit
946 4018 1152 4081 ruben
1229 4018 1537 4083 fratribus
1613 4020 1750 4082 suis

552 4106 855 4187 nunquid
918 4126 1051 4169 non
1112 4106 1257 4169 dixi
1305 4107 1495 4170 vobis
1544 4106 1750 4171 nolite

552 4213 825 4277 peccare
858 4194 923 4257 in
958 4215 1233 4277 puerum
1265 4204 1333 4258 et
1366 4215 1497 4258 non
1530 4197 1751 4259 audis-

552 4283 639 4346 tis
672 4302 795 4345 me.
889 4282 1162 4346 Idcirco.
1359 4284 1577 4346 Lectio
1607 4285 1748 4367 viij.

572 4372 837 4503 Tunc
876 4461 889 4473 .
926 4372 1127 4473 etiam
1188 4372 1469 4474 'videndi
1546 4373 1746 4437 deum

708 4460 994 4545 perdidit
1020 4460 1442 4543 digmtatem:
1474 4463 1747 4544 quando

2381 458 2518 512 316

1857 564 1940 626 ad
1975 563 2572 646 concupiscendum
2619 565 2897 627 vetitum
2933 562 3058 646 lig-

1858 672 2016 714 num
2049 651 2274 716 oculos
2311 653 2584 734 aperuit.
2679 652 3052 733 Loquelam

1858 742 2100 822 pariter
2159 742 2416 804 amisit:
2479 742 2636 822 quia
2695 751 3052 822 postquam

1859 840 2133 911 peccato
2184 850 2254 892 se
2309 829 2602 892 subdidit
2635 850 2674 892 a
2705 829 2902 892 laude
2941 830 3050 892 dei

1859 919 2154 981 cessavit.
2200 917 2528 980 Veniente
2561 919 2784 999 itaque
2815 918 3050 981 fratres

1858 1006 1922 1068 in
1947 1006 2268 1069 mundum
2293 1006 2598 1070 domino:
2624 1007 3053 1070 demoniacus

1857 1095 1982 1158 iste
2012 1104 2277 1158 curatus
2314 1105 2416 1157 est
2445 1117 2458 1158 :
2506 1096 2662 1176 quia
2693 1105 3048 1178 postquam

1859 1184 2020 1246 deus
2039 1183 2400 1247 humanam
2423 1193 2726 1246 naturam
2745 1183 2869 1246 sibi
2895 1203 3051 1246 con-

1849 1272 2116 1353 junxit:
2165 1272 2656 1334 immundorum
2699 1273 3049 1353 spirituum

1856 1370 2220 1441 potestates
2252 1361 2337 1424 ab
2387 1359 2695 1422 humanis
2742 1358 3052 1423 cordibus

1854 1448 2130 1530 expulit.
2206 1449 2398 1512 Tunc
2429 1450 2606 1511 enim
2638 1448 2904 1512 videndi
2937 1449 3052 1511 de-

1853 1557 1966 1600 um
2000 1537 2284 1600 officium
2318 1538 2600 1619 recepit:
2633 1536 2903 1620 quando
2934 1557 3052 1618 per

1854 1625 2055 1688 fidem
2106 1625 2292 1689 illum
2354 1625 2589 1689 intueri
2649 1626 2842 1707 cepit.
2931 1626 3048 1688 Re.

1859 1714 2050 1776 Dixit
2081 1713 2288 1777 ruben
2339 1714 2648 1777 fratribus
2693 1715 2828 1776 suis
2883 1733 3052 1776 nun-

1853 1803 2013 1884 quid
2047 1823 2178 1865 non
2211 1803 2355 1865 dixi
2395 1803 2584 1865 vobis
2635 1802 2840 1865 nolite
2894 1821 3050 1883 pec-

1855 1910 2001 1953 care
2033 1891 2098 1952 in
2146 1911 2422 1972 puerum
2472 1900 2539 1954 et
2588 1911 2720 1953 non
2773 1890 3050 1953 audistis

1855 1978 2007 2041 me?
2051 1979 2156 2042 En
2189 1981 2458 2062 sanguis
2489 1979 2631 2060 ejus
2663 1980 3048 2060 exquiritur.

1859 2085 1900 2153 y
1949 2067 2192 2131 Merito
2237 2069 2356 2131 hec
2389 2069 2677 2150 patimur
2707 2068 2864 2149 quia
2893 2087 3050 2148 pec-

1853 2157 2148 2219 cavimus
2201 2157 2268 2218 in
2321 2156 2586 2219 fratrem
2621 2165 2913 2218 nostrum
2948 2157 3048 2218 vi-

1853 2245 2087 2307 dentes
2161 2247 2536 2328 angustiam
2611 2246 2830 2306 anime
2905 2244 3048 2324 ejus

1853 2334 2013 2397 dum
2073 2335 2535 2415 deprecaretur
2595 2352 2715 2395 nos
2775 2342 2843 2395 et
2911 2352 3044 2395 non

1853 2423 2238 2485 audivimus.
2275 2422 2380 2485 En
2401 2423 2686 2503 sanguis,
2717 2420 2934 2483 Lectio
2952 2421 3045 2484 ix.

1850 2510 2294 2643 Loquelam
2317 2511 2560 2593 pariter
2577 2510 2825 2593 recepit
2835 2529 3040 2593 quan-

1986 2600 2076 2663 do
2105 2620 2314 2683 genus
2331 2600 2696 2663 humanum
2726 2619 2844 2662 ora
2867 2600 3046 2681 prius

1851 2688 2139 2751 tacentia
2159 2689 2242 2751 ad
2267 2688 2748 2751 confessionem
2771 2688 3044 2770 aperuit.

1855 2776 1946 2839 Et
1977 2796 2128 2841 cum
2159 2778 2459 2859 ejecisset
2491 2776 2914 2839 demonium:
2946 2775 3042 2838 lo-

1850 2875 2042 2928 cutus
2066 2877 2167 2929 est
2199 2875 2422 2929 mutus
2442 2875 2510 2929 et
2535 2866 2858 2929 admirate
2890 2874 3046 2927 sunt

1851 2955 2059 3017 turbe.
2153 2954 2380 3018 Turbe
2437 2974 2594 3017 vero
2655 2974 2785 3035 que
2847 2954 3038 3016 mira-

1849 3042 2128 3106 bantur:
2195 3044 2518 3106 immundi
2572 3052 2726 3105 sunt
2777 3043 3044 3124 spiritus

1851 3130 2261 3213 intelligendi
2317 3132 2428 3212 qui
2481 3130 2782 3194 videntes
2834 3150 3044 3212 genus

1850 3218 2212 3283 humanum
2230 3220 2313 3283 de
2325 3240 2445 3283 sua
2455 3228 2788 3302 potestate
2809 3219 3038 3282 libera-

1850 3310 1945 3371 ri:
1993 3319 2060 3372 et
2113 3309 2504 3371 illuminari:
2551 3308 2786 3371 timore
2845 3306 3042 3369 simul

1849 3407 1916 3460 et
1978 3398 2415 3461 admiratione
2472 3398 2796 3479 perterriti
2872 3404 3044 3459 sunt.

1849 3486 1962 3549 Re.
1998 3486 2493 3549 Nunciaverunt
2519 3486 2718 3566 jacob
2748 3485 3046 3549 dicentes

1842 3573 2082 3657 joseph
2143 3573 2314 3637 filius
2373 3584 2526 3637 tuus
2575 3574 2733 3637 vivit
2782 3582 2848 3636 et
2903 3573 3044 3655 ipse

1850 3664 2231 3727 dominatur
2262 3664 2328 3726 in
2361 3673 2506 3726 tota
2537 3672 2712 3726 terra
2745 3662 3040 3743 Egypti:

1849 3772 1983 3833 quo
2013 3752 2245 3816 audito
2296 3752 2537 3815 revixit
2588 3750 2854 3833 spiritus
2902 3749 3045 3830 ejus

1850 3850 1919 3903 et
1950 3841 2142 3905 dixit.
2219 3840 2478 3905 Sufficit
2511 3840 2670 3902 mihi
2701 3839 2943 3902 vadam
2977 3848 3045 3901 et

1850 3930 2090 3993 videbo
2149 3948 2302 3992 eum
2365 3938 2723 4010 antequam
2787 3928 3043 3990 moriar.

1851 4035 1898 4104 γ
1946 4019 2224 4101 Cunque
2273 4018 2568 4081 audisset
2616 4015 2815 4099 jacob
2862 4016 3044 4098 quod

1852 4106 2024 4170 filius
2057 4106 2200 4188 ejus
2232 4108 2480 4170 viveret
2527 4106 2715 4188 quasi
2747 4104 2834 4169 de
2863 4106 3046 4187 gravi

1851 4215 2087 4259 somno
2161 4195 2481 4277 evigilans
2553 4194 2664 4258 ait.
2773 4192 3048 4261 Sufficit.

1853 4283 2094 4349 Gloria.
2190 4284 2460 4349 Sufficit.

1940 4373 2364 4455 Responsoria
2379 4372 2680 4455 ferialia.
2728 4372 2840 4435 Re.
2869 4369 3049 4435 -Tol-

1851 4462 1966 4526 lite
2033 4461 2183 4525 hinc
2244 4463 2582 4526 vobiscum
2647 4480 2919 4524 munera
2979 4470 3047 4522 et

1582 4586 1593 4615 ¹
1632 4584 1908 4635 demonio:
1943 4586 2008 4635 G.
