3375 5100
1193 345 1357 416 QUA
1370 347 1535 401 ΒΚΑ
1548 348 1890 404 GESIME.

842 455 979 510 801

308 567 474 644 quot
528 559 757 624 fideles
804 581 922 643 per
968 561 1217 624 undam
1266 561 1516 642 baptis-

310 649 511 713 matis
608 658 967 731 regenerat.
1121 650 1514 713 Notandum

310 747 536 802 autem
598 737 779 820 quod
844 737 1077 802 mulier
1132 738 1420 820 primum
1474 758 1515 802 a

312 825 554 890 finibus
607 826 742 889 suis
792 846 1056 908 egressa
1102 837 1253 908 post
1300 827 1518 889 domi-

313 935 473 978 num
505 912 828 978 clamasse
873 916 1149 978 dicitur:
1197 916 1354 997 quia
1391 915 1515 978 nisi

314 1003 591 1066 ecclesia
652 1005 831 1085 prius
893 1005 1206 1085 pristinos
1266 1024 1515 1066 errores

316 1091 991 1156 anathematizasset:
1056 1093 1141 1155 ad
1200 1093 1515 1155 noticiam

313 1181 422 1243 dei
483 1181 823 1263 pervenire
884 1201 1016 1242 non
1066 1189 1309 1263 posset.
1399 1181 1513 1244 Re.

316 1269 465 1332 Erit
526 1269 685 1331 mihi
762 1268 1073 1332 dominus
1147 1269 1213 1331 in
1276 1269 1516 1333 deum:

313 1366 383 1421 et
415 1357 581 1440 lapis
630 1359 752 1420 iste
800 1377 1000 1438 quem
1034 1358 1217 1420 erexi
1260 1356 1327 1419 in
1360 1359 1517 1421 titu-

313 1445 503 1510 lum:
580 1445 925 1509 vocabitur
981 1447 1223 1509 domus
1280 1445 1389 1508 dei
1450 1454 1520 1509 et

313 1533 400 1598 de
441 1535 758 1597 universis
811 1555 979 1616 quos
1028 1533 1289 1598 dederis
1339 1533 1519 1599 mihi.

318 1622 631 1686 Decimas
720 1631 789 1685 et
880 1622 1132 1686 hostias
1208 1621 1518 1705 pacificas

314 1711 589 1774 offeram
680 1711 823 1775 tibi.
932 1727 981 1796 γ
1056 1711 1129 1776 si
1221 1731 1520 1775 reversus

316 1799 501 1863 fuero
532 1819 845 1882 prospere
891 1799 958 1863 in
1002 1800 1279 1863 domum
1312 1798 1519 1882 patris

317 1888 464 1952 mei.
558 1888 890 1952 DecimaS.
1184 1887 1404 1952 Lectio
1434 1886 1519 1953 ix.

314 1977 690 2108 Rogavit
743 1995 902 2058 ergo
956 1985 1169 2040 mater
1215 1996 1336 2058 pro
1385 1975 1521 2040 filia

462 2065 622 2147 quia
674 2065 949 2130 ecclesia
1009 2085 1129 2148 pro
1183 2065 1520 2148 incorrup-

315 2153 499 2217 tione
576 2173 805 2217 eorum
888 2154 1003 2236 qui
1081 2154 1373 2236 peccatis
1451 2162 1521 2218 et

316 2242 493 2306 vitiis
580 2241 980 2324 subjacent:
1052 2241 1335 2306 sollicite
1418 2242 1520 2304 in-

312 2329 599 2412 vigilat:
674 2330 1037 2413 aliquando
1124 2329 1518 2394 suadendo:

314 2418 677 2502 aliquando
797 2419 1268 2483 exhortando:
1404 2418 1521 2482 ali-

314 2507 587 2589 quando
646 2503 842 2572 eam¹
904 2508 1118 2573 acrius
1179 2507 1519 2590 increpan-

314 2598 453 2661 do:
526 2596 884 2679 aliquando
944 2596 1261 2660 orationis
1320 2616 1518 2680 opem

316 2684 782 2768 impendendo,
880 2685 1044 2750 Ideo
1118 2686 1323 2749 etiam
1400 2685 1520 2748 do-

316 2774 535 2837 minus
626 2772 881 2837 mulieri
971 2772 1286 2838 clamanti
1382 2793 1519 2838 non

315 2862 703 2945 respondit:
778 2870 853 2925 ut
921 2862 1299 2927 constantia
1375 2882 1519 2927 mu-

317 2950 491 3015 lieris
581 2951 1021 3033 probaretur:
1129 2959 1351 3015 utrum
1450 2950 1518 3014 in

315 3059 512 3121 prece
619 3047 1068 3122 perseveraret
1186 3059 1274 3103 an
1366 3058 1519 3104 non.

317 3128 559 3191 Mulier
587 3136 741 3211 post
787 3125 1127 3210 apostolos
1172 3126 1519 3191 clamavit:

314 3216 473 3299 quia
518 3216 795 3282 ecclesia
841 3235 973 3279 non
1022 3214 1241 3280 solum
1288 3235 1516 3279 eorum

314 3306 687 3369 doctrinam
762 3304 1031 3387 diligit:
1120 3304 1237 3368 sed
1314 3305 1518 3368 etiam

314 3394 612 3459 actiones
702 3392 1013 3457 imitatur.
1133 3393 1253 3457 Re.
1360 3392 1519 3458 Vidi

316 3483 664 3546 dominum
726 3481 893 3545 facie
941 3481 1029 3546 ad
1079 3479 1334 3545 faciem.
1429 3479 1524 3544 Et

314 3569 501 3635 salva
560 3570 737 3636 facta
797 3578 899 3634 est
948 3569 1171 3633 anima
1218 3588 1383 3632 mea.
1474 3584 1523 3653 γ

319 3659 411 3725 Et
460 3659 637 3723 dixit
697 3678 1120 3743 nequaquam
1182 3657 1523 3721 vocaberis

308 3748 554 3831 jacob:
628 3747 749 3811 sed
824 3746 1016 3811 israel
1076 3747 1201 3811 erit
1277 3764 1524 3810 nomen

312 3846 521 3902 tuum.
616 3837 725 3900 Et.
820 3833 1063 3900 Gloria.
1176 3834 1288 3900 Et.
1388 3835 1521 3898 Re-

310 3925 646 4007 sponson’a
684 3922 984 4006 fm’alia.
1072 3923 1189 3989 Re.
1283 3921 1522 3988 Oravit

306 4013 510 4096 jacob
598 4022 668 4078 et
758 4012 971 4077 dixit:
1045 4010 1317 4077 domine
1407 4009 1520 4093 qui

313 4102 547 4166 dixisti
594 4100 757 4166 mihi
804 4108 1130 4165 revertere
1176 4100 1242 4163 in
1275 4108 1521 4164 terram

314 4191 683 4255 nativitatis
772 4198 901 4255 tue.
1026 4190 1205 4253 Erue
1265 4208 1377 4252 me
1434 4188 1523 4251 de

312 4298 517 4344 manu
570 4278 790 4343 fratris
853 4278 1035 4344 mei:
1103 4277 1261 4359 quia
1327 4276 1523 4341 valde

312 4388 468 4433 eum
530 4368 752 4434 timeo.
849 4383 892 4454 y
958 4367 1144 4431 Deus
1207 4366 1272 4429 in
1332 4364 1523 4448 cujus

684 4521 699 4550 ¹
740 4518 1083 4571 ‘eam’0m.:
1118 4518 1183 4569 G.

2131 456 2290 512 802

1612 571 1975 643 conspectu
2038 562 2547 626 ambulaverunt
2597 573 2820 645 patres

1616 651 1745 712 mei
1807 651 2117 714 domine:
2182 652 2296 732 qui
2347 652 2565 732 pascis
2627 673 2731 714 me
2781 673 2822 716 a

1608 737 1959 821 juventute
1994 760 2158 802 mea.
2213 740 2404 802 Erue.
2453 741 2566 802 Re.
2624 741 2820 804 Dixit

1613 826 1891 909 angelus
1941 828 2026 890 ad
2071 827 2310 909 jacob:
2379 829 2662 892 Dimitte
2713 849 2820 890 me

1614 935 1853 979 aurora
1912 925 2051 979 est:
2117 917 2460 996 respondit
2520 919 2623 980 ei:
2687 937 2818 980 non

1614 1003 1952 1067 dimittam
2047 1013 2115 1066 te
2199 1005 2323 1067 nisi
2398 1004 2820 1068 benedixeris

1616 1091 1831 1156 mihi:
1915 1099 1984 1155 et
2067 1092 2416 1155 benedixit
2507 1113 2658 1155 eum
2752 1095 2818 1156 in

1612 1180 1851 1244 eodem
1903 1179 2066 1244 loc0.
2144 1198 2189 1267 γ
2236 1181 2518 1262 Cunque
2565 1188 2823 1244 mature

1614 1269 2013 1332 surrexisset
2049 1268 2292 1351 jacob:
2339 1289 2492 1333 ecce
2540 1271 2638 1332 vir
2688 1269 2822 1334 luc·

1615 1357 1886 1420 tabatur
1945 1377 2097 1420 curn
2159 1377 2239 1420 eo
2300 1378 2510 1440 usque
2575 1378 2821 1422 mane:

1616 1454 1685 1508 et
1746 1465 1898 1509 cum
1946 1446 2221 1510 vidisset
2270 1447 2450 1528 quod
2512 1466 2823 1530 superare

1615 1554 1770 1597 eum
1821 1553 1954 1597 non
2005 1543 2229 1616 posset
2278 1535 2454 1598 dixit
2502 1535 2588 1598 ad
2651 1555 2820 1598 eum.

1620 1622 1924 1687 Dimitte.
2013 1623 2131 1686 Re.
2195 1623 2420 1686 Minor
2447 1643 2593 1686 sum
2627 1643 2824 1688 cunc-

1617 1711 1705 1774 tis
1765 1711 2300 1775 miserationibus
2360 1711 2493 1774 tuis
2552 1712 2823 1775 domine

1616 1798 1936 1864 abraham
1970 1800 2035 1862 in
2069 1799 2307 1863 baculo
2355 1819 2506 1863 meo
2551 1801 2822 1864 transivi

1610 1886 1963 1969 jordanem
2026 1889 2271 1953 istum:
2319 1898 2386 1951 et
2441 1908 2615 1951 nunc
2671 1909 2821 1953 cum

1616 1976 1876 2040 duabus
1901 1977 2136 2038 turmis
2166 1977 2518 2058 regredior.
2583 1977 2825 2040 Libera

1618 2084 1727 2127 me
1775 2063 2046 2126 domine
2105 2063 2191 2128 de
2253 2065 2560 2128 manibus
2620 2085 2819 2129 esau:

1615 2153 1776 2234 quia
1805 2152 2001 2216 valde
2031 2153 2387 2216 contremit
2407 2153 2431 2188 ²
2455 2173 2570 2218 cor
2599 2173 2822 2216 meum

1616 2241 1805 2304 illum
1867 2241 2127 2304 timens
2253 2257 2294 2326 y
2374 2241 2664 2305 Domine
2710 2241 2824 2323 qui

1617 2329 1850 2394 dixisti
1914 2329 2126 2393 mihi:
2193 2339 2514 2392 revertere
2576 2330 2642 2392 in
2693 2338 2826 2393 ter-

1618 2438 1760 2482 ram
1823 2417 2190 2481 nativitatis
2249 2425 2414 2482 tue:
2491 2426 2560 2481 et
2619 2419 2824 2482 bene·-

1617 2505 1857 2571 saciam
1891 2506 2028 2571 tibi.
2109 2505 2350 2569 Libera
2382 2525 2507 2571 me.
2583 2523 2629 2597 y
2671 2507 2825 2591 Ipse

1617 2595 1938 2661 liberavit.
2029 2596 2114 2659 In
2143 2594 2464 2660 laudibus.
2716 2606 2824 2660 ανῖ.

1612 2685 1998 2817 Domine
2078 2679 2255 2747 labia
2340 2704 2492 2747 mea
2570 2686 2826 2767 aperies

1773 2782 1844 2838 et
1923 2793 2000 2837 os
2079 2792 2304 2836 meum
2394 2774 2828 2837 annunciabit

1618 2860 1889 2924 laudem
1980 2869 2186 2925 tuam.
2275 2870 2376 2943 pff.
2492 2862 2827 2926 Miserere.

1616 2958 1726 3014 αῆ.
1804 2950 2106 3013 Dextera
2164 2948 2420 3013 domini
2483 2950 2639 3015 fecit
2699 2953 2826 3015 vir-

1618 3046 1886 3103 tutem:
1961 3039 2243 3102 dextera
2308 3039 2563 3102 domini
2641 3040 2828 3103 exal-

1616 3127 1789 3191 tavit
1821 3146 1944 3191 me.
2022 3136 2122 3209 ps‘:
2181 3125 2626 3193 Confitemini.
2718 3137 2827 3191 aii.

1614 3214 1868 3280 Factus
1928 3224 2033 3280 est
2081 3213 2351 3294 adjutor
2411 3236 2598 3279 meus
2662 3216 2826 3279 deus

1619 3322 1825 3367 meuS.
1916 3310 2021 3385 pff.
2117 3304 2304 3366 Deus
2381 3303 2548 3367 deus
2623 3323 2826 3368 meus,

1618 3400 1726 3457 αῇ.
1787 3391 2022 3455 Trium
2071 3411 2424 3473 puerorum
2480 3400 2827 3456 cantemus

1622 3480 1948 3562 hymnum
2028 3498 2228 3561 quem
2304 3479 2668 3543 cantabant
2760 3482 2826 3544 in

1620 3568 1887 3631 camino
1947 3568 2119 3650 ignis
2180 3567 2646 3631 benedicentes
2705 3568 2829 3631 do-

1624 3658 1896 3721 minum.
2002 3664 2104 3738 piv‘.
2198 3654 2600 3719 Benedicite.
2719 3665 2826 3720 aii.

1624 3744 1880 3809 Statuit
1956 3763 2037 3808 ea
2115 3743 2183 3807 in
2261 3751 2563 3807 eternum
2632 3754 2700 3808 et
2759 3746 2828 3809 in

1621 3832 1918 3898 seculum
1981 3830 2186 3896 seculi
2246 3840 2634 3914 preceptum
2711 3854 2829 3916 po-

1619 3921 1757 3986 suit
1787 3929 1855 3985 et
1887 3940 2020 3984 non
2055 3919 2412 4003 preteribit.
2487 3928 2592 4001 pi.
2653 3923 2828 3986 Lau-

1622 4010 1794 4074 date.
1891 4007 2280 4092 Capitulum.
2381 4008 2557 4073 Ecce
2634 4030 2826 4076 nune.

1622 4098 1950 4179 Hymnus.
2071 4096 2260 4160 Audi
2354 4097 2658 4180 benigne.
2781 4116 2830 4185 γ

1625 4187 1851 4253 Scuto,
1939 4184 2028 4249 In
2066 4205 2321 4267 evange.
2368 4194 2475 4252 αῆ.
2586 4188 2828 4270 Egres-

1622 4295 1737 4339 sus
1813 4275 2010 4356 Jesus
2099 4274 2373 4339 secessit
2456 4275 2521 4338 in
2605 4287 2830 4359 partes

1624 4363 1757 4448 tyri
1805 4373 1875 4428 et
1920 4362 2236 4447 sydonis:
2282 4372 2352 4429 et
2398 4384 2550 4429 ecce
2594 4364 2832 4431 mulier

1923 4518 1944 4547 ²
1975 4515 2273 4567 contremuit
2298 4531 2309 4566 :
2347 4515 2480 4567 E.G.
