3375 5100
1526 234 1945 290 DOMJNJCA

1014 344 1161 400 847

2287 342 2440 400 848

486 470 801 535 magnum
862 451 930 516 in
990 471 1143 516 eum
1204 449 1515 515 collatum
1576 459 1679 518 est
1770 451 1878 516 cia
1905 449 2176 534 proferri
2207 451 2293 514 ad
2327 450 2474 514 illos
2505 449 2772 514 institui.
2851 449 2982 516 Re.

485 541 801 604 divinitus
840 541 1109 604 donum.
1212 541 1535 623 Magnum
1580 540 1679 602 in-

486 649 687 712 quam
759 629 1072 693 hieremie
1146 637 1247 693 est
1316 630 1677 692 meritum:

485 720 599 799 qui
646 727 803 782 ante
846 727 1255 801 promeretur
1294 737 1495 800 quam
1529 737 1679 780 nas-

484 807 691 871 citur:
752 816 909 870 ante
970 805 1417 870 sanctificatur
1474 825 1677 887 quam

486 895 741 959 editur:
815 903 971 958 ante
1040 894 1365 978 propheta
1437 893 1679 957 consti-

485 984 731 1047 tuitur:
806 1003 1008 1065 quam
1096 983 1325 1046 mundi
1402 982 1679 1045 exordio

486 1071 795 1153 potiatur.
839 1070 953 1134 Re.
1001 1071 1081 1134 In
1113 1079 1179 1134 te
1204 1071 1493 1154 jactatus
1533 1089 1679 1134 sum

488 1179 575 1222 ex
615 1169 801 1223 utero
850 1160 936 1222 de
965 1169 1193 1222 ventre
1234 1159 1463 1222 matris
1495 1179 1681 1223 mee:

488 1248 653 1311 deus
699 1268 885 1312 meus
929 1267 999 1310 es
1036 1257 1108 1311 tu
1150 1267 1233 1310 ne
1284 1247 1585 1311 discedas
1639 1266 1681 1310 a

490 1355 613 1399 me.
706 1335 1041 1419 Quoniam
1074 1335 1411 1400 tribulatio
1457 1335 1683 1418 proxi-

490 1444 602 1487 ma
632 1435 775 1488 est:
822 1433 889 1488 et
926 1445 1060 1488 non
1106 1433 1207 1488 est
1238 1425 1351 1507 qui
1393 1423 1681 1505 adjuvet.

492 1529 539 1598 y
585 1511 787 1578 Salva
816 1533 925 1576 me
964 1533 1053 1576 ex
1084 1534 1196 1576 ore
1232 1513 1483 1578 leonis:
1530 1522 1597 1576 et
1642 1533 1683 1576 a

489 1602 795 1665 cornibus
872 1602 1281 1665 unicornium
1348 1600 1683 1666 humilita-

490 1699 625 1754 tem
660 1709 895 1754 meam.
945 1690 1298 1774 Quoniam.
1366 1690 1581 1753 Lectio
1621 1709 1680 1754 v.

488 1779 904 1909 Dicuntur
950 1779 1093 1860 ejus
1147 1779 1423 1842 merita:
1479 1789 1548 1843 et
1596 1779 1682 1841 ab

644 1887 725 1930 eo
769 1866 1051 1930 necdum
1108 1879 1499 1931 exercentur
1542 1867 1684 1931 offi-

488 1955 609 2019 cia.
703 1955 900 2019 Dona
952 1965 1337 2020 narrantur:
1412 1977 1533 2020 nec
1585 1966 1684 2019 ta-

493 2053 645 2106 me'n
692 2045 1016 2108 donorum
1062 2065 1258 2109 cause
1303 2053 1683 2108 tractantur.

495 2132 831 2196 Promotio
891 2133 1171 2198 dicitur:
1256 2142 1326 2197 et
1400 2133 1683 2196 necdum

491 2221 925 2302 promotionis
984 2221 1325 2304 negotium
1379 2222 1683 2304 aperitur.

493 2309 650 2372 Noli
740 2309 955 2391 inquit
1052 2311 1359 2374 dominus
1452 2320 1686 2392 putare

492 2397 809 2461 hieremia
868 2398 1047 2479 quod
1124 2398 1321 2462 hodie
1405 2398 1688 2481 prophe-

493 2494 635 2550 tam
709 2495 779 2548 te
856 2488 1227 2550 constituo:
1314 2497 1430 2550 aut
1511 2507 1687 2550 nunc

494 2576 781 2657 primum
841 2574 927 2637 ad
976 2576 1172 2640 istam
1230 2584 1498 2658 gentem
1546 2597 1690 2640 cor-

494 2663 885 2745 rigendum¹
968 2664 1297 2745 premitt0.
1401 2664 1512 2729 Re.
1606 2664 1687 2727 In

495 2750 806 2833 proximo
907 2762 1010 2814 est
1099 2752 1439 2816 tribulatio
1538 2773 1691 2816 mea

495 2839 777 2902 domine.
857 2848 923 2902 et
976 2860 1109 2903 non
1172 2850 1271 2904 est
1325 2842 1437 2923 qui
1500 2843 1688 2925 adju-

494 2936 607 2991 vet
655 2936 730 2991 ut
776 2926 1032 2991 fodiant
1093 2950 1327 2993 manus
1381 2950 1563 2993 meas
1622 2940 1690 2994 et

496 3016 699 3098 pedes
748 3036 975 3081 meos:
1032 3016 1238 3081 libera
1286 3038 1393 3082 me
1442 3020 1527 3081 de
1575 3039 1687 3082 ore

496 3104 719 3168 leonis
856 3106 953 3169 Ut
1044 3126 1341 3169 enarrem
1446 3127 1687 3171 nomen

495 3202 684 3257 tuum
745 3192 1051 3257 fratribus
1127 3197 1307 3259 meis,
1408 3213 1456 3282 γ
1513 3196 1691 3260 Erue

496 3303 538 3346 a
582 3282 831 3345 framea
876 3283 1040 3346 deus
1081 3284 1373 3347 animam
1432 3304 1690 3348 meam:

496 3381 563 3435 et
652 3370 737 3435 de
827 3391 1028 3435 manu
1114 3374 1327 3437 carnis
1427 3375 1686 3437 unicam

497 3480 731 3523 meam.
828 3460 941 3525 Ut.
1361 3460 1576 3524 Lectio
1606 3462 1691 3543 vj.

506 3548 745 3683 Olim
796 3549 973 3612 enim
1027 3549 1185 3613 olim
1234 3550 1395 3613 mihi
1453 3550 1692 3633 proba-

504 3708 509 3713 *
630 3648 737 3701 tus
768 3658 844 3701 ac
878 3648 1073 3701 notus
1104 3656 1215 3702 es:
1274 3638 1432 3702 olim
1466 3660 1692 3703 conse-

496 3735 713 3791 cratus
746 3747 823 3791 ac
853 3726 1130 3809 dignus:
1173 3727 1332 3790 olim
1368 3728 1694 3810 propheta

494 3816 804 3895 gentibus
836 3815 1189 3879 institutus,
1249 3816 1349 3878 Te
1382 3816 1542 3880 mihi
1576 3838 1691 3899 ap-

499 3912 641 3966 tum
668 3912 735 3965 te
766 3904 1076 3966 idoneum
1114 3904 1542 3986 prescientia²
1566 3906 1695 3969 ista

500 3992 906 4055 monstravit.
1038 3992 1189 4057 Tibi
1252 3994 1692 4076 prophetandi

500 4081 873 4161 presagium
908 4089 974 4142 et
1000 4080 1307 4145 fiduciam
1352 4083 1692 4164 predican-

500 4168 568 4230 di
631 4167 946 4231 attribui.³
1065 4169 1187 4232 Per
1247 4179 1313 4233 te
1375 4172 1697 4254 prophete

500 4256 717 4321 officia
756 4266 823 4319 et
857 4277 1002 4320 mee
1038 4258 1486 4340 dispositionis
1533 4280 1697 4323 nun-

703 4396 715 4424 ¹
752 4394 1131 4493 corrigendam:
1170 4394 1421 4512 Εῒὲἇὶὲᾱ
1489 4464 1534 4513 G

1152 4466 1212 4511 ‘e
1264 4462 1299 4511 .’
1323 4478 1353 4511 a
1443 4480 1454 4513 ε
1540 4500 1555 4515 .

1531 4398 1550 4427 ’·’
1584 4397 1830 4461 presentia
1851 4415 1863 4448 ε
1902 4398 1947 4447 Ε

1777 539 1956 604 Tota
2005 541 2113 603 die
2165 540 2588 604 contristatus
2647 539 2978 621 ingredie-

1776 628 1896 691 bar
1954 629 2274 693 domine:
2353 629 2668 710 quoniam
2745 628 2980 691 anima

1779 737 1928 781 mea
2006 716 2280 799 impleta
2353 726 2454 781 est
2539 716 2978 780 illusionibus,

1779 806 1871 870 Et
1929 805 2062 869 vim
2141 805 2472 869 faciebant
2539 805 2654 888 qui
2738 825 2978 887 quere-

1776 893 1943 958 bant
2013 895 2304 957 animam
2397 913 2634 957 meam.
2757 911 2804 980 y
2879 893 2979 958 Et

1775 984 1888 1065 qui
1949 981 2369 1065 inquirebant
2427 982 2604 1046 mala
2657 981 2816 1044 mihi
2875 981 2982 1044 lo·-

1777 1072 1914 1135 cuti
1987 1080 2142 1135 sunt
2205 1071 2552 1134 vanitates,
2641 1079 2710 1134 et
2778 1069 2982 1134 dolos

1777 1168 1921 1224 tota
1951 1161 2056 1222 die
2088 1159 2592 1223 meditabantur.
2695 1158 2786 1222 Et
2815 1159 2980 1222 vim.

1867 1247 1952 1311 In
1982 1248 2168 1312 tertio
2212 1259 2514 1311 nocturno
2559 1255 2666 1310 αῆ.
2754 1245 2978 1328 Spon-

1781 1357 1909 1400 sus,
1983 1346 2086 1419 pf.
2163 1336 2304 1402 Celi
2365 1345 2689 1400 enarrant.
2753 1345 2857 1398 etc.
2923 1351 2986 1420 γ

1783 1427 1890 1489 Ne
1963 1426 2202 1509 perdas
2279 1445 2432 1488 cum
2515 1423 2734 1507 impiis
2807 1423 2986 1486 deus

1780 1515 2072 1579 animam
2136 1533 2373 1578 meam.
2475 1513 2567 1576 Et
2619 1532 2770 1576 cum
2817 1512 2988 1576 viris

1778 1603 2173 1685 sanguinum
2205 1603 2410 1665 vitam
2443 1621 2679 1664 meam.

1781 1693 1920 1824 ln
1942 1689 2055 1753 illo
2073 1700 2402 1773 tempore:
2437 1689 2595 1773 [Sec.
2597 1688 2984 1772 johannem.

1884 1780 2372 1861 DicebatJesus
2385 1778 2594 1842 turbis
2618 1778 2974 1860 judeorum

1782 1877 1850 1933 et
1881 1868 2282 1952 principibus
2313 1868 2746 1931 sacerdotum.
2805 1863 2986 1947 Quis

1784 1977 1872 2020 ex
1903 1957 2092 2020 vobis
2131 1965 2364 2038 arguet
2395 1976 2501 2018 me
2531 1955 2616 2018 de
2647 1964 2924 2038 peccato
2951 1953 2976 2016 ἒ

1786 2046 1858 2111 Si
1919 2046 2266 2108 veritatem
2324 2044 2479 2109 dico
2503 2065 2524 2107 ·.
2593 2064 2796 2126 quare
2855 2063 2986 2106 vos

1783 2154 1918 2198 non
1949 2133 2213 2199 creditis
2243 2133 2425 2197 mihi.
2525 2132 2615 2195 Et
2648 2131 2914 2213 reliqua.

1791 2222 2045 2287 Omelia
2105 2221 2274 2284 beati
2325 2221 2622 2304 gregorii
2673 2230 2840 2302 pape
2897 2219 2982 2282 dc

1781 2311 2002 2374 eadem
2031 2310 2300 2374 lectione.
2617 2308 2833 2372 Lectio
2863 2308 2980 2391 vij.

1784 2401 2119 2532 Nemo
2148 2400 2326 2462 enim
2357 2399 2592 2462 fratres
2629 2397 2982 2460 dominum

1965 2490 2052 2553 de
2073 2497 2348 2571 peccato
2371 2507 2645 2570 arguere
2675 2494 2938 2569 poterat
2963 2507 2986 2550 τ.

1785 2578 1898 2661 qui
1946 2578 2012 2640 in
2047 2578 2365 2640 mundum
2408 2577 2659 2658 absque
2704 2586 2984 2659 peccato

1785 2675 2056 2730 venerat
2085 2675 2160 2731 ut
2199 2675 2576 2747 peccatores
2620 2685 2662 2727 a
2705 2674 2984 2747 peccato

1787 2754 2087 2819 solveret.
2179 2754 2282 2819 Ut
2319 2763 2540 2817 autem
2587 2754 2988 2815 extenderet

1786 2864 1902 2907 eos
1945 2864 1986 2905 a
2033 2844 2324 2926 peccatis
2369 2862 2561 2924 posse
2617 2840 2876 2905 liberari
2923 2841 2981 2903 si

1788 2932 1855 2994 in
1887 2952 2037 2995 eum
2071 2932 2332 2995 credere
2366 2930 2608 2994 vellent
2633 2930 2986 3011 subjunxit

1789 3021 2015 3084 dicens
2042 3042 2058 3084 ε
2115 3020 2190 3085 Si
2219 3020 2566 3083 veritatem
2598 3019 2748 3083 dieo
2779 3038 2986 3100 quare

1791 3128 1923 3172 non
1957 3108 2220 3173 creditis
2266 3107 2472 3171 mihi?
2573 3106 2706 3190 Qui
2753 3117 2854 3170 est
2891 3126 2983 3169 ex

1791 3198 2002 3261 deo⁴:
2049 3196 2118 3260 id
2160 3206 2261 3260 est
2306 3197 2418 3277 qui
2450 3196 2722 3259 verbum
2757 3196 2865 3260 dei
2905 3195 2982 3257 li-

1791 3287 2022 3350 benter
2051 3286 2280 3349 audit:
2327 3294 2394 3348 et
2425 3284 2735 3348 libentius
2786 3304 2985 3366 opere

1791 3373 2084 3456 complet
2110 3396 2127 3438 :
2183 3373 2366 3437 nullo
2405 3374 2606 3436 modo
2637 3393 2708 3435 se
2739 3393 2830 3435 ex
2859 3372 2985 3434 deo

1792 3484 1934 3527 esse
1963 3463 2241 3527 dubitet.
2303 3462 2419 3525 Re.
2486 3462 2784 3525 Doceam
2808 3460 2833 3497 ⁶
2864 3461 2986 3523 ini-

1792 3572 1960 3634 quos
2011 3552 2151 3615 vias
2196 3559 2346 3614 tuas
2380 3572 2394 3615 :
2442 3560 2510 3613 et
2551 3550 2735 3633 impii
2785 3549 2870 3612 ad
2918 3558 2985 3612 te

1793 3649 2268 3705 convertentur.
2403 3639 2645 3702 Libera
2719 3658 2827 3702 me
2901 3637 2987 3702 de

1792 3729 2222 3810 sanguinibus
2281 3728 2445 3792 deus
2520 3727 2752 3791 salutis
2823 3746 2984 3790 mee.

1793 3835 1841 3904 γ
1911 3818 2200 3880 Domine
2249 3817 2423 3879 labia
2477 3837 2626 3879 mea
2683 3817 2986 3898 aperies:

1793 3915 1863 3969 et
1890 3927 1965 3968 os
1998 3926 2219 3968 meum
2250 3905 2677 3968 annunciabit
2720 3904 2986 3968 laudem

1792 4004 1999 4059 tuam.
2091 3994 2346 4057 Libera.
2606 3992 2820 4056 Lectio
2850 3991 2987 4073 viij.

1807 4083 1998 4250 Qui
2051 4104 2206 4146 vero
2258 4082 2532 4145 verbum
2593 4081 2700 4146 dei
2766 4081 2990 4145 audire

1934 4171 2336 4235 contemnit:
2390 4170 2494 4234 vel
2565 4171 2618 4233 si
2697 4171 2764 4234 id
2839 4189 2990 4232 cum

1801 4280 1958 4325 aure
2033 4261 2321 4343 corporis
2396 4259 2727 4323 audierit:
2829 4257 2991 4321 illud

2315 4398 2334 4426 ⁸
2369 4397 2623 4447 attribuit:
2659 4396 2723 4465 (Ξ.

1945 4467 1964 4494 ³
1999 4464 2236 4514 Docebo:
2273 4464 2404 4513 E.G.
