3375 5100
1271 210 1368 263 IN
1417 204 1957 263 COMMEMORA
1972 208 2025 262 Τ
2020 210 2057 263 l
2058 212 2229 265 ΘΝΕ

1040 318 1190 374 687

512 427 787 491 Talibus
861 446 1148 509 namque
1219 424 1500 489 decebat
1576 424 1701 487 vir-

505 518 726 597 ginem
782 514 1246 599 oppignorari¹
1297 514 1701 577 muneribus:

506 616 578 667 ut
615 614 790 667 esset
835 606 1050 687 gratia
1095 604 1293 685 plena
1338 623 1468 685 que
1513 602 1701 665 dedit

501 694 661 755 celis
690 692 970 775 gloriam
1001 714 1016 756 :
1061 692 1250 755 terris
1289 690 1488 754 deum
1519 712 1534 755 :
1583 711 1700 773 pa-

503 802 782 863 cemque
822 780 1064 844 refudit
1109 779 1306 843 fidem
1350 780 1699 862 gentibus:

503 869 702 933 finem
735 870 954 933 vitiis:
999 870 1134 933 vite
1165 869 1506 931 ordinem:
1557 887 1701 930 mo·

502 959 681 1022 ribus
726 958 1162 1041 disciplinam.
1208 958 1322 1019 Re.
1370 956 1580 1019 Beata
1625 977 1697 1019 es

501 1048 726 1109 maria.
1387 1044 1598 1107 Lectio
1626 1045 1699 1127 tj.

497 1135 680 1265 Et
711 1134 881 1197 bene
926 1133 1200 1217 angelus
1244 1132 1330 1195 ad
1373 1133 1695 1214 virginem

655 1222 972 1286 mittitur:
1019 1223 1176 1304 quia
1207 1241 1466 1302 semper
1495 1242 1695 1302 ange-

499 1310 578 1373 lis
623 1320 726 1373 est
771 1320 1056 1392 cognata
1102 1310 1458 1389 virginitas,
1538 1310 1693 1373 Pro-

497 1398 672 1462 fecto
718 1400 784 1462 in
818 1419 1012 1463 carne
1056 1408 1276 1481 preter
1305 1418 1567 1461 carnem
1599 1400 1694 1461 vi-

495 1508 692 1551 vere:
739 1508 872 1550 non
921 1497 1184 1551 terrena
1229 1487 1368 1550 vita
1419 1496 1519 1549 est
1573 1488 1691 1549 sed

493 1576 772 1639 celestis
865 1576 1064 1641 Unde
1111 1585 1177 1639 et
1225 1576 1290 1637 in
1334 1594 1528 1638 carne
1573 1596 1691 1638 an-

492 1664 775 1745 gelicam
825 1664 1102 1746 gloriam
1163 1664 1499 1747 acquirere
1553 1684 1695 1727 ma-

486 1754 652 1835 joris
718 1762 820 1816 est
881 1754 1093 1816 meriti
1155 1772 1358 1834 quarn
1427 1752 1688 1817 habere.

495 1842 664 1905 Esse
724 1842 922 1905 vero²
980 1841 1289 1923 angelum
1355 1838 1691 1904 felicitatis

491 1940 594 1993 est
621 1953 636 1995 ε
684 1951 826 1994 esse
857 1950 1013 1993 vero
1044 1930 1364 2011 virginem
1395 1930 1688 1993 virtutis:

491 2017 652 2082 dum
675 2020 700 2057 ⁸
727 2019 894 2083 h0c⁴
927 2019 1226 2082 obtinere
1256 2018 1502 2081 viribus
1535 2018 1686 2080 niti-

488 2116 598 2171 tur
671 2128 822 2170 cum
897 2108 1150 2188 gratia:
1226 2106 1405 2189 quod
1481 2106 1687 2169 habet

489 2197 764 2278 angelus
817 2216 904 2259 ex
961 2204 1211 2258 natura.
1309 2194 1685 2276 Utrumque

487 2292 714 2349 tamen
763 2293 832 2347 et
877 2304 1021 2348 esse
1066 2283 1389 2364 virginem
1420 2281 1524 2345 vel
1568 2302 1685 2346 an-

487 2374 751 2454 gelum:
799 2372 1002 2437 divini
1050 2370 1337 2434 muneris
1381 2379 1484 2433 est
1543 2372 1685 2434 offi-

485 2462 662 2525 cium
717 2481 849 2523 non
904 2460 1194 2523 humani.
1272 2459 1384 2523 Re.
1432 2458 1685 2523 Sancta

485 2561 554 2614 et
585 2548 1012 2614 immaculata
1037 2547 1394 2630 virginitas,
1427 2548 1562 2611 Lec.
1587 2549 1686 2631 iij.

481 2642 732 2771 Ave
777 2639 989 2720 inquit
1023 2637 1237 2718 gratia
1286 2635 1498 2718 plena.
1592 2638 1684 2700 Et

651 2727 820 2789 bene
897 2724 1091 2809 plena
1127 2746 1142 2788 ε
1218 2725 1373 2806 quia
1449 2726 1680 2788 ceteris

482 2835 601 2897 per
645 2824 866 2897 partes
911 2822 1284 2896 prestatur:
1333 2815 1537 2877 marie
1568 2835 1680 2877 ve-

481 2924 553 2965 ro
585 2902 780 2965 simul
826 2924 897 2966 se
939 2911 1083 2966 tota
1128 2900 1367 2964 infudit
1397 2900 1682 2983 plenitu—

480 2992 570 3054 do
598 2993 828 3074 gratie.
902 2990 1054 3054 Hoc
1086 2991 1334 3072 quippe
1365 2999 1464 3052 est
1494 2992 1675 3073 quod

479 3080 680 3143 david
703 3081 834 3145 ait:
869 3079 1232 3143 Descendit
1264 3077 1435 3141 sicut
1454 3077 1677 3160 pluvia

479 3169 545 3233 in
578 3168 804 3232 velluS.
851 3167 1085 3232 Vellus
1117 3168 1339 3249 itaque
1359 3167 1383 3204 ⁵
1407 3187 1556 3230 cum
1588 3169 1675 3231 sit

477 3259 562 3321 de
591 3278 904 3340 corpore:
953 3257 1160 3320 nescit
1191 3257 1482 3337 corporis
1523 3276 1676 3338 pas-

475 3347 746 3411 sionem.
845 3347 952 3412 Sic
1005 3354 1074 3408 et
1125 3345 1467 3426 virginitas
1519 3365 1670 3408 curn

474 3437 561 3499 sit
593 3437 658 3498 in
692 3455 929 3499 carne:
975 3434 1136 3497 vitia
1183 3433 1396 3497 carnis
1444 3434 1667 3498 nescit.

477 3524 755 3589 Celestis
788 3523 984 3606 plane
1013 3522 1250 3605 ymber
1267 3521 1292 3558 ⁶
1310 3521 1632 3602 virginem
1645 3520 1669 3560 ⁷

470 3614 682 3677 vellus
727 3613 991 3695 placido
1022 3631 1093 3674 se
1125 3610 1364 3674 infudit
1396 3608 1666 3692 elapsu:

472 3711 541 3765 et
588 3710 734 3765 tota
768 3701 1134 3764 divinitatis
1165 3699 1346 3762 unda
1390 3719 1462 3761 se
1507 3718 1665 3762 con-

470 3790 624 3854 tulit
655 3790 721 3853 in
752 3809 1016 3852 carnem
1045 3810 1060 3853 :
1094 3788 1362 3870 quando
1391 3788 1664 3851 verbum

469 3899 624 3942 caro
666 3878 915 3942 sactum
948 3887 1090 3941 est:
1137 3896 1214 3940 ac
1261 3876 1503 3939 deinde
1551 3896 1669 3957 per

469 3967 678 4031 crucis
767 3966 1138 4048 patibulum
1222 3984 1612 4047 expressum
1649 3987 1666 4030 :

569 4143 583 4172 ¹
620 4139 935 4206 oppignerari
963 4157 975 4190 ε
1011 4139 1073 4188 R.
1147 4139 1471 4204 opignorari:
1505 4138 1572 4189 G.

566 4211 587 4240 ²
619 4224 711 4273 pro
741 4207 917 4256 ‘vero’
940 4206 1110 4256 enim:
1146 4206 1208 4256 G.

563 4277 583 4306 ¹
617 4290 764 4324 cum:
803 4275 867 4322 R.

566 4346 584 4373 ⁴
619 4357 710 4406 pro
740 4339 1110 4388 ‘hoc'homot
1144 4338 1209 4387 G.

563 4412 583 4439 ³
622 4423 714 4472 pro
743 4407 966 4471 ‘itaque'
993 4421 1241 4470 namque:
1277 4405 1340 4454 G.

2316 320 2477 377 688

1806 424 1997 487 terris
2056 426 2365 491 omnibus
2426 428 2724 510 pluviam
2782 432 3025 497 salutis

1802 511 2077 579 effudit:
2124 526 2193 579 et
2242 516 2578 580 stillicidia
2624 520 2846 599 gratie
2898 521 3021 584 hu-

1804 603 2017 665 manis
2076 605 2363 685 prestitit
2420 608 2775 671 mentibus,
2872 610 3019 672 Do-

1802 691 2020 754 minus
2050 700 2289 755 tecum.
2352 694 2527 757 Mira
2560 716 2675 759 res,
2742 697 2841 759 Et
2864 699 3011 778 jam

1801 797 1953 841 cum
2006 780 2259 861 virgine
2306 792 2449 845 erat
2500 782 2615 864 qui
2670 784 2755 847 ad
2808 787 3013 867 virgi-

1802 885 1955 929 nem
2003 869 2314 933 mittebat
2352 872 2708 953 angelum:
2756 884 2829 937 et
2858 896 3011 957 pre-

1800 956 1997 1019 cessit
2028 958 2341 1021 nuncium
2388 980 2581 1022 suum
2628 961 2838 1025 deus:
2884 966 3005 1027 sed

1800 1062 1840 1105 a
1892 1044 2021 1108 deo
2070 1065 2203 1109 non
2254 1048 2563 1111 recessit:
2624 1070 2745 1113 nec
2790 1054 3005 1115 teneri

1800 1132 2018 1213 potuit
2050 1132 2249 1198 locis:
2295 1136 2408 1217 qui
2455 1138 2765 1201 omnibus
2798 1139 3007 1203 habe·

1798 1228 1906 1282 tur
1936 1222 2003 1284 in
2036 1221 2196 1285 locis
2224 1244 2239 1287 ε
2272 1233 2339 1287 et
2372 1233 2553 1288 totus
2576 1226 2829 1309 ubique
2860 1230 3005 1293 sine

1797 1329 1931 1390 quo
1964 1309 2123 1373 nihil
2158 1321 2392 1375 totum.

1798 1401 1863 1474 ἦ
1918 1398 2083 1461 Item
2142 1400 2213 1462 in
2276 1402 3003 1469 commemorationibus.

1798 1484 2028 1549 Sermo
2064 1487 2235 1551 beati
2258 1488 2325 1551 F
2320 1489 2555 1553 alberti
2586 1492 3005 1557 Carnotensis

1792 1574 2072 1656 episcopi.
2710 1581 2929 1645 Lectio
2937 1586 2999 1665 j.

1790 1664 2065 1793 Non
2121 1674 2223 1766 est
2276 1668 2833 1748 pretereundum:
2879 1674 2997 1734 sed

1978 1772 2190 1835 magis
2266 1757 2583 1819 memorie
2657 1776 3003 1822 commen-

1790 1838 2128 1903 dandum:
2175 1842 2355 1923 quod
2403 1843 2517 1906 illa
2547 1843 2655 1907 dei
2701 1849 2999 1928 genitrix

1790 1926 2127 2010 lapsorum
2179 1930 2587 1995 sublevatrix
2648 1937 2997 2015 quondam

1790 2014 2202 2098 theophilum
2224 2020 2633 2101 penitentem
2664 2042 2680 2085 :
2712 2024 2817 2086 et⁸
2840 2046 2997 2108 sup-

1789 2103 2050 2185 pliciter
2124 2108 2542 2171 invocantem
2622 2109 2710 2172 ab
2786 2112 2997 2193 ipsius

1788 2192 2040 2257 diaboli
2072 2194 2371 2259 saucibus
2403 2207 2713 2279 potenter
2735 2201 2995 2282 eripuit.

1790 2280 1927 2345 Sed
1982 2283 2140 2363 quid
2188 2304 2540 2366 gravemur
2582 2286 2779 2368 hujus
2824 2289 2994 2372 lapsi

1788 2372 2269 2452 reparationem
2302 2376 2529 2455 paucis
2560 2374 2745 2438 effari
2775 2398 2790 2439 :
2837 2398 2995 2441 cum

1788 2458 2017 2521 audire
2048 2461 2136 2523 sit
2164 2481 2365 2544 opere
2396 2464 2708 2545 precium.
2790 2466 2860 2529 Is
2891 2487 2995 2530 er-

1786 2567 1875 2629 go
1916 2547 2296 2632 theophilus
2326 2550 2780 2616 vicedominus
2824 2556 2989 2619 olim

1786 2637 2133 2718 cujusdam
2180 2641 2473 2723 episcopi
2520 2641 2875 2706 cilitiorum
2914 2654 2993 2708 ut

1784 2725 2107 2808 scriptura
2146 2735 2428 2792 testatur
2470 2739 2741 2812 propter
2785 2732 2991 2795 infor-

1782 2814 1971 2877 tunia
2029 2835 2150 2878 sua
2195 2816 2261 2878 in
2310 2818 2652 2881 tristiciam
2714 2819 2989 2886 decidit.

1786 2902 1985 2967 Unde
2030 2905 2309 2968 contulit
2338 2925 2483 2968 sese
2527 2906 2613 2969 ad
2646 2909 2987 2988 quendam

1772 2989 2052 3072 judeum
2074 2992 2445 3057 maleficum
2464 2994 2609 3077 ejus
2632 2996 2985 3062 consilium

1780 3089 1847 3141 et
1880 3079 2207 3143 auxilium
2238 3093 2491 3164 petens,
2546 3083 2699 3146 Hoc
2730 3086 2987 3150 media-

1778 3175 1924 3232 tore
1968 3168 2227 3232 loeutus
2267 3189 2418 3233 cum
2466 3171 2735 3236 diabolo
2778 3173 2987 3238 chris-

1778 3256 2153 3320 tianitatem
2193 3257 2587 3341 abnegavit:
2634 3262 2983 3327 diabolum

1776 3344 2118 3409 adoravit:
2181 3346 2373 3428 eique
2423 3349 2507 3411 de
2556 3369 2676 3412 sua
2730 3353 2983 3415 manci-

1771 3434 2043 3514 patione
2109 3433 2357 3498 sactum
2419 3436 2980 3520 chirographum⁹

1774 3522 2049 3586 tradidit
2080 3523 2281 3586 anulo
2312 3545 2433 3588 suo
2465 3525 2823 3608 signatum.
2862 3529 2982 3593 Re.

1772 3611 1984 3674 Beata
2014 3632 2085 3674 es
2117 3613 2324 3675 maria
2356 3633 2503 3696 que.
2658 3615 2876 3680 Lectio
2907 3618 2981 3700 ᾔ.

1766 3701 2109 3830 Postea
2189 3721 2347 3765 vero
2429 3701 2583 3765 sacti
2670 3706 2979 3784 penitens

1897 3787 2312 3870 multumque
2356 3810 2427 3852 se
2472 3791 2674 3854 animi
2723 3813 2979 3876 angens

1768 3876 1926 3958 quid
1953 3877 2196 3940 faceret
2228 3899 2447 3960 quose
2468 3888 2795 3945 verteret:
2828 3893 2978 3946 tan-

1767 3966 1921 4028 dem
1954 3965 2247 4029 collectis
2278 3966 2431 4031 fidei
2464 3978 2530 4032 et
2563 3971 2702 4052 spei
2728 3971 2993 4072 viribQ

1876 4140 1898 4169 ⁸
1932 4138 2126 4188 imber:
2162 4140 2223 4190 G.

1869 4207 1896 4302 Ζ
1928 4211 2064 4299 pro:
2084 4206 2361 4324 vgggingmd
2374 4207 2426 4324 ig
2449 4209 2725 4276 virgineum
2749 4232 2763 4263 ε
2800 4213 2930 4264 R.G.

1868 4341 1889 4368 ⁰
1929 4287 2469 4403 ‘Zimgraphum’ssk
