3375 5100
1440 347 1844 402 LETANIA.

928 456 1085 512 935

394 585 809 649 paganorum
876 573 943 628 et
1004 563 1301 626 omnium
1374 562 1593 625 inimi-

392 676 619 718 corum
676 663 1091 718 nostrorum:
1154 652 1376 715 libera,
1473 653 1591 715 Ab

394 744 493 807 ira
522 753 589 807 et
615 744 772 807 odio
802 751 870 805 et
915 742 1097 804 omni
1151 742 1327 803 mala
1356 739 1590 803 volun-

392 842 573 896 tate:
621 831 845 895 libera,
933 830 996 892 A
1023 838 1301 893 ventura
1332 829 1467 892 ira:
1514 828 1590 891 li-

393 922 571 985 bera.
659 920 721 983 Α
763 918 1019 982 subita¹
1057 926 1127 981 et
1156 927 1383 981 eterna
1416 937 1589 980 mor-

392 1018 506 1073 te:
606 1008 830 1072 libera,
965 1007 1103 1070 Per
1195 1006 1587 1088 mysterium

392 1107 620 1162 sancte
654 1096 1123 1161 incarnationis
1146 1104 1261 1158 tue
1288 1116 1303 1158 :
1366 1093 1587 1158 libera,

393 1187 533 1250 Per
561 1206 823 1249 crucem
838 1194 907 1248 et
926 1185 1303 1267 passionem
1327 1192 1511 1246 tuam
1525 1183 1551 1219 ²
1572 1204 1588 1246 ε

393 1274 621 1338 libera,
711 1275 851 1338 Per
880 1282 1182 1337 sanctam
1215 1272 1590 1335 resurrecti-

393 1384 592 1427 onem
623 1371 851 1427 tuam:
901 1361 1123 1425 libera.
1211 1361 1349 1424 Per
1378 1361 1589 1424 admi-

394 1451 669 1515 rabilem
725 1450 1179 1515 ascensionem
1239 1458 1467 1512 tuam:
1516 1449 1591 1511 li-

393 1541 570 1604 bera.
634 1540 773 1603 Per
790 1541 1074 1621 gratiam
1106 1538 1592 1620 sanctispiritus

392 1628 735 1711 paracliti:
804 1627 1026 1691 libera,
1146 1626 1590 1690 Peccatores:

392 1718 494 1782 Te
527 1737 837 1799 rogamus
867 1716 1023 1779 audi
1057 1735 1195 1778 nos,

403 1806 497 1871 Ut
545 1826 777 1888 pacem
829 1814 897 1868 et
945 1804 1367 1867 concordiam
1399 1802 1593 1866 nobis

392 1895 637 1959 dones:
670 1903 737 1958 te
770 1913 1081 1975 rogamus
1112 1893 1265 1956 audi
1288 1911 1427 1954 nos,
1502 1892 1593 1956 Ut

392 1993 695 2048 sanctam
728 1982 1073 2046 ecclesiam
1122 1991 1306 2044 tuam
1367 1999 1594 2062 regere

395 2094 473 2136 ac
496 2073 522 2110 ³
580 2071 925 2137 defensare
956 2070 1266 2152 digneris,
1300 2077 1367 2132 te
1402 2089 1593 2150 roga-

395 2181 561 2224 mus,
680 2161 772 2225 Ut
825 2159 1216 2223 dominum⁴
1278 2157 1593 2240 apostoli-

398 2270 551 2312 cum
583 2257 652 2312 et
697 2268 931 2311 omnes
961 2247 1207 2329 gradus
1232 2246 1507 2310 ecclesie
1529 2248 1593 2309 in

392 2347 627 2401 sancta
665 2338 981 2419 religione
1036 2355 1420 2399 conservare
1449 2335 1593 2417 dig·
1640 2353 1647 2359 ·

396 2428 583 2490 neris,
598 2434 667 2488 te
687 2446 1016 2507 rogamus,
1058 2425 1148 2489 Ut
1160 2423 1595 2506 archiepisco-

395 2534 559 2598 pum
590 2523 889 2578 nostrum
922 2522 991 2577 et
1020 2532 1287 2576 omnem
1323 2532 1595 2595 congre-

396 2605 738 2686 gationem
822 2603 949 2666 sibi
1023 2602 1449 2664 commissam
1526 2601 1593 2664 in

395 2702 629 2756 sancta
670 2692 985 2774 religione
1027 2710 1417 2754 conservare
1448 2689 1594 2771 dig-

395 2782 589 2844 neris,
665 2790 733 2844 te
775 2801 1103 2862 rogamus.
1190 2779 1283 2843 Ut
1331 2778 1595 2860 regibus

394 2879 464 2933 et
494 2868 900 2952 principibus
946 2867 1187 2931 nostris
1248 2887 1481 2949 pacem
1529 2876 1597 2930 et

394 2980 618 3023 veram
652 2957 1069 3022 concordiam
1104 2966 1307 3038 atque
1336 2956 1597 3019 victori-

398 3068 506 3111 am
541 3048 791 3111 donare
821 3045 1130 3128 digneris,
1162 3054 1233 3108 te
1268 3065 1598 3126 rogamus,

408 3136 502 3201 Ut
534 3136 750 3200 locum
783 3145 1084 3198 nostrum
1126 3143 1194 3197 et
1225 3153 1458 3197 omnes
1482 3133 1599 3196 ha-

395 3226 688 3290 bitantes
740 3225 806 3287 in
857 3245 939 3287 eo
986 3223 1297 3287 visitare-⁶
1342 3230 1410 3285 et
1441 3241 1598 3285 con-

399 3315 600 3377 solari
652 3313 959 3395 digneris,
1136 3311 1227 3376 Ut
1284 3309 1597 3374 omnibus

397 3402 927 3466 benefactoribus
960 3401 1199 3464 nostris
1219 3410 1448 3463 eterna
1479 3399 1597 3462 do-

398 3491 529 3554 na⁶
574 3490 935 3554 retribuas:
978 3499 1047 3553 te
1077 3509 1405 3571 rogamus,
1507 3489 1602 3553 Ut

396 3588 709 3644 cunctum
778 3577 1103 3661 populum
1166 3577 1595 3640 christianum

398 3669 699 3750 precioso
752 3663 1121 3749 sanguine⁷
1175 3666 1596 3748 redemptum

397 3776 789 3821 conservare
849 3754 1139 3838 digneris
1169 3776 1184 3818 :
1259 3763 1329 3816 te
1404 3775 1595 3836 roga-

398 3866 565 3909 mus,
664 3845 757 3910 Ut
811 3845 1261 3908 remissionem
1294 3843 1593 3906 omnium

396 3943 823 4016 peccatorum
855 3942 1228 3996 nostrorum
1254 3930 1447 3994 nobis
1475 3932 1596 3995 do-

498 4109 512 4138 ¹
548 4107 847 4156 subitanea:
881 4105 1108 4156 E,G,W.

496 4175 519 4204 ²
550 4175 667 4222 ‘I’er
690 4187 884 4222 crucem
908 4173 951 4220 ἃ
968 4187 1096 4236 pass,
1116 4179 1251 4220 tuam
1270 4171 1283 4194 ’
1304 4187 1402 4220 om,
1422 4189 1434 4221 ι
1458 4171 1590 4222 E.G.

494 4241 517 4271 ⁸
550 4256 642 4305 pro
674 4239 789 4288 ‘ac'
816 4247 895 4289 et:
932 4238 1066 4288 E,G.

495 4309 514 4337 ⁴
549 4307 824 4356 domnum:
860 4305 921 4355 G.
934 4305 985 4354 S.

494 4377 516 4404 ⁸
548 4371 775 4422 visitari:
811 4371 862 4422 S.

494 4443 515 4471 ⁸
546 4441 711 4489 bona:
749 4437 965 4488 G.W.S.

496 4509 515 4536 '
555 4505 701 4554 ‘tuo’
729 4505 865 4553 add:
902 4503 1047 4553 W.S.

494 4576 515 4602 ⁸
548 4589 639 4637 pro
669 4577 681 4600 ⁴
700 4573 885 4621 donare
908 4569 1071 4635 dign,’
1094 4569 1251 4618 dones
1278 4587 1289 4619 ε
1324 4571 1457 4622 E.G.

2209 458 2366 514 986

1694 583 1853 626 nare
1884 564 2260 646 digneris⁸:
2309 574 2379 628 te
2400 584 2730 646 rogamus,
2802 564 2896 630 Ut

1693 653 2090 733 obsequium
2185 652 2565 717 servitutis⁹
2669 662 2892 717 nostre

1692 740 2084 805 rationabile
2144 742 2386 806 facias:
2433 750 2502 805 te
2564 762 2891 823 rogamus,

1704 828 1795 893 Ut
1827 831 2085 893 animas
2131 840 2390 894 nostras
2441 840 2510 894 et
2539 839 2892 913 parentum

1691 927 2068 981 nostrorum
2091 918 2178 982 ab
2210 929 2437 983 eterna
2458 919 2893 983 damnatione

1691 1007 1969 1088 eripias:
2015 1016 2085 1071 te
2117 1028 2444 1089 rogamus,
2519 1008 2614 1072 Ut
2644 1008 2896 1071 miseri-

1691 1095 1914 1158 cordia
1946 1104 2013 1159 et
2059 1098 2274 1179 pietas
2317 1106 2435 1160 tua
2479 1116 2602 1159 nos
2631 1116 2896 1178 semper

1691 1184 2093 1247 custodiat.¹⁰
2107 1194 2172 1248 te
2187 1184 2562 1267 rogamus,¹¹
2623 1185 2691 1249 U
2686 1194 2713 1247 t
2723 1184 2894 1248 fruc-

1691 1280 1800 1334 tus
1831 1282 2004 1335 terre
2035 1273 2196 1337 dare
2227 1284 2296 1337 et
2325 1293 2713 1337 conservare
2745 1274 2893 1355 dig-

1694 1360 1885 1424 neris,
1935 1370 2004 1424 te
2025 1381 2354 1444 rogamus,
2458 1362 2550 1426 Ut
2580 1361 2891 1424 fratribus

1694 1450 1937 1513 nostris
1985 1460 2054 1513 et
2097 1451 2403 1514 omnibus
2457 1450 2762 1513 fidelibus
2791 1450 2896 1512 in-

1695 1538 1900 1601 firmis
1919 1540 2274 1603 sanitatem
2304 1540 2546 1602 mentis
2569 1548 2636 1602 et
2658 1558 2891 1620 corpo-

1696 1627 1782 1689 ris
1814 1626 2063 1690 donare
2116 1627 2424 1711 digneris,
2455 1637 2523 1691 te
2562 1647 2894 1709 rogamus,

1709 1714 1802 1779 Ut
1818 1716 2114 1779 miserias
2140 1737 2508 1799 pauperum
2520 1727 2586 1780 et
2599 1716 2894 1798 captivo-

1696 1824 1842 1866 rum
1878 1804 2113 1868 intueri
2145 1814 2214 1869 et
2267 1806 2552 1869 relevare
2583 1805 2895 1886 digneris,

1695 1900 1763 1954 te
1797 1912 2123 1974 rogamus,
2181 1892 2274 1957 Ut
2303 1895 2556 1957 cunctis
2588 1892 2895 1956 fidelibus

1696 1981 2026 2045 defunctis
2088 1982 2384 2063 requiem
2443 1991 2743 2045 eternam
2774 1978 2916 2045 do-'

1698 2090 1854 2133 nare
1896 2070 2202 2151 digneris,
2251 2081 2318 2134 te
2373 2090 2700 2153 rogamus,
2803 2070 2895 2134 Ut

1697 2158 1781 2221 ad
1829 2160 2076 2240 gaudia
2127 2168 2356 2222 eterna
2385 2180 2506 2221 nos
2538 2159 2898 2241 perducere

1697 2247 2004 2329 digneris,
2064 2256 2134 2310 te
2179 2268 2511 2330 rogamus,
2617 2244 2713 2311 Ut
2772 2266 2895 2309 nos

1697 2336 2018 2399 exaudire
2083 2337 2392 2418 digneris.
2442 2344 2510 2399 te
2564 2355 2894 2418 rogamus.

1694 2424 1828 2487 Fili
1860 2424 1984 2487 dei.
2010 2433 2079 2487 te
2102 2424 2484 2507 rogamus,¹²
2525 2424 2768 2507 Agnus
2787 2424 2896 2486 dei

1698 2514 1810 2595 qui
1834 2512 2015 2577 tollis
2047 2523 2322 2596 peccata
2353 2514 2602 2577 mundi.
2695 2512 2896 2576 Parce

1699 2603 1892 2666 nobis
1947 2603 2236 2667 domine,
2323 2602 2570 2684 Agnus
2623 2602 2730 2666 dei
2777 2601 2892 2684 qui

1699 2690 1880 2754 tollis
1942 2701 2216 2774 peccata
2277 2692 2528 2755 mundi,
2623 2689 2895 2754 Exaudi

1701 2801 1822 2843 nos
1884 2779 2172 2844 domine,
2299 2781 2542 2862 Agnus
2596 2780 2704 2843 dei
2780 2779 2892 2860 qui

1701 2869 1878 2932 tollis
1910 2878 2186 2951 peccata
2240 2870 2488 2932 mundi,
2580 2868 2895 2930 Miserere

1701 2956 1911 3020 nobis,
2009 2956 2268 3023 Christe
2299 2957 2456 3020 audi
2489 2977 2628 3020 nos,
2673 2955 2753 3018 K
2753 2956 2896 3036 yrie

1702 3045 1966 3109 eleison,
2062 3045 2324 3112 Christe
2355 3046 2621 3108 eleison,
2675 3044 2754 3106 K
2754 3045 2894 3127 yrie

1701 3134 1966 3197 eleison,
2054 3134 2266 3197 Pater
2325 3143 2563 3197 noster,
2653 3133 2750 3196 Et
2810 3153 2896 3195 ne

1702 3242 1838 3285 nos,
1935 3222 2071 3288 Sed
2144 3222 2366 3286 libera.
2457 3223 2894 3286 Peccavimus

1701 3311 1974 3376 domine
2037 3332 2187 3374 cum
2264 3309 2562 3394 patribus
2638 3310 2897 3374 nostris,

1704 3400 1960 3481 Injuste
1991 3400 2248 3482 egimus
2294 3401 2712 3481 iniquitatem
2743 3399 2897 3462 feci—

1704 3508 1868 3552 mus,
1986 3488 2282 3551 Domine
2336 3508 2470 3551 non
2531 3487 2897 3551 secundum

1701 3587 1976 3658 peccata
2059 3585 2287 3641 nostra
2389 3576 2592 3640 facias
2690 3575 2900 3639 nobis,

1704 3667 1766 3730 N
1777 3686 1946 3748 eque
1959 3667 2324 3729 secundum
2345 3665 2729 3747 iniquitates
2748 3684 2901 3728 nos-

1706 3765 1842 3818 tras
1891 3754 2178 3817 retribua
2207 3755 2254 3793 ¹³
2301 3755 2509 3818 nobis,
2600 3754 2713 3816 Ne
2764 3772 2902 3816 me-

1698 3842 2023 3906 mineris¹⁴
2057 3844 2480 3926 iniquitatum
2528 3851 2902 3905 nostrarum

1699 3933 2139 4014 antiquarum.
2210 3931 2364 3998 Cito
2396 3931 2760 4013 anticipent
2781 3950 2902 3994 nos

1802 4109 1824 4136 ⁹
1857 4107 2084 4156 servitis:
2122 4106 2174 4157 S.

1787 4173 1825 4204 ’θ
1857 4173 2176 4223 custodiant:
2212 4173 2263 4222 S.

1789 4239 1822 4270 ¹¹
1863 4242 1878 4266 ‘
1897 4241 1969 4289 Ut
1986 4241 2112 4290 aeris
2127 4240 2415 4304 temperiem
2439 4239 2622 4288 bonam
2647 4238 2792 4288 nobis
2817 4239 2908 4288 do·

1701 4319 1805 4354 nes,
1879 4305 1956 4354 Te
1977 4321 2208 4370 rogamus
2227 4307 2238 4328 ’
2262 4307 2360 4354 add
2386 4326 2398 4354 :
2435 4305 2721 4356 E.G.W.S,

1785 4373 1824 4402 ¹²
1863 4375 1877 4399 ‘
1895 4372 2004 4420 Fili
2030 4373 2110 4421 dei
2135 4381 2183 4422 te
2209 4373 2336 4436 rog.'
2360 4380 2466 4421 ter:
2504 4373 2556 4422 S.

1785 4439 1822 4468 ¹⁸
1855 4437 2133 4487 retribuas:
2170 4439 2455 4488 E.G.W.S.

1785 4506 1822 4536 ¹⁴
1862 4505 2118 4554 ‘domine'
2141 4505 2275 4554 add:
2313 4507 2372 4552 W
2404 4507 2440 4554 S
