3375 5100
1102 310 1154 363 S
1161 309 1433 365 UFFRA
1442 308 1582 365 GJA
1641 309 1690 364 C
1690 310 1853 365 ONS
1861 310 1972 366 ΠΕ
1983 310 2100 365 TA.

890 416 1043 473 948

356 524 501 606 ejus
525 544 889 607 quesumus
903 527 1239 608 perpetuis
1272 525 1561 590 defende

356 613 684 677 subsidiis.
709 634 827 696 per
850 614 1205 679 Christum.

488 701 597 765 De
636 703 918 767 domina.
969 712 1076 767 αὴ.
1172 704 1423 770 Sancta
1452 703 1561 767 dei

357 791 649 873 genitrix
680 792 867 874 virgo
914 812 1179 875 semper
1223 794 1433 856 maria
1465 793 1561 855 in-

359 880 625 943 tercede
656 900 777 963 pro
832 879 1023 943 nobis
1076 882 1162 945 ad
1211 882 1559 945 dominum

359 968 559 1031 deum
592 977 910 1032 nostrum.
955 986 1004 1055 y
1063 970 1221 1033 Post
1250 969 1559 1054 partum.¹

371 1058 873 1192 Omnipotens
904 1058 1144 1142 sempi-
1279 1054 1561 1143 [Oratio.

495 1154 680 1209 terne
710 1146 874 1209 deus
925 1166 1047 1210 nos
1091 1147 1378 1211 famulos
1408 1156 1559 1211 tuos

359 1234 641 1297 dextera
701 1236 1000 1318 potentie
1058 1244 1174 1299 tue
1227 1257 1268 1300 a
1306 1237 1561 1300 cunctis

358 1331 635 1404 protege
664 1323 689 1360 ²
748 1324 1053 1405 periculis
1081 1346 1095 1387 :
1143 1333 1211 1388 et
1270 1323 1561 1405 gloriosa

359 1412 559 1474 beate
589 1412 795 1475 marie
856 1432 1123 1494 semper
1152 1414 1427 1495 virginis
1460 1414 1558 1475 in-

359 1500 760 1563 tercessione
790 1500 897 1564 fac
919 1521 1039 1563 nos
1071 1502 1361 1583 presenti
1394 1522 1558 1584 gau-

358 1589 517 1652 dere
546 1589 985 1671 prosperitate
1016 1598 1082 1652 et
1114 1588 1382 1653 futura.3

493 1676 599 1741 De
617 1677 935 1760 apostolic.
1012 1676 1295 1742 Gloriosi
1318 1678 1557 1761 princi-

360 1784 479 1847 pes
532 1773 703 1829 terre
749 1766 1065 1849 quoniam
1120 1768 1189 1830 in
1238 1767 1381 1830 vita
1436 1787 1558 1830 sua

360 1854 741 1918 dilexerunt
792 1876 902 1919 se:
951 1855 1045 1918 ita
1092 1864 1163 1919 et
1224 1854 1290 1917 in
1341 1864 1557 1919 morte

359 1962 493 2005 non
536 1951 690 2007 sunt
707 1942 1012 2027 separati.
1058 1960 1107 2030 γ
1170 1943 1253 2007 In
1283 1964 1554 2007 omnem

361 2032 651 2095 terram.⁴
1308 2031 1554 2097 Oratio.

357 2124 739 2255 protege
787 2119 1060 2184 domine
1090 2120 1417 2203 populum
1449 2128 1555 2183 tu-

512 2229 626 2271 um
659 2218 727 2272 et
776 2209 1233 2291 apostolorum
1286 2218 1554 2273 tuorum

357 2298 527 2379 petri
559 2306 627 2360 et
659 2297 841 2380 pauli
872 2298 896 2335 ³
927 2298 1297 2380 patrocinio
1342 2296 1549 2361 confi-

356 2386 627 2449 dentem
650 2395 973 2468 perpetua
996 2386 1379 2451 defensione
1398 2406 1556 2451 con-

356 2494 561 2537 serva.
592 2494 713 2558 per
744 2474 1101 2540 Christum.

487 2563 594 2626 De
646 2575 863 2629 sancto
910 2564 1214 2628 willelmo
1240 2573 1348 2628 αῆ.
1437 2563 1556 2628 Ab

354 2650 579 2732 abyssi
640 2652 941 2717 faucibus
992 2653 1198 2718 biduo
1255 2653 1556 2717 submer-

355 2759 504 2803 sum
537 2749 752 2804 mater
779 2751 1013 2806 natum
1045 2741 1278 2824 recipit
1308 2762 1349 2805 a
1381 2763 1555 2805 mor-

354 2835 423 2891 te
454 2849 804 2894 reversum.
851 2846 900 2916 y
946 2830 1085 2896 Ora
1114 2851 1236 2913 pro
1268 2827 1542 2895 nobis⁶⁷

359 2916 605 2982 Oratio.
697 2918 883 2982 Deus
913 2920 1027 3001 qui
1060 2939 1198 2983 n05.

485 3005 593 3068 De
641 3007 951 3088 reliquiis.
1032 3006 1330 3089 Corpora
1361 3027 1549 3071 sanc-

352 3094 620 3159 torum.⁸
692 3111 741 3180 y
819 3095 1247 3160 Exultabunt
1321 3096 1551 3160 sancti.

350 3193 414 3246 et
438 3193 640 3247 cetera
665 3193 742 3247 ut
764 3193 983 3266 supra.

334 3343 465 3408 fisto
499 3351 665 3394 sancte
702 3344 957 3394 trinitatis
993 3361 1145 3410 nsque
1176 3345 1249 3395 ad
1278 3345 1547 3394 adventum

350 3410 692 3476 dominifiant
714 3413 943 3462 memorie
962 3418 1203 3476 sequentes
1224 3413 1332 3462 nisi
1349 3411 1547 3477 quando

335 3477 410 3540 fit
426 3477 689 3526 servitium
711 3493 826 3526 cum
847 3478 1091 3542 regimine
1126 3479 1270 3528 chori
1298 3495 1357 3527 ac
1394 3478 1547 3528 etiam

338 3550 455 3607 post
472 3550 667 3593 octavas
685 3545 949 3609 epiphanie
968 3561 1117 3610 usque
1148 3545 1221 3594 ad
1246 3543 1547 3594 dominicam

341 3610 567 3674 primam
588 3611 963 3676 quadragesime
978 3611 1285 3675 preterquod
1299 3612 1551 3660 omittitur

350 3677 587 3726 memoria
607 3677 666 3725 de
684 3692 824 3725 cruce
842 3685 891 3726 et
909 3677 965 3726 de
981 3678 1115 3726 beata
1130 3678 1295 3726 νεανία
1318 3683 1552 3726 mutatur

350 3749 411 3792 ut
419 3743 623 3806 plenius·
646 3743 719 3792 ihi
726 3743 893 3806 patet’
916 3744 1042 3792 add:
1074 3744 1142 3793 E.

450 3810 465 3839 ¹
506 3809 680 3886 ‘virgo
732 3808 971 3858 inviolata
1036 3808 1369 3873 permansisti.
1452 3810 1542 3860 Re.

348 3875 449 3925 Dei
468 3875 681 3940 genitrix
703 3875 987 3925 intercede’
1008 3875 1143 3926 add.
1178 3875 1233 3927 S.

446 4008 468 4037 ⁸
507 3941 943 4058 ‘letitegehris‘iirnmz'
964 3941 1104 4058 fild.
1092 4009 1187 4059 ·E.
1197 4009 1259 4059 G.
1271 4007 1323 4059 S.
1366 4007 1545 4072 [domi-

348 4087 467 4122 num
491 4081 731 4124 nostrum.
804 4074 999 4124 Amen:
1036 4074 1118 4138 8.]

448 4142 467 4171 ⁴
506 4145 521 4168 ‘
538 4140 691 4190 exivit
714 4155 865 4190 sonus
887 4155 1075 4191 eorum.
1137 4142 1225 4192 Re.
1258 4140 1362 4190 Ει
1348 4157 1401 4190 ιιι
1424 4139 1549 4190 fines

346 4205 481 4256 orbis
503 4213 631 4256 terre
654 4207 805 4256 verba
827 4223 999 4257 eorum
1017 4206 1187 4257 'zadd
1224 4207 1279 4258 8.

444 4275 467 4304 ⁸
504 4276 582 4322 ‘et
605 4272 817 4322 aliorum
839 4273 1209 4338 apostolorum’
1230 4273 1367 4323 add:
1402 4273 1467 4324 G.

448 4339 683 4388 “beate
714 4338 963 4389 willelme.
1033 4340 1121 4390 Re.
1164 4339 1235 4390 Ut
1270 4338 1412 4406 digni
1445 4337 1547 4390 effi-

347 4403 1253 4522 ⁰¹⁸”2u‘b222⁰}¹²3v⁵1⁵1¹12¹1²1¹„¹'1⁰⁸02‚13⁸f{2.211⁸.
1284 4472 1357 4522 tui
1393 4479 1551 4536 atque

348 4536 600 4600 pontificis
632 4538 820 4590 meritis
843 4549 893 4590 et
916 4537 1269 4591 intercessione
1306 4537 1549 4590 letificas·

2178 420 2326 474 944

1793 526 1901 589 De
1925 525 2392 609 confessoribus
2419 534 2524 589 ari.
2618 527 2674 589 F
2678 527 2857 609 ulge-

1660 614 1830 679 bunt
1856 614 2018 696 justi
2051 624 2118 679 et
2139 625 2459 696 tanquam
2480 616 2759 679 scintille
2789 617 2856 679 in

1661 704 2056 768 arundineto
2080 704 2448 767 discurrent
2463 703 2859 785 judicabunt

1660 794 1966 856 nationes
2019 802 2087 857 et
2133 792 2509 875 regnabunt
2568 793 2634 855 in
2689 803 2858 857 eter-

1660 900 1841 945 num.
1891 898 1936 967 y
1985 881 2377 947 Sacerdotes
2402 879 2609 945 ιιιί.910

1656 972 2106 1101 Beatorum
2127 969 2576 1033 confessorum
2590 977 2858 1033 tuorum

1799 1057 2110 1139 johannis
2140 1056 2398 1121 wilfridi
2430 1067 2499 1122 et
2528 1058 2858 1123 cuthberti

1659 1166 1780 1209 nos
1811 1146 2032 1210 foveat
2051 1146 2323 1210 domine
2354 1147 2654 1229 preciosa
2703 1167 2856 1211 con-

1658 1233 1857 1298 fessio
1893 1256 1907 1299 ε
1955 1243 2022 1298 et
2052 1235 2162 1317 pia
2187 1236 2436 1317 jugiter
2476 1236 2859 1299 intercessio

1656 1330 1939 1388 tueatur.
1971 1344 2092 1406 per
2123 1322 2481 1389 Christum.

1789 1412 1896 1475 De
1920 1410 2218 1475 omnibus
2243 1413 2488 1475 sanctis
2513 1420 2621 1476 ar‘i.
2693 1412 2857 1477 Om-

1658 1520 1776 1563 nes
1837 1500 2030 1565 electi
2091 1500 2198 1564 dei
2261 1501 2469 1565 nostri
2527 1521 2857 1565 memora-

1656 1589 1818 1651 mini
1851 1597 2008 1653 ante
2038 1589 2238 1652 deum
2273 1599 2348 1653 ut
2377 1591 2612 1653 vestris
2644 1592 2857 1673 preci-

1654 1676 1780 1741 bus
1833 1677 2048 1760 adjuti
2111 1698 2483 1742 mereamur
2513 1678 2705 1743 nobis
2737 1678 2857 1742 ad-

1648 1764 1858 1848 jungi.
1906 1782 1955 1852 y
2001 1766 2408 1830 Letamini.¹¹
2605 1767 2857 1832 Orati0.

1654 1854 1946 1993 Vide
1975 1855 2246 1919 domine
2269 1854 2686 1919 infirmitates
2707 1876 2861 1921 nos-

1836 1951 1974 2007 tras
2013 1951 2084 2007 et
2123 1944 2681 2008 intercedentibus
2712 1966 2858 2009 om·

1655 2030 1851 2095 nibus
1899 2032 2146 2095 sanctis
2195 2032 2366 2096 tuis:
2431 2032 2628 2097 celeri
2661 2034 2857 2099 nobis

1653 2120 1907 2203 pietate
1937 2140 2256 2184 succurre.
2286 2140 2407 2202 per
2439 2120 2797 2187 Christum.

1742 2208 1883 2272 Pro
1889 2218 2049 2290 pace
2059 2218 2165 2273 αῆ.
2199 2210 2310 2273 Da
2329 2230 2568 2291 pacem
2579 2211 2857 2275 domine

1654 2295 2038 2361 indiebuS.¹²
2067 2314 2116 2383 y
2162 2297 2314 2361 Fiat
2341 2297 2554 2380 pax.¹³
2607 2298 2856 2365 Oratio.

1652 2388 1928 2517 Deus
1959 2393 2190 2450 auctor
2242 2386 2424 2469 pacis
2471 2395 2539 2452 et
2582 2398 2846 2453 amator

1810 2494 2010 2558 quem
2047 2494 2242 2538 nosse
2281 2475 2502 2539 vivere
2561 2478 2669 2540 cui
2723 2496 2855 2541 ser-

1652 2563 1792 2627 vire
1867 2584 2144 2646 regnare
2219 2574 2322 2629 est
2349 2585 2364 2628 :
2411 2574 2687 2648 protege
2765 2568 2854 2631 ab

1652 2652 1965 2716 omnibus
2025 2653 2642 2736 impugnationibus
2701 2675 2858 2739 sup-

1651 2741 1858 2824 plices
1889 2749 2076 2805 tuos:
2125 2751 2197 2805 ut
2220 2743 2336 2825 qui
2369 2743 2434 2805 in
2468 2742 2856 2808 defensione

1650 2838 1770 2892 tua
1789 2828 2186 2894 confidimus
2211 2829 2454 2894 nullius
2470 2831 2856 2897 hostilitatis

1651 2937 1840 2981 arma
1897 2917 2270 2982 timeamus.
2329 2939 2448 3002 per
2505 2920 2855 2984 dominum

1650 3007 2024 3070 nostrum.¹⁴
2057 3007 2390 3071 Dominus
2433 3007 2854 3073 vobiscum.¹⁵
2917 3031 2926 3040 ·

1649 3095 2138 3160 Benedicamus
2188 3096 2485 3162 domin0.
2531 3097 2649 3161 Re.
2702 3098 2854 3162 Deo

1648 3185 1925 3267 gratias

1646 3345 1876 3395 concede
1898 3343 2151 3410 propicius
2167 3353 2222 3394 ut
2244 3345 2331 3410 qui
2354 3345 2462 3410 ejus
2481 3345 2728 3396 beneficia
2741 3362 2854 3412 pos-

1646 3411 1810 3462 cimus
1855 3410 1992 3461 dono
2027 3419 2112 3461 tue
2150 3411 2308 3478 gratie
2352 3428 2713 3478 consequamur
2767 3429 2856 3478 per

1646 3477 1936 3528 Christum'
1959 3477 2096 3528 add.
2131 3479 2195 3529 G.

1748 3545 1770 3575 ⁸
1799 3543 1906 3594 fuse
1928 3551 1984 3593 ut
2005 3559 2156 3608 supra
2169 3543 2267 3594 col.
2295 3556 2410 3607 941.
2481 3560 2596 3594 cum
2627 3546 2854 3596 oratione

1648 3610 1820 3660 omnia
1840 3609 2083 3660 describit
2120 3610 2182 3660 G.

1747 3679 1768 3708 ·
1807 3676 2108 3726 ‘induantur
2134 3676 2402 3741 justiciam.
2473 3677 2560 3727 Re.

1648 3741 1722 3792 tui
1745 3743 1969 3793 exultent
1990 3743 2003 3767 ’
2025 3742 2126 3792 add
2151 3760 2162 3794 ε
2199 3743 2250 3794 8.

1729 3810 1768 3841 ²⁰
1808 3809 2052 3858 ‘'Or-atio
2071 3809 2209 3859 add:
2247 3808 2304 3858 G.
2312 3809 2367 3860 S.

1733 3876 1770 3906 ¹¹
1812 3876 1854 3903 ⁴
1841 3891 1892 3924 m
1915 3874 2123 3926 domino
2145 3883 2194 3925 et
2218 3877 2437 3925 exultate
2457 3874 2595 3940 justi.
2665 3875 2754 3926 Re.
2787 3877 2852 3928 Et

1645 3940 1932 4008 gloriamini
1955 3956 2130 3992 omnes
2149 3941 2274 3991 recti
2294 3942 2476 3991 corde'
2501 3941 2635 3992 add.
2671 3943 2726 3994 8.

1731 4009 1770 4039 ¹²
1808 4011 1822 4036 ⁶
1837 4009 2020 4058 nostris
2015 4008 2158 4087 quia
2181 4022 2280 4058 non
2304 4016 2380 4058 est
2402 4007 2530 4058 alius
2547 4008 2639 4074 qui
2661 4018 2851 4074 pugnet

1648 4089 1743 4140 pro
1765 4074 1912 4124 nobis
1933 4072 2030 4124 nisi
2053 4083 2108 4124 tu
2129 4073 2253 4124 deus
2275 4075 2478 4124 noster'
2499 4075 2632 4125 add:
2673 4076 2726 4126 S.

1732 4142 1770 4172 ¹⁸
1807 4141 1890 4190 ‘in
1925 4141 2107 4190 virtute
2143 4147 2246 4191 tua.
2315 4142 2406 4191 Re.
2435 4141 2504 4190 Et
2543 4141 2854 4192 abundantia

1649 4205 1705 4256 in
1729 4207 1944 4258 turribus
1967 4207 2098 4256 tuis’
2130 4207 2272 4256 add·
2259 4243 2272 4257 .
2307 4207 2362 4258 S.

1736 4275 1774 4306 ¹⁴
1806 4273 2064 4324 dominum
2102 4279 2328 4323 nostrum
2363 4272 2540 4337 Jesum
2597 4273 2853 4324 Christum

1650 4337 1809 4388 filium
1831 4347 1974 4390 tuum
2012 4339 2114 4403 Qui
2137 4345 2302 4390 tecum
2337 4339 2462 4389 vivit
2501 4346 2554 4390 et
2589 4349 2764 4404 regnat
2801 4341 2855 4391 in

1648 4405 1840 4456 unitate
1855 4405 2068 4471 Spiritus
2084 4406 2256 4457 Sancti
2269 4406 2392 4455 deus
2407 4405 2502 4456 Per
2510 4407 2682 4456 omnia
2689 4409 2857 4458 secula

1648 4471 1946 4523 seculorum.
2017 4471 2224 4522 Anen’
2246 4469 2384 4521 add.
2419 4471 2472 4522 S.

1731 4539 1772 4570 ¹⁸
1808 4543 1890 4590 ‘et
1911 4553 2026 4590 cum
2048 4539 2224 4605 spiritu
2247 4538 2366 4589 tuo'
2388 4538 2521 4588 add·
2561 4537 2627 4590 G.
2635 4539 2719 4591 W.
2728 4539 2783 4592 S.

2603 3677 2671 3727 Et
2694 3678 2854 3728 sancti
