3375 5100
1426 254 1683 311 FERJA
1757 255 1964 327 QUIN
1972 255 2073 310 TA

994 363 1143 421 879

497 468 737 535 Melius
769 470 861 533 illi
886 481 1026 534 erat
1058 471 1111 533 si
1144 479 1340 534 natus
1372 490 1505 533 non
1538 468 1698 533 fuis-

495 570 611 623 set.
646 577 706 661 y
754 560 885 643 Qui
920 560 1186 642 intingit
1218 580 1477 623 mecum
1510 578 1698 621 man-

496 668 609 711 um
642 669 710 711 m
742 649 1089 731 parapside
1140 648 1247 711 hic
1280 668 1386 712 me
1418 648 1696 711 traditu·
1719 658 1734 673 ⁰

498 758 606 799 rus
668 746 769 800 est
830 738 897 800 in
958 756 1195 799 manus
1254 744 1696 818 peccatorum.

498 824 759 889 Melius.
1187 824 1403 887 Lectio
1446 824 1694 907 quinta.

496 915 764 1047 Ergo
862 912 1165 975 exauditi
1256 933 1389 976 non
1494 922 1695 976 sunt:

642 1002 801 1083 quia
842 1002 1038 1065 occisi
1070 1010 1265 1064 sunt:
1311 1008 1381 1064 et
1408 1000 1700 1063 deseruit

497 1090 809 1153 dominus
860 1090 1179 1153 contritos
1224 1091 1420 1152 corde
1473 1108 1700 1152 servos

500 1198 696 1241 suos:
742 1186 811 1240 et
848 1186 1189 1259 sperantes
1234 1178 1300 1240 in
1346 1198 1419 1239 se
1463 1177 1698 1258 despe-

500 1267 605 1329 xit
638 1265 681 1347 ?,
751 1265 970 1329 Absit.
1063 1264 1232 1347 Quis
1288 1266 1467 1328 enim
1514 1266 1699 1329 invo-

498 1354 676 1417 cavit
762 1354 1109 1417 dominum
1192 1362 1261 1417 et
1344 1354 1700 1417 derelictus

501 1442 650 1505 est?
762 1440 930 1523 Quis
988 1444 1277 1525 speravit
1358 1444 1428 1505 in
1504 1461 1700 1505 eum:

501 1539 570 1593 et
612 1530 913 1594 desertus
960 1540 1064 1593 est
1112 1530 1201 1593 ab
1246 1530 1375 1594 eo?
1470 1530 1700 1593 Exau-

500 1618 853 1682 diebantur
925 1639 1084 1701 ergo
1157 1628 1228 1683 et
1308 1618 1702 1682 occideban-

506 1717 614 1770 tur
656 1728 670 1769 :
768 1716 835 1770 et
923 1716 1152 1771 tamen
1240 1707 1330 1770 ab
1419 1706 1703 1770 inimicis

500 1795 910 1859 eruebantur.
1024 1795 1141 1859 Re.
1233 1796 1436 1859 Eram
1511 1794 1702 1877 quasi

501 1904 715 1967 agnus
764 1885 1077 1949 innocens
1132 1884 1373 1948 ductus
1422 1904 1571 1947 sum
1612 1882 1700 1947 ad

503 1973 985 2037 immolandum
1096 1982 1166 2036 et
1256 1972 1630 2036 nesciebam
1682 1992 1698 2036 ε

502 2061 850 2125 consilium
910 2061 1204 2125 fecerunt
1262 2061 1507 2125 inimici
1570 2060 1701 2123 mei

502 2151 855 2213 adversum
906 2170 1013 2213 me
1064 2150 1397 2213 dicentes:
1460 2149 1704 2213 Venite

506 2239 849 2301 mittamus
880 2237 1133 2321 lignum
1165 2238 1231 2301 in
1255 2258 1497 2321 panem
1523 2236 1579 2319 ej
1590 2256 1704 2301 us:

505 2336 575 2390 et
605 2325 954 2389 eradamus
984 2347 1139 2390 eum
1169 2327 1256 2389 de
1287 2334 1459 2389 terra
1479 2326 1704 2389 viven-

506 2416 694 2479 tium.
812 2402 865 2477 Ῡ
933 2414 1188 2479 Omnes
1262 2414 1506 2477 inimici
1574 2414 1704 2476 mei

506 2506 857 2568 adversum
920 2523 1027 2567 me
1092 2503 1480 2586 cogitabant
1528 2502 1706 2567 mala

510 2592 711 2655 mihi:
754 2592 1029 2655 verbum
1084 2593 1380 2674 iniquum
1430 2593 1707 2656 manda-

508 2689 747 2743 verunt
794 2679 1142 2743 adversum
1205 2700 1313 2744 me
1372 2680 1706 2743 dicentes:

508 2769 768 2833 Venite.
1380 2768 1591 2831 Lectio
1621 2769 1708 2850 vj.

509 2859 777 2990 Ergo
796 2856 921 2918 hoc
946 2864 1090 2919 orat
1111 2856 1126 2893 ¹
1150 2876 1287 2920 vox
1308 2868 1708 2938 martyrum:

658 2965 699 3006 a
721 2944 957 3008 timore
981 2945 1224 3008 Inimici
1243 2965 1397 3009 erue
1415 2946 1709 3009 animam

514 3052 764 3096 meam:
798 3053 931 3096 non
956 3042 1029 3096 ut
1048 3034 1191 3096 me²
1209 3033 1470 3097 occidat
1494 3034 1712 3096 inimi-

515 3141 669 3185 cus:
736 3122 853 3184 sed
908 3130 982 3185 ut
1034 3142 1167 3184 non
1219 3123 1492 3186 timeam
1541 3123 1714 3186 occi-

512 3211 781 3273 dentem
841 3210 1195 3275 inimicum.
1287 3210 1508 3274 Erue⁸
1538 3231 1579 3273 a
1626 3209 1712 3273 ti-

515 3319 699 3362 more
753 3298 1041 3364 inimici:
1112 3308 1180 3362 et
1226 3299 1439 3364 subde
1491 3297 1711 3363 timori

516 3397 652 3450 tuo,
745 3388 901 3451 Non
983 3389 1257 3451 timeam
1352 3408 1505 3451 eum
1598 3387 1711 3470 qui

515 3497 751 3559 corpus
826 3477 1116 3541 occidit:
1222 3476 1340 3540 sed
1437 3478 1712 3540 timeam

516 3586 667 3628 eum
726 3565 840 3647 qui
913 3564 1118 3629 habet
1189 3574 1591 3648 potestatem
1644 3574 1714 3629 et

516 3674 754 3737 corpus
812 3662 881 3717 et
940 3655 1233 3718 animam
1295 3655 1592 3718 occidere
1646 3654 1711 3716 in

517 3743 823 3825 gehenna
840 3743 863 3779 ⁴
924 3743 1110 3825 ignis,
1202 3742 1713 3825 Responsorium.

521 3831 678 3894 Una
724 3831 886 3893 hora
916 3851 1049 3894 non
1095 3831 1402 3914 potuistis
1442 3831 1715 3912 vigilare

520 3939 781 3982 mecum
814 3920 924 4001 qui
970 3920 1501 3983 exhortabamini
1551 3919 1716 3982 mori

519 4027 640 4089 pro
672 4028 796 4070 me.
866 4007 1011 4070 .Vel
1036 4008 1271 4090 judam
1312 4029 1443 4071 non
1475 4009 1716 4072 videtis

521 4096 871 4176 quomodo·
909 4115 1041 4159 non
1090 4097 1373 4160 dormit:
1420 4097 1537 4160 sed
1594 4097 1718 4160 fes-

2319 362 2480 419 380

1801 469 2058 533 intretis
2117 468 2186 531 in
2245 468 2770 552 temptationem.
2855 469 3015 533 Vel.

1800 558 2254 640 Reinctjoiatur
2295 558 2794 639 Responsorium
2845 558 3017 623 Una

1799 648 1984 711 hora.

1889 735 1974 799 In
2013 734 2106 816 iij.
2139 744 2443 797 nocturno
2479 744 2586 799 αῆ.
2677 735 2842 799 Dixi
2875 735 3008 797 ini-

1801 826 1950 905 quis
1981 822 2186 887 nolite
2226 822 2406 905 loqui
2449 823 2764 886 adversus
2795 823 3006 886 deum

1803 913 2236 995 iniquitatem.
2323 920 2422 991 pf.
2499 910 3006 976 Confitebimur.

1801 1010 1908 1065 αῆ.
2002 999 2209 1063 Terra
2279 1000 2550 1062 tremuit
2621 1009 2689 1063 et
2747 1000 3010 1082 quievit

1803 1090 1964 1153 dum
1998 1097 2361 1170 resurgeret
2407 1088 2473 1150 in
2517 1087 2766 1169 judicio
2811 1088 3004 1151 deus,

1787 1186 1891 1260 pi
1960 1178 2180 1241 Notus
2214 1178 2278 1239 in
2305 1176 2525 1257 judea.
2614 1186 2718 1239 αῆ.
2775 1175 2855 1239 In
2889 1177 3010 1239 die

1807 1265 2244 1329 tribulationis
2298 1284 2445 1327 mee
2505 1265 2705 1327 deum
2765 1266 3010 1346 exqui-

1803 1355 1925 1417 sivi
1989 1352 2295 1417 manibus
2313 1353 2338 1390 ⁶
2384 1354 2563 1416 meis,
2653 1360 2755 1435 pf.
2817 1353 3008 1416 Voce

1803 1462 1970 1507 mea.
2060 1459 2109 1528 γ
2187 1442 2414 1504 Homo
2484 1443 2666 1523 pacis
2727 1461 2870 1503 mee
2931 1443 3002 1503 in

1804 1552 1938 1613 quo
1997 1530 2360 1613 sperabam.
2451 1528 2823 1611 Ampliavit
2879 1530 3008 1591 ad-

1803 1639 2064 1683 versum
2096 1638 2204 1681 me
2233 1616 2860 1700 supplantationem.

1800 1710 2162 1839 Fratres
2193 1707 2582 1771 convenien-
2617 1706 2856 1789 [Lectio
2885 1706 3004 1787 vij.

1957 1797 2133 1860 tibus
2165 1796 2355 1859 nobis
2387 1796 2452 1858 in
2479 1814 2682 1857 unum
2701 1794 2840 1875 jam
2865 1814 3006 1857 non

1803 1894 1906 1949 est
1964 1884 2366 1948 dominicam
2425 1903 2658 1946 cenam
2721 1883 3002 1946 mandu-

1805 1993 1970 2037 care.
2063 1971 2536 2053 Unusquisque
2589 1971 2766 2034 enim
2810 1991 3000 2034 suam

1805 2082 2036 2127 cenam
2094 2061 2412 2143 presumit
2454 2060 2540 2123 ad
2596 2059 3000 2122 manducan-

1804 2151 1985 2214 dum.
2079 2149 2169 2213 Et
2217 2148 2385 2211 alius
2437 2148 2706 2229 quidem
2760 2149 3002 2211 esurit:

1804 2238 1972 2302 alius
2004 2246 2229 2302 autem
2253 2236 2469 2300 ebrius
2499 2245 2616 2299 est.
2679 2236 2744 2299 N
2750 2236 3000 2318 unquid

1807 2327 2043 2389 domos
2095 2346 2228 2389 non
2281 2325 2540 2388 habetis
2587 2326 2671 2387 ad
2725 2324 3002 2388 mandu-

1805 2417 2094 2479 candum
2141 2424 2209 2477 et
2239 2413 2601 2477 bibendum
2649 2423 2764 2476 aut
2796 2413 3002 2476 eccle-

1809 2505 1974 2568 siam
2011 2504 2120 2568 dei
2166 2503 2586 2566 contemnitis
2631 2511 2700 2566 et
2730 2501 3003 2566 confun-

1809 2594 1964 2656 ditis
1996 2613 2110 2656 eos
2139 2593 2252 2672 qui
2299 2611 2432 2654 non
2463 2590 2728 2655 habent.
2821 2590 3002 2673 Quid

1809 2682 2028 2747 dicam
2060 2680 2246 2743 vobis
2273 2701 2288 2744 :
2334 2679 2536 2742 laudo
2565 2700 2682 2742 vos
2729 2679 2796 2742 in
2827 2679 2952 2742 hoc
2981 2679 3006 2740 ?

1810 2790 1944 2833 non
1993 2768 2212 2832 laud0.
2299 2768 2815 2850 Responsorium.
2885 2766 3006 2832 Se-

1812 2861 2026 2922 niores
2063 2855 2290 2940 populi
2337 2856 2680 2920 consilium
2714 2856 3008 2919 fecerunt

1813 2956 1888 3010 ut
1940 2947 2168 3028 Jesum
2222 2944 2376 3008 dolo
2435 2953 2734 3008 tenerent
2776 2954 2848 3008 et
2899 2965 3008 3008 oc-

1812 3036 2124 3100 ciderent.
2218 3033 2388 3097 Cum
2447 3032 2686 3115 gladiis
2749 3042 2817 3096 et
2877 3033 3008 3095 fus-

1813 3124 1990 3187 tibus
2103 3122 2409 3185 exierunt
2513 3131 2833 3203 tanquam
2924 3121 3010 3183 ad

1813 3212 2158 3275 latronem.
2247 3228 2293 3296 γ
2363 3210 2835 3292 Cogitaverunt
2887 3209 3008 3271 ini—

1817 3302 2140 3383 quitatem
2185 3298 2350 3362 sibi:
2396 3307 2464 3362 et
2507 3299 3015 3380 egrediebantur

1817 3388 2007 3453 foras,
2083 3388 2271 3453 Cum.
2625 3386 2842 3450 Lectio
2871 3385 3012 3468 viij.

1817 3479 2055 3610 Ego
2129 3477 2306 3539 enim
2367 3476 2591 3557 accepi
2652 3497 2693 3538 a
2741 3475 3014 3538 domino

1969 3567 2147 3647 quod
2195 3574 2262 3627 et
2297 3565 2542 3627 tradidi
2573 3564 2804 3627 vobis:
2852 3584 3014 3645 quo-

1819 3656 2000 3718 niam
2031 3654 2339 3718 dominus
2368 3653 2563 3734 Jesus
2603 3654 2668 3715 in
2700 3673 2833 3734 qua
2863 3671 3016 3714 noc-

1819 3752 1888 3806 te
1917 3743 2301 3807 tradebatur
2331 3742 2585 3824 accepit
2615 3761 2858 3824 panem
2887 3761 2900 3804 :
2947 3748 3016 3802 et

1819 3831 2065 3914 gratias
2143 3850 2347 3912 agens
2407 3830 2603 3913 fregit
2663 3837 2730 3892 et
2791 3828 3014 3892 dixit:

1818 3921 2129 4002 Accipite
2175 3928 2244 3982 et
2289 3919 2686 3982 manducate
2744 3917 2870 3980 hoc
2917 3925 3019 3980 est

1819 4029 2058 4091 corpus
2097 4028 2340 4071 meum
2401 4007 2580 4089 quod
2651 4027 2770 4088 pro
2829 4006 3019 4069 vobis

1819 4098 2158 4160 tradetur:
2229 4095 2355 4159 hoc
2415 4096 2612 4158 facite
2673 4096 2740 4158 in
2799 4114 3018 4157 meam

522 4185 693 4246 tinat
724 4185 982 4246 tradere
1022 4205 1128 4247 me
1154 4185 1386 4266 judeis,
1442 4183 1491 4259 Ῠ
1540 4185 1721 4268 Quid
1822 4186 2542 4250 commemorationem.
2631 4183 2744 4248 Re.
2807 4183 3020 4246 Reve—

520 4272 823 4336 dormitis
868 4274 1116 4355 surgite
1152 4283 1218 4337 et
1248 4284 1433 4338 orate
1482 4284 1558 4338 ut
1589 4295 1722 4338 non
1822 4274 2055 4338 labunt
2083 4273 2206 4337 celi
2238 4275 2657 4357 iniquitatem
2701 4273 2907 4355 jude:
2955 4281 3023 4335 et

764 4410 777 4438 ¹
816 4410 1021 4459 orabat:
1056 4411 1118 4460 G.

1081 4480 1097 4508 ⁴
1131 4475 1449 4541 gehennam:
1486 4477 1548 4528 G.

1470 4413 1491 4441 ²
1530 4412 1677 4460 ‘non'
1705 4411 1835 4462 add:
1872 4409 2095 4460 E.G.w.

2287 4410 2307 4438 ⁸
2348 4408 2639 4458 ‘me’add:
2675 4407 2807 4459 E.G.

1941 4479 1961 4507 ⁸
2001 4475 2300 4526 ‘me’addz
2335 4475 2416 4526 W.
