3375 5100
991 344 1410 400 DOMINICA
1465 343 1715 400 ΧΧΙΜΑ·
1766 345 1884 406 ΕΤ
1925 347 2219 420 XXIJDA.

891 452 1046 507 645

360 558 612 642 Nuptie
627 559 896 642 quidem
907 569 1136 642 parate
1149 569 1304 624 sunt
1316 561 1433 624 sed
1447 560 1561 643 qui

357 647 616 712 invitati
661 656 850 712 erant
890 669 1023 712 non
1069 647 1333 713 fuerunt
1378 649 1562 731 digni

360 737 450 800 ite
512 737 600 800 ad
661 737 883 801 exitus
931 739 1186 802 viarum
1247 749 1316 802 et
1362 758 1560 822 quos-

361 845 622 908 cunque
703 826 1081 892 inveneritis
1162 835 1396 890 vocate
1471 826 1555 889 ad

362 916 644 996 nuptias,
733 913 903 980 all'a.
969 924 1070 998 pf.
1122 913 1528 997 Magnificat.

365 1007 427 1080 01
461 1001 810 1068 Dominica
838 1003 968 1066 xxi.
1035 1003 1168 1068 Sec.
1181 1004 1558 1086 johannem·

359 1094 460 1222 l
470 1110 513 1153 n
545 1091 658 1154 illo
687 1101 1032 1174 tempore:
1089 1093 1252 1155 Erat
1283 1093 1556 1175 quidam

470 1179 770 1262 regulus:
823 1180 1012 1263 cujus
1053 1180 1226 1243 filius
1269 1179 1557 1243 infirma-

363 1266 558 1331 batur
577 1267 1044 1350 capharnaum.
1095 1269 1226 1332 Hic
1257 1288 1409 1333 cum
1441 1289 1558 1332 au-

361 1355 568 1418 disset
597 1357 753 1438 quia
781 1357 975 1438 Jesus
1014 1357 1356 1421 adveniret
1386 1378 1429 1420 a
1452 1357 1557 1439 ju-

362 1444 490 1507 dea
534 1445 602 1507 in
631 1443 940 1526 galileam
978 1446 1143 1510 abiit
1173 1446 1260 1509 ad
1305 1465 1457 1509 eum
1489 1453 1559 1508 et

361 1533 642 1615 rogabat
687 1553 838 1596 eum
889 1544 962 1598 ut
1013 1534 1442 1598 descenderet
1491 1543 1560 1597 et

363 1630 628 1684 sanaret
674 1619 882 1686 filium
915 1622 1072 1705 ejuS.
1165 1622 1259 1685 Et
1289 1623 1557 1705 reliqua.

369 1709 620 1774 Omelia
649 1709 819 1774 beati
834 1710 1129 1792 grgorii
1139 1720 1320 1794 pape.

361 1797 742 1930 Regulus
771 1800 948 1862 enim
980 1799 1218 1863 dicitur
1250 1798 1417 1884 [Lec.
1444 1799 1556 1881 vij.

509 1887 635 1950 sub
678 1907 832 1969 rege
877 1888 1127 1970 primus
1171 1889 1276 1951 vel
1321 1907 1560 1970 parvus

367 1996 502 2038 rex.
595 1975 688 2038 Et
717 1976 867 2038 ideo
898 1977 1056 2058 quia
1084 1995 1173 2040 ex
1205 1985 1394 2059 parte
1422 1996 1562 2039 cre·

365 2063 610 2130 debat:
658 2073 726 2127 et
776 2081 892 2128 ex·
916 2073 1103 2148 parte
1151 2084 1284 2127 non
1338 2064 1562 2130 crede-

366 2153 499 2216 bat.
561 2172 696 2218 non
728 2173 848 2215 rex
879 2153 996 2216 sed
1028 2151 1293 2236 regulus
1324 2154 1562 2218 meruit

365 2240 703 2324 appellari.
797 2240 1131 2306 Credebat
1173 2261 1332 2324 ergo
1378 2241 1560 2323 quod

365 2330 676 2394 dominus
724 2349 841 2412 per
884 2329 1285 2412 presentiam
1331 2349 1560 2411 corpo-

368 2418 571 2484 ralem
591 2417 876 2482 salutem
901 2417 1037 2481 filio
1067 2439 1188 2482 suo
1221 2418 1564 2482 restituere

365 2515 638 2590 posset:
694 2505 812 2571 sed
865 2526 997 2570 non
1047 2506 1361 2571 credebat
1409 2526 1561 2570 eum

367 2616 486 2678 per
516 2596 932 2659 divinitatem
965 2596 1209 2677 ubique
1241 2616 1387 2659 esse
1417 2616 1562 2677 pre-

366 2694 624 2749 sentem
655 2683 842 2767 cujus
873 2693 1012 2747 tam
1043 2683 1296 2747 solicite
1332 2704 1564 2765 corpo-

367 2772 574 2837 ralem
623 2773 984 2837 adventum
1041 2772 1413 2853 requirebat
1467 2772 1564 2835 di-

366 2882 540 2925 cens,
634 2862 922 2925 Domine
981 2861 1308 2925 descende
1357 2860 1564 2943 prius-

253 3005 266 3019 .
365 2969 571 3033 quam
604 2950 919 3014 moriatur
947 2949 1119 3013 filius
1145 2968 1348 3012 meus,

505 3040 612 3101 uia
641 3058 800 3121 ergo
841 3039 1153 3103 credebat
1204 3037 1392 3120 [Lect.
1425 3035 1566 3119 viij.

377 3039 848 3209 Qrogaturus
894 3147 1014 3210 pro
1062 3124 1198 3190 filio
1245 3126 1564 3190 accessit:

367 3218 482 3280 sed
535 3216 690 3298 quia
738 3214 1025 3298 perfecte
1057 3234 1206 3279 ·non
1256 3214 1566 3279 credebat

369 3306 597 3369 audire
665 3304 920 3367 meruit.
1043 3304 1188 3367 Nisi
1249 3304 1440 3385 signa
1499 3313 1566 3367 et

369 3392 674 3475 prodigia
723 3392 1056 3457 videritis:
1101 3410 1234 3455 non
1286 3391 1568 3457 creditis.

373 3482 688 3563 Legimus
748 3482 820 3544 in
876 3480 1218 3563 evangelio
1279 3479 1567 3544 mathei:

371 3572 526 3651 quia
591 3590 742 3633 cum
802 3570 1136 3633 introisset
1191 3568 1388 3652 Jesus
1461 3588 1570 3633 ca-

372 3659 740 3740 pharnaum
773 3658 1046 3721 accessit
1083 3658 1170 3721 ad
1217 3676 1372 3721 eum
1419 3676 1570 3722 cen-

372 3747 582 3809 turio:
649 3764 888 3828 rogans
963 3765 1116 3808 eum
1192 3755 1259 3810 et
1325 3746 1569 3809 dicens,

373 3834 665 3898 Domine
711 3854 875 3916 puer
918 3854 1104 3897 meus
1144 3832 1323 3915 jacet
1353 3834 1419 3897 in
1453 3835 1571 3897 do-

375 3942 486 3986 mo
510 3923 892 4005 paraliticus
922 3932 990 3986 et
1015 3922 1187 3986 male
1211 3931 1569 4005 torquetur.

370 4016 522 4145 A
539 4012 590 4075 it
621 4011 713 4075 illi
743 4011 952 4093 JesuS.
1034 4011 1185 4094 Ego
1218 4010 1452 4095 [Lectio
1484 4011 1571 4074 ix.

539 4101 797 4163 veniam
819 4109 886 4164 et
907 4100 1155 4164 curabo
1179 4120 1347 4164 eum.
1388 4098 1568 4182 Quid

374 4198 475 4252 est
501 4208 660 4271 ergo
690 4190 869 4271 quod
900 4190 1212 4253 dominus
1243 4190 1328 4253 ad
1361 4188 1568 4253 filium

377 4277 584 4359 reguli
630 4286 900 4358 rogatus
947 4278 1038 4342 ire
1085 4280 1339 4342 noluit:
1385 4288 1454 4342 et
1482 4280 1569 4343 ad

373 4386 632 4429 servum
709 4366 1110 4430 centurionis
1169 4367 1370 4429 etiam
1436 4386 1570 4430 non

774 4542 786 4571 ¹
821 4540 999 4590 debeat
1023 4556 1034 4590 ι
1072 4539 1136 4589 N.

2173 455 2327 510 646

1663 577 1931 643 rogatus
1976 561 2069 624 ire
2111 570 2378 643 paratus
2408 561 2550 625 fuit.
2647 563 2859 626 Nimi-

1661 669 1805 716 rum
1839 659 2062 712 nostra
2090 649 2401 732 superbia
2436 649 2860 716 confunditur

1659 739 1773 820 qui
1814 738 2191 802 hominibus
2224 759 2355 800 non
2389 748 2691 802 naturam
2724 762 2860 823 qua

1657 827 1745 888 ad
1780 827 2136 909 imaginem
2169 828 2277 891 dei
2308 824 2464 891 facti
2496 837 2690 892 sunt:
2737 832 2855 893 sed

1658 915 2027 997 potentiam
2042 916 2550 980 consideramus,
2580 917 2665 979 In
2675 939 2855 982 evan.

1655 1011 1764 1070 αῆ.
1828 1003 2117 1067 Domine
2164 1004 2490 1067 descende
2545 1014 2617 1067 ut
2662 1026 2856 1069 sanes

1659 1090 1868 1159 filium
1918 1111 2137 1155 meum
2186 1094 2569 1174 priusquam
2618 1095 2858 1158 moria-

1657 1188 1804 1246 tur:
1849 1179 2025 1243 dixit
2068 1181 2129 1244 ei
2175 1180 2405 1262 Jesus:
2466 1182 2637 1245 vade
2684 1180 2857 1246 filius

1657 1277 1815 1334 tuus
1843 1269 2019 1332 vivit.
2074 1268 2243 1332 all'a.
2287 1277 2388 1351 pf.
2436 1270 2852 1334 Benedictus

1655 1359 2007 1496 Largire
2036 1377 2395 1440 quesumus
2425 1358 2543 1421 do-
2577 1359 2854 1442 [Oratio.

1796 1447 1973 1508 mine
2004 1444 2307 1509 fidelibus
2337 1445 2471 1509 tuis
2512 1447 2857 1530 indulgen-

1657 1534 1823 1600 tiam
1870 1533 2171 1615 placatus
2217 1544 2284 1597 et
2316 1553 2588 1616 pacem:
2637 1545 2709 1599 ut
2741 1557 2857 1618 pa-

1657 1622 1817 1686 riter
1844 1625 1931 1685 ab
1971 1622 2281 1686 omnibus
2329 1623 2730 1687 mundentur
2758 1625 2856 1687 of—

1658 1708 1901 1774 fensis:
1991 1721 2059 1774 et
2132 1731 2362 1774 secura
2437 1711 2556 1774 tibi
2634 1724 2857 1776 mente

1658 1798 2049 1863 deserviant.
2121 1798 2246 1863 Per
2286 1799 2653 1864 dominum.
2741 1802 2869 1865 Ad

1659 1897 1950 1968 vesperas
1978 1887 2049 1950 in
2078 1907 2329 1968 evange.
2362 1897 2468 1950 αῆ.
2526 1889 2859 1972 Cognovit

1660 1986 1883 2039 autem
1930 1984 2122 2058 pater
2150 1977 2307 2058 quia
2352 1975 2464 2039 illa
2508 1975 2672 2040 hora
2719 1988 2862 2042 erat

1661 2064 1729 2127 in
1791 2084 1926 2146 qua
1983 2064 2161 2126 dixit
2220 2064 2415 2145 Jesus
2475 2063 2646 2128 filius
2707 2075 2861 2130 tuus

1661 2153 1824 2215 vivit
1872 2161 1942 2216 et
1990 2152 2273 2216 credidit
2325 2153 2467 2236 ipse
2513 2163 2580 2216 et
2620 2154 2860 2218 domus

1662 2239 1805 2321 ejus
1836 2249 1994 2304 tota.
2072 2249 2171 2322 pf.
2224 2239 2632 2323 Magnificat.

1665 2333 1728 2406 11
1753 2327 2101 2392 Dominica
2116 2329 2283 2411 xxij.
2335 2330 2392 2393 S
2392 2350 2467 2394 ec.
2490 2329 2859 2393 mattheum.

1660 2419 1813 2550 ln
1868 2417 1979 2481 illo
2028 2426 2371 2500 tempore:
2428 2418 2625 2482 Dixit
2668 2418 2865 2500 Jesus

1751 2504 2089 2588 discipulis
2112 2507 2247 2570 suis
2267 2505 2651 2589 parabolam
2674 2506 2861 2571 hane.

1667 2594 1899 2659 Simile
1940 2604 2043 2658 est
2086 2615 2361 2677 regnum
2405 2594 2698 2659 celorum
2745 2596 2864 2660 ho-

1665 2684 1826 2747 mini
1878 2684 2055 2766 regi:
2115 2685 2228 2766 qui
2277 2684 2486 2748 voluit
2538 2686 2864 2748 rationem

1664 2791 1909 2854 ponere
1938 2792 2091 2835 cum
2122 2772 2325 2836 servis
2356 2773 2505 2837 suis.
2593 2774 2683 2837 Et
2714 2793 2864 2837 cum

1665 2860 1948 2942 cepisset
1979 2861 2302 2925 rationem
2348 2882 2633 2943 ponere:
2682 2862 2865 2925 obla-

1667 2958 1775 3011 tus
1835 2957 1937 3012 est
1998 2950 2057 3011 ei
2120 2969 2289 3013 unus
2359 2950 2473 3031 qui
2535 2949 2863 3013 debebat¹

1666 3037 1897 3101 decem
1932 3038 2113 3101 milia
2143 3038 2416 3101 talenta.
2474 3038 2565 3101 Et
2598 3038 2865 3121 reliqua.

1671 3126 1925 3191 Omelia
1984 3125 2154 3191 beati
2208 3126 2554 3190 hieronimi
2608 3126 2870 3209 presby-

1663 3215 1804 3280 teri.
2507 3215 2724 3278 Lectio
2754 3215 2871 3297 vij.

1665 3304 2021 3436 Homo
2069 3302 2192 3365 iste
2241 3322 2361 3365 rex
2410 3302 2719 3367 dominus
2764 3314 2867 3366 est

1865 3391 2061 3472 Jesus
2113 3390 2451 3456 Christus:
2497 3400 2699 3473 atque
2747 3391 2867 3454 hu-

1661 3479 1773 3563 jus
1834 3480 2005 3562 regis
2070 3479 2242 3542 servi
2309 3478 2611 3542 homines
2669 3489 2867 3543 sunt:

1669 3588 1838 3651 quos
1882 3570 1971 3633 ad
2012 3586 2204 3631 suam
2251 3567 2607 3649 imaginem
2637 3567 2868 3631 condi-

1669 3658 1787 3719 dit.
1880 3656 1970 3720 Et
2014 3675 2166 3720 cum
2215 3656 2496 3737 cepisset
2541 3656 2865 3719 rationem

1670 3764 1961 3829 ponere:
2006 3743 2271 3807 oblatus
2316 3751 2417 3807 est
2447 3745 2505 3807 ei
2553 3761 2723 3807 unus
2754 3745 2869 3827 qui

1673 3832 1963 3896 debebat
2004 3832 2235 3896 decem
2285 3831 2467 3894 milia
2505 3832 2759 3895 talenta
2800 3831 2869 3894 id

1671 3931 1772 3984 est
1809 3922 1923 4003 qui
1969 3920 2037 3983 in
2084 3920 2443 4001 majoribus
2488 3920 2871 3983 criminibus

1671 4009 2006 4091 obligatus
2036 4018 2195 4071 erat.
2275 4009 2445 4074 Cum
2477 4018 2700 4072 autem
2735 4028 2870 4072 non

1671 4098 1948 4163 haberet
1996 4099 2174 4161 unde
2224 4098 2568 4162 redderet:
2626 4097 2873 4180 jussit²

1673 4208 1827 4252 eum
1852 4186 2157 4251 dominus
2178 4187 2541 4249 venundari
2566 4208 2581 4250 z
2614 4196 2681 4249 et
2705 4206 2875 4249 uxo-

1673 4296 1811 4341 rem
1846 4276 1988 4359 ejus
2036 4283 2104 4338 et
2145 4272 2313 4338 filios
2364 4285 2431 4339 et
2476 4276 2701 4338 omnia
2742 4294 2874 4357 que

1671 4365 1965 4431 habebat
1996 4373 2062 4428 et
2094 4363 2297 4428 reddi.
2487 4363 2703 4427 Lectio
2732 4363 2877 4447 vizj.

1902 4542 1921 4571 ²
1955 4557 2045 4606 pro
2075 4538 2281 4607 ‘jussit’
2304 4538 2473 4589 misit:
2508 4538 2575 4588 N.
