3375 5100
1138 344 1444 400 TERTIA
1500 346 1976 401 ADVENTUS.

859 456 942 510 41

312 560 478 623 deus
531 570 684 625 tuus
739 562 806 625 in
859 570 1194 645 potestate
1249 569 1510 643 magna.

317 648 647 713 Liberare.
1175 650 1394 715 Lectio
1424 652 1510 734 vj.

313 739 696 870 Nempe
719 738 898 803 aliud
916 747 1018 803 est
1037 740 1260 803 anima
1283 761 1297 803 ε
1329 739 1510 803 aliud

501 838 602 891 est
626 829 830 892 ratio:
863 837 930 891 et
949 838 1172 892 tamen
1199 830 1264 891 in
1291 829 1513 892 anima

315 924 418 978 est
443 917 646 979 ratio:
692 926 762 980 et
792 936 926 979 una
949 925 1052 979 est
1080 918 1346 980 anima:
1393 918 1510 981 sed

316 1003 496 1067 aliud
549 1004 774 1069 anima
823 1005 1001 1087 agit:
1069 1005 1248 1069 aliud
1305 1007 1512 1069 ratio:

314 1094 538 1157 anima
593 1094 793 1157 vivit:
863 1094 1062 1157 ratio¹
1117 1095 1310 1177 sapit.
1420 1093 1514 1157 Et

313 1190 540 1244 tamen
589 1202 710 1247 nec
755 1184 977 1246 anima
1023 1184 1165 1246 sine
1217 1184 1510 1247 ratione:

314 1289 436 1333 nec
456 1270 622 1333 ratio
646 1272 787 1333 sine
811 1272 1052 1335 anima.
1100 1272 1274 1335 Ecce
1295 1271 1509 1335 aliud:

317 1356 396 1421 In
431 1358 568 1421 sole
599 1359 776 1423 calor
805 1369 872 1422 et
903 1360 1218 1442 splendor
1260 1361 1328 1423 in
1375 1380 1509 1424 uno

313 1447 500 1511 radio
541 1457 712 1512 sunt.
784 1449 917 1513 Sed
973 1448 1152 1513 calor
1203 1449 1510 1513 exiccat:

313 1534 627 1617 splendor
674 1536 1022 1601 illuminat.
1110 1536 1316 1601 Aliud
1367 1557 1510 1601 sus-

314 1625 476 1706 cipit
505 1624 726 1690 calor:
773 1626 951 1689 aliud
997 1626 1326 1709 splendor.
1417 1626 1511 1690 Et

315 1710 468 1777 licet
500 1713 680 1778 calor
708 1723 775 1778 et
805 1714 1118 1796 splendor
1141 1715 1508 1779 abinvicem

315 1821 448 1865 non
510 1811 757 1884 queant
824 1804 1150 1886 separari:
1239 1804 1512 1886 suscipit

313 1889 630 1971 splendor
723 1890 1276 1955 illuminationem
1375 1912 1508 1957 non

313 1978 634 2043 servorem
657 2000 671 2043 ε
703 1980 976 2063 suscipit
992 1981 1172 2044 calor
1189 1980 1508 2044 servorem

313 2086 448 2130 non
481 2067 1046 2133 illuminationem.
1118 2069 1228 2134 Sic
1252 2078 1320 2132 et
1340 2068 1512 2133 filius

311 2156 601 2239 suscepit
632 2177 894 2221 carnem
942 2167 1010 2220 et
1051 2176 1182 2221 non
1223 2158 1513 2222 deseruit

313 2253 614 2326 patrem:
661 2265 782 2310 nec
833 2245 1058 2310 divisit
1101 2266 1173 2309 se
1218 2266 1260 2310 a
1304 2256 1510 2329 patre.

315 2332 622 2416 Suscepit
653 2354 916 2397 carnem
955 2334 1022 2397 in
1069 2335 1512 2417 proprietate:

315 2429 382 2483 et
425 2429 650 2485 tamen
693 2432 884 2506 pater
933 2432 1004 2487 et
1055 2423 1509 2505 spiritussanc-

313 2518 423 2573 tus
481 2530 613 2574 non
667 2510 878 2577 defuit
939 2510 1304 2594 majestate.
1393 2512 1511 2577 Re.

313 2597 526 2681 Prope
557 2608 658 2664 est
690 2611 765 2665 ut
791 2601 1016 2665 veniat
1059 2611 1324 2684 tempus
1368 2601 1512 2684 ejus

310 2695 382 2750 et
426 2687 568 2752 dies
613 2689 756 2770 ejus
809 2709 942 2754 non
1007 2689 1510 2773 elongabuntur.

312 2775 737 2840 Miserebitur
795 2777 1106 2842 dominus
1173 2778 1374 2860 jacob
1441 2788 1509 2843 et

309 2863 502 2928 israel
563 2865 938 2932 salvabitur.
1050 2866 1103 2942 Ϋ
1166 2867 1299 2950 Qui
1351 2888 1511 2932 ven-

307 2961 497 3016 turus
529 2963 629 3018 est
659 2955 881 3019 veniet
913 2963 980 3020 et
1011 2975 1146 3020 non
1177 2956 1508 3021 tardabit:

301 3040 448 3123 jam
510 3062 642 3106 non
697 3044 820 3107 erit
879 3043 1080 3108 timor
1123 3045 1192 3108 in
1269 3044 1510 3108 finibus

311 3131 570 3195 nostris.
691 3131 1132 3197 Miserebitur.
1264 3133 1510 3198 Gloria.

311 3217 751 3285 Miserebitur.

395 3307 480 3370 In
513 3307 603 3390 iij
626 3318 928 3372 nocturno
957 3317 1066 3374 ar‘t’.
1153 3309 1316 3374 Nox
1363 3331 1510 3394 pre-

309 3396 524 3460 cessit.
555 3405 658 3480 pf.
724 3398 868 3462 Celi
901 3407 1226 3463 enarrant.
1286 3408 1339 3485 Ῠ
1373 3399 1508 3484 Eg-

308 3484 597 3548 redietur
627 3485 954 3550 dominus.

415 3592 458 3637 n
513 3571 626 3638 illo
680 3572 1076 3657 [Secundum
1135 3576 1508 3642 mattheum.

414 3669 746 3746 tempore:
769 3663 942 3729 Cum
964 3665 1257 3728 audisset
1269 3664 1507 3746 johan-

309 3769 428 3814 nes
489 3751 556 3814 in
617 3751 892 3816 vinculis
951 3772 1154 3836 opera
1217 3753 1504 3819 Christi:

310 3838 583 3903 mittens
628 3840 794 3904 duos
841 3841 926 3905 de
972 3841 1310 3925 discipulis
1353 3843 1505 3906 suis,

306 3928 402 3990 ait
432 3927 566 3992 illi:
612 3927 718 3993 Tu
744 3949 814 3992 es
839 3929 951 4012 qui
970 3939 1284 3994 venturus
1317 3950 1388 3993 es
1420 3951 1503 3995 an

304 4015 507 4079 alium
600 4021 1088 4100 expectamus?
1214 4019 1306 4082 Et
1395 4018 1506 4084 rel.

307 4103 562 4168 Omelia
594 4103 762 4169 beati
777 4107 1080 4190 gregorii
1100 4117 1282 4190 pape.

299 4193 512 4326 Ad
551 4193 850 4275 jordanis
897 4196 1072 4260 enim
1115 4195 1358 4281 [Lectio
1389 4195 1504 4280 vij.

467 4282 723 4364 positus
803 4281 1051 4349 fluenta
1125 4283 1503 4366 johannes:

299 4369 458 4451 quia
518 4369 937 4456 ²redemptor
1015 4373 1246 4436 mundi
1326 4382 1504 4438 esset

504 4536 516 4564 ¹
554 4549 644 4598 pro
672 4539 686 4564 ⁸
703 4535 855 4586 ratio’
882 4553 982 4586 non
1009 4555 1021 4588 ε
1057 4537 1138 4588 W.

1345 4543 1365 4572 ²
1403 4545 1416 4570 ‘
1432 4540 1662 4592 dominus
1679 4542 1694 4566 ’
1716 4539 1816 4591 add
1840 4557 1851 4590 ε
1888 4538 2113 4591 E.G.W.

2154 454 2259 509 42

1609 563 1887 627 asseruit
1909 586 1926 628 :
1958 563 2195 626 missus
2212 582 2366 625 vero
2386 562 2453 625 in
2474 566 2803 625 carcerem

1611 672 1698 715 an
1762 652 1903 735 ipse
1955 652 2181 715 veniat
2252 650 2543 733 requirit.
2642 650 2802 713 Non

1609 742 1767 822 quia
1804 742 2043 823 ,ipsum
2109 760 2253 803 esse
2314 740 2803 821 redemptorem

1611 830 1842 892 mundi
1898 829 2205 893 dubitat:
2272 829 2391 891 sed
2454 827 2672 909 querit
2726 836 2801 891 ut

1609 918 1775 982 sciat
1802 939 1817 982 ε
1848 920 1903 982 si
1935 918 1991 981 is
2020 918 2133 999 qui
2157 937 2277 1000 per
2296 937 2368 979 se
2391 916 2457 979 in
2479 916 2805 979 mundum

1611 1016 1911 1070 venerat:
1957 1028 2075 1090 per
2111 1026 2183 1069 se
2215 1006 2416 1069 etiam
2449 1005 2534 1068 ad
2568 1002 2805 1067 inferni

1595 1095 1895 1159 ‘claustra
1922 1096 2300 1159 descendat.
2359 1093 2474 1158 Re.
2510 1092 2809 1157 Descen-

1606 1184 1724 1247 det
1802 1184 2111 1248 dominus
2199 1185 2367 1247 sicut
2440 1181 2666 1265 pluvia
2736 1182 2805 1243 in

1606 1270 1836 1336 velluS.
1926 1272 2198 1337 Orietur
2246 1273 2313 1335 in
2366 1270 2600 1335 diebus
2659 1270 2809 1351 ejus

1600 1360 1868 1442 justicia
1944 1370 2011 1425 et
2083 1359 2541 1424 habundantia
2604 1358 2811 1441 pacis,

1607 1447 1660 1524 Ῠ
1710 1449 1803 1514 Et
1871 1450 2249 1514 adorabunt
2327 1468 2479 1513 eum
2570 1466 2809 1509 omnes

1608 1558 1797 1619 reges
1824 1560 1839 1603 z
1884 1559 2117 1603 omnes
2147 1547 2382 1621 gentes
2410 1537 2695 1599 servient
2726 1536 2809 1599 ei.

1610 1626 1895 1692 Orietur.
2421 1625 2635 1688 Lectzo
2664 1623 2810 1707 viij.

1605 1716 1828 1849 Ait
1856 1736 2017 1798 ergo
2043 1736 2059 1781 :
2105 1713 2212 1778 Tu
2243 1734 2317 1778 es
2346 1714 2459 1796 qui
2490 1722 2804 1776 venturus

1775 1824 1887 1869 es:
1948 1824 2033 1868 an
2096 1803 2301 1867 alium
2349 1812 2807 1885 expectamus.

1608 1893 1717 1956 Ac
1770 1893 1825 1955 si
1879 1902 2106 1975 aperte
2157 1892 2357 1957 dicat.
2446 1890 2636 1955 Sicut
2683 1909 2810 1972 pro

1608 1980 1991 2045 hominibus
2022 1980 2201 2044 nasci
2232 1980 2544 2061 dignatus
2569 1998 2639 2041 es
2666 2000 2687 2042 ·.
2715 1998 2803 2042 an

1610 2070 1813 2133 etiam
1846 2088 1966 2151 pro
2005 2068 2386 2131 hominibus
2431 2067 2517 2131 ad
2565 2066 2812 2130 inferos

1609 2156 2007 2222 descendere
2044 2156 2337 2239 digneris
2383 2154 2682 2219 insinua:
2730 2163 2805 2217 ut

1609 2247 1722 2329 qui
1756 2247 2124 2310 nativitatis
2155 2254 2267 2308 tue
2299 2263 2641 2327 precursor
2684 2262 2809 2305 ex-

1609 2336 1714 2398 titi
1748 2336 1813 2398 in
1846 2334 2051 2399 terris.
2125 2332 2571 2398 descensionis
2602 2332 2807 2393 etiam

1611 2424 1696 2487 ad
1752 2422 1993 2487 inferos
2066 2442 2409 2506 precursor
2480 2419 2677 2483 fiam:
2738 2427 2811 2482 et

1610 2522 1959 2577 venturum
2021 2509 2276 2576 inferno
2336 2520 2403 2575 te
2454 2508 2811 2574 nunciem:

1609 2622 1810 2684 quem
1850 2601 1993 2684 jam
2025 2601 2281 2664 venisse
2318 2599 2572 2664 mundo
2600 2617 2813 2662 enun-

1607 2691 1794 2754 ciavi.
1883 2690 1999 2755 Re.
2028 2689 2201 2753 Veni
2246 2689 2517 2752 domine
2560 2695 2631 2750 et
2674 2685 2809 2750 noli

1609 2780 1913 2845 tardare:
1980 2779 2212 2843 relaxa
2268 2777 2561 2842 facinora
2627 2773 2808 2858 plebi

1609 2877 1740 2932 tue.
1862 2867 1954 2932 Et
2032 2886 2267 2931 revoca
2330 2867 2664 2949 dispersos
2739 2862 2809 2926 in

1607 2965 1851 3020 terram
1884 2976 2092 3020 suam.
2168 2955 2219 3031 Ῠ
2268 2955 2515 3019 Excita
2538 2951 2813 3016 domine

1609 3047 1979 3127 potentiam
2012 3053 2199 3108 tuam
2226 3053 2297 3107 et
2318 3043 2469 3108 veni
2494 3050 2567 3105 ut
2590 3041 2812 3105 salvos

1609 3133 1815 3198 facias
1844 3155 1983 3198 nos.
2056 3134 2147 3197 Et
2172 3153 2423 3196 revoca.
2485 3129 2699 3194 Lectio
2722 3129 2812 3193 ix.

1606 3221 1815 3357 Sed
1876 3221 2167 3287 dimissis
2234 3220 2545 3303 johannis
2614 3218 2811 3283 disci·

1728 3312 1943 3394 pulis:
2006 3309 2207 3394 quid⁸
2266 3310 2351 3374 de
2413 3309 2649 3372 eodem
2706 3306 2810 3388 jo-

1607 3399 1829 3464 hanne
1906 3401 2088 3464 dicat
2168 3399 2535 3462 audiamus
2624 3394 2807 3478 Quid

1607 3489 1843 3553 existis
1874 3489 2098 3552 videre
2145 3488 2213 3552 in
2262 3485 2572 3550 deserto?
2664 3483 2810 3546 Ha·-

1605 3577 1959 3642 rundinem
1985 3587 2185 3641 vento
2210 3572 2571 3657 agitatam?
2603 3571 2807 3654 Quod

1605 3665 1917 3730 videlicet
1995 3685 2126 3728 non
2210 3661 2611 3726 asserendo:
2685 3659 2806 3723 sed

1607 3755 1919 3836 negando
1950 3753 2185 3817 intulit.
2272 3749 2598 3814 Harundo
2630 3747 2808 3812 enim

1606 3851 1809 3906 vento
1839 3841 2089 3925 agitata
2128 3839 2456 3923 johannes
2503 3857 2635 3900 non
2669 3847 2811 3900 erat

1607 3931 1765 4014 quia
1801 3929 1976 3994 hunc
2023 3949 2145 3992 nec
2192 3928 2508 3992 blandum
2556 3927 2809 4009 gratia:

1607 4039 1729 4084 nec
1789 4015 2141 4099 cujuslibet
2196 4017 2521 4082 detractio
2580 4016 2649 4079 in
2713 4017 2811 4079 ira

1607 4127 1913 4191 asperum
1953 4105 2280 4170 faciebat:
2329 4125 2449 4169 nec
2496 4123 2811 4188 prospera

1605 4195 1781 4260 hunc
1812 4197 2101 4278 erigere:
2149 4214 2269 4259 nec
2300 4193 2578 4258 adversa
2610 4213 2812 4256 nove-

1605 4294 1755 4348 rant
1787 4284 2119 4349 inclinare.
2164 4284 2279 4347 Re.
2314 4283 2581 4346 Montes
2616 4281 2809 4346 israel

1607 4393 1826 4437 ramos
1908 4383 2163 4438 vestros
2248 4371 2660 4455 expandite:
2742 4379 2813 4433 et

2317 4539 2337 4568 ⁸
2370 4537 2490 4602 qui:
2526 4536 2607 4586 w.

3292 11 3306 155 ——.-
