<?xml version="1.0" encoding="UTF-8"?>
<!DOCTYPE html PUBLIC "-//W3C//DTD XHTML 1.0 Transitional//EN"
    "http://www.w3.org/TR/xhtml1/DTD/xhtml1-transitional.dtd">
<html xmlns="http://www.w3.org/1999/xhtml" xml:lang="en" lang="en">
 <head>
  <title>
</title>
<meta http-equiv="Content-Type" content="text/html;charset=utf-8" />
  <meta name='ocr-system' content='tesseract 3.04.00' />
  <meta name='ocr-capabilities' content='ocr_page ocr_carea ocr_par ocr_line ocrx_word'/>
</head>
<body>
  <div class='ocr_page' id='page_1' title='image "./publicationssur05unkngoog_0481.png"; bbox 0 0 3375 5100; ppageno 0'>
   <div class='ocr_carea' id='block_1_1' title="bbox 1515 322 2108 379">
    <p class='ocr_par' dir='ltr' id='par_1_1' title="bbox 1515 322 2108 379">
     <span class='ocr_line' id='line_1_1' title="bbox 1515 322 2108 379; baseline 0 0"><span class='ocrx_word' id='word_1_1' title='bbox 1515 322 1775 379; x_wconf 76' lang='lat' dir='ltr'><em>FERJA</em></span> <span class='ocrx_word' id='word_1_2' title='bbox 1828 322 2108 379; x_wconf 84' lang='lat' dir='ltr'><em>SEXTA</em></span> 
     </span>
    </p>
   </div>
   <div class='ocr_carea' id='block_1_2' title="bbox 1101 430 1256 487">
    <p class='ocr_par' dir='ltr' id='par_1_2' title="bbox 1101 430 1256 487">
     <span class='ocr_line' id='line_1_2' title="bbox 1101 430 1256 487; baseline -0.013 0"><span class='ocrx_word' id='word_1_3' title='bbox 1101 430 1256 487; x_wconf 70' lang='lat'><strong>845</strong></span> 
     </span>
    </p>
   </div>
   <div class='ocr_carea' id='block_1_3' title="bbox 563 534 1785 4168">
    <p class='ocr_par' dir='ltr' id='par_1_3' title="bbox 567 534 1767 957">
     <span class='ocr_line' id='line_1_3' title="bbox 569 534 1758 621; baseline 0.002 -22"><span class='ocrx_word' id='word_1_4' title='bbox 569 550 737 599; x_wconf 87' lang='lat' dir='ltr'><strong>mee.</strong></span> <span class='ocrx_word' id='word_1_5' title='bbox 813 534 908 601; x_wconf 91' lang='lat' dir='ltr'><strong>Et</strong></span> <span class='ocrx_word' id='word_1_6' title='bbox 927 535 1162 601; x_wconf 90' lang='lat' dir='ltr'><strong>reddet</strong></span> <span class='ocrx_word' id='word_1_7' title='bbox 1179 538 1306 601; x_wconf 89' lang='lat' dir='ltr'><strong>illis</strong></span> <span class='ocrx_word' id='word_1_8' title='bbox 1337 536 1758 621; x_wconf 89' lang='lat' dir='ltr'><strong>iniquitatem</strong></span> 
     </span>
     <span class='ocr_line' id='line_1_4' title="bbox 567 626 1761 707; baseline 0.002 -20"><span class='ocrx_word' id='word_1_9' title='bbox 567 626 862 707; x_wconf 90' lang='lat' dir='ltr'><strong>ipsorum</strong></span> <span class='ocrx_word' id='word_1_10' title='bbox 894 634 963 689; x_wconf 89' lang='lat' dir='ltr'><strong>et</strong></span> <span class='ocrx_word' id='word_1_11' title='bbox 993 626 1060 689; x_wconf 90' lang='lat' dir='ltr'><strong>in</strong></span> <span class='ocrx_word' id='word_1_12' title='bbox 1095 626 1357 691; x_wconf 83' lang='lat' dir='ltr'>malicia</span> <span class='ocrx_word' id='word_1_13' title='bbox 1379 647 1606 691; x_wconf 89' lang='lat' dir='ltr'><strong>eorum</strong></span> <span class='ocrx_word' id='word_1_14' title='bbox 1627 629 1761 690; x_wconf 89' lang='lat' dir='ltr'><strong>dis-</strong></span> 
     </span>
     <span class='ocr_line' id='line_1_5' title="bbox 569 714 1763 797; baseline 0.003 -21"><span class='ocrx_word' id='word_1_15' title='bbox 569 714 806 796; x_wconf 87' lang='lat' dir='ltr'><strong>perdet</strong></span> <span class='ocrx_word' id='word_1_16' title='bbox 835 734 989 777; x_wconf 89' lang='lat' dir='ltr'><strong>eos:</strong></span> <span class='ocrx_word' id='word_1_17' title='bbox 1021 715 1358 797; x_wconf 87' lang='lat' dir='ltr'><strong>disperdet</strong></span> <span class='ocrx_word' id='word_1_18' title='bbox 1377 716 1524 780; x_wconf 92' lang='lat' dir='ltr'><strong>illos</strong></span> <span class='ocrx_word' id='word_1_19' title='bbox 1548 716 1763 779; x_wconf 85' lang='lat' dir='ltr'><strong>domi-</strong></span> 
     </span>
     <span class='ocr_line' id='line_1_6' title="bbox 571 802 1765 869; baseline 0.003 -5"><span class='ocrx_word' id='word_1_20' title='bbox 571 822 698 865; x_wconf 90' lang='lat' dir='ltr'><strong>nus</strong></span> <span class='ocrx_word' id='word_1_21' title='bbox 729 802 896 865; x_wconf 90' lang='lat' dir='ltr'><strong>deus</strong></span> <span class='ocrx_word' id='word_1_22' title='bbox 917 802 1181 867; x_wconf 88' lang='lat' dir='ltr'><strong>noster.¹</strong></span> <span class='ocrx_word' id='word_1_23' title='bbox 1255 804 1392 867; x_wconf 65' lang='lat' dir='ltr'><strong>Ari.</strong></span> <span class='ocrx_word' id='word_1_24' title='bbox 1442 804 1765 869; x_wconf 89' lang='lat' dir='ltr'><strong>Benedic-</strong></span> 
     </span>
     <span class='ocr_line' id='line_1_7' title="bbox 569 890 1767 957; baseline 0.003 -4"><span class='ocrx_word' id='word_1_25' title='bbox 569 898 679 953; x_wconf 90' lang='lat' dir='ltr'><strong>tus</strong></span> <span class='ocrx_word' id='word_1_26' title='bbox 709 890 1020 954; x_wconf 89' lang='lat' dir='ltr'><strong>dominus</strong></span> <span class='ocrx_word' id='word_1_27' title='bbox 1064 892 1132 955; x_wconf 89' lang='lat' dir='ltr'><strong>in</strong></span> <span class='ocrx_word' id='word_1_28' title='bbox 1163 893 1510 957; x_wconf 74' lang='lat' dir='ltr'><strong>eternum.²</strong></span> <span class='ocrx_word' id='word_1_29' title='bbox 1623 892 1767 957; x_wconf 59' lang='lat'><strong>125?</strong></span> 
     </span>
    </p>

    <p class='ocr_par' dir='ltr' id='par_1_4' title="bbox 753 980 1765 1045">
     <span class='ocr_line' id='line_1_8' title="bbox 753 980 1765 1045; baseline 0.003 -2"><span class='ocrx_word' id='word_1_30' title='bbox 753 980 932 1043; x_wconf 90' lang='lat' dir='ltr'><strong>enite</strong></span> <span class='ocrx_word' id='word_1_31' title='bbox 1007 980 1391 1045; x_wconf 85' lang='lat' dir='ltr'><strong>exultemus</strong></span> <span class='ocrx_word' id='word_1_32' title='bbox 1443 982 1765 1045; x_wconf 89' lang='lat' dir='ltr'><strong>domino:</strong></span> 
     </span>
    </p>

    <p class='ocr_par' dir='ltr' id='par_1_5' title="bbox 563 1068 1783 3688">
     <span class='ocr_line' id='line_1_9' title="bbox 743 1068 1767 1150; baseline 0.002 -19"><span class='ocrx_word' id='word_1_33' title='bbox 743 1068 1106 1150; x_wconf 86' lang='lat' dir='ltr'><strong>jubilemus</strong></span> <span class='ocrx_word' id='word_1_34' title='bbox 1151 1070 1282 1133; x_wconf 91' lang='lat' dir='ltr'><strong>deo</strong></span> <span class='ocrx_word' id='word_1_35' title='bbox 1311 1070 1582 1133; x_wconf 86' lang='lat' dir='ltr'><strong>salutari</strong></span> <span class='ocrx_word' id='word_1_36' title='bbox 1615 1089 1767 1135; x_wconf 89' lang='lat' dir='ltr'><strong>nos·</strong></span> 
     </span>
     <span class='ocr_line' id='line_1_10' title="bbox 567 1157 1769 1241; baseline 0.002 -22"><span class='ocrx_word' id='word_1_37' title='bbox 567 1166 690 1221; x_wconf 74' lang='lat' dir='ltr'><strong>tro·</strong></span> <span class='ocrx_word' id='word_1_38' title='bbox 782 1157 1321 1239; x_wconf 87' lang='lat' dir='ltr'><strong>Preoccupemus</strong></span> <span class='ocrx_word' id='word_1_39' title='bbox 1353 1158 1590 1223; x_wconf 85' lang='lat' dir='ltr'><strong>faciem</strong></span> <span class='ocrx_word' id='word_1_40' title='bbox 1622 1158 1769 1241; x_wconf 90' lang='lat' dir='ltr'><strong>ejus</strong></span> 
     </span>
     <span class='ocr_line' id='line_1_11' title="bbox 567 1244 1771 1332; baseline 0 -23"><span class='ocrx_word' id='word_1_41' title='bbox 567 1246 636 1309; x_wconf 92' lang='lat' dir='ltr'><strong>in</strong></span> <span class='ocrx_word' id='word_1_42' title='bbox 685 1244 1134 1311; x_wconf 79' lang='lat' dir='ltr'><strong>confessione:</strong></span> <span class='ocrx_word' id='word_1_43' title='bbox 1221 1256 1292 1309; x_wconf 90' lang='lat' dir='ltr'><strong>et</strong></span> <span class='ocrx_word' id='word_1_44' title='bbox 1351 1249 1420 1311; x_wconf 88' lang='lat' dir='ltr'><strong>in</strong></span> <span class='ocrx_word' id='word_1_45' title='bbox 1493 1246 1771 1332; x_wconf 87' lang='lat' dir='ltr'><strong>psalmis</strong></span> 
     </span>
     <span class='ocr_line' id='line_1_12' title="bbox 563 1332 1768 1415; baseline 0.002 -18"><span class='ocrx_word' id='word_1_46' title='bbox 563 1332 927 1415; x_wconf 87' lang='lat' dir='ltr'><strong>jubilemus</strong></span> <span class='ocrx_word' id='word_1_47' title='bbox 1005 1334 1084 1399; x_wconf 86' lang='lat' dir='ltr'><strong>ei.</strong></span> <span class='ocrx_word' id='word_1_48' title='bbox 1203 1334 1534 1413; x_wconf 83' lang='lat' dir='ltr'><strong>Quoniam</strong></span> <span class='ocrx_word' id='word_1_49' title='bbox 1599 1338 1768 1401; x_wconf 90' lang='lat' dir='ltr'><strong>deus</strong></span> 
     </span>
     <span class='ocr_line' id='line_1_13' title="bbox 569 1422 1768 1506; baseline 0.003 -21"><span class='ocrx_word' id='word_1_50' title='bbox 569 1441 854 1504; x_wconf 86' lang='lat' dir='ltr'><strong>magnus</strong></span> <span class='ocrx_word' id='word_1_51' title='bbox 910 1422 1266 1487; x_wconf 88' lang='lat' dir='ltr'><strong>dominus:</strong></span> <span class='ocrx_word' id='word_1_52' title='bbox 1311 1434 1382 1489; x_wconf 89' lang='lat' dir='ltr'><strong>et</strong></span> <span class='ocrx_word' id='word_1_53' title='bbox 1425 1445 1548 1489; x_wconf 87' lang='lat' dir='ltr'><strong>rex</strong></span> <span class='ocrx_word' id='word_1_54' title='bbox 1581 1442 1768 1506; x_wconf 88' lang='lat' dir='ltr'><strong>mag·</strong></span> 
     </span>
     <span class='ocr_line' id='line_1_14' title="bbox 571 1512 1767 1593; baseline 0.001 -18"><span class='ocrx_word' id='word_1_55' title='bbox 571 1530 698 1575; x_wconf 86' lang='lat' dir='ltr'><strong>nus</strong></span> <span class='ocrx_word' id='word_1_56' title='bbox 727 1530 928 1593; x_wconf 89' lang='lat' dir='ltr'><strong>super</strong></span> <span class='ocrx_word' id='word_1_57' title='bbox 957 1531 1191 1575; x_wconf 89' lang='lat' dir='ltr'><strong>omnes</strong></span> <span class='ocrx_word' id='word_1_58' title='bbox 1221 1513 1400 1577; x_wconf 86' lang='lat' dir='ltr'><strong>deos.</strong></span> <span class='ocrx_word' id='word_1_59' title='bbox 1497 1512 1666 1593; x_wconf 84' lang='lat' dir='ltr'><strong>Quia</strong></span> <span class='ocrx_word' id='word_1_60' title='bbox 1698 1514 1767 1576; x_wconf 89' lang='lat' dir='ltr'><strong>in</strong></span> 
     </span>
     <span class='ocr_line' id='line_1_15' title="bbox 571 1600 1773 1680; baseline 0.003 -17"><span class='ocrx_word' id='word_1_61' title='bbox 571 1618 773 1663; x_wconf 90' lang='lat' dir='ltr'><strong>manu</strong></span> <span class='ocrx_word' id='word_1_62' title='bbox 799 1600 944 1680; x_wconf 91' lang='lat' dir='ltr'><strong>ejus</strong></span> <span class='ocrx_word' id='word_1_63' title='bbox 962 1610 1118 1665; x_wconf 89' lang='lat' dir='ltr'><strong>sunt</strong></span> <span class='ocrx_word' id='word_1_64' title='bbox 1136 1621 1368 1665; x_wconf 91' lang='lat' dir='ltr'><strong>omnes</strong></span> <span class='ocrx_word' id='word_1_65' title='bbox 1387 1600 1554 1667; x_wconf 89' lang='lat' dir='ltr'><strong>fines</strong></span> <span class='ocrx_word' id='word_1_66' title='bbox 1571 1612 1773 1667; x_wconf 84' lang='lat' dir='ltr'><strong>terre:</strong></span> 
     </span>
     <span class='ocr_line' id='line_1_16' title="bbox 572 1686 1769 1773; baseline 0.003 -22"><span class='ocrx_word' id='word_1_67' title='bbox 572 1696 642 1752; x_wconf 92' lang='lat' dir='ltr'><strong>et</strong></span> <span class='ocrx_word' id='word_1_68' title='bbox 699 1686 1086 1752; x_wconf 85' lang='lat' dir='ltr'>altitudines</span> <span class='ocrx_word' id='word_1_69' title='bbox 1155 1692 1483 1754; x_wconf 90' lang='lat' dir='ltr'><strong>montium</strong></span> <span class='ocrx_word' id='word_1_70' title='bbox 1561 1690 1769 1773; x_wconf 89' lang='lat' dir='ltr'><strong>ipsius</strong></span> 
     </span>
     <span class='ocr_line' id='line_1_17' title="bbox 572 1776 1770 1861; baseline 0.003 -22"><span class='ocrx_word' id='word_1_71' title='bbox 572 1784 744 1839; x_wconf 89' lang='lat' dir='ltr'><strong>sunt.</strong></span> <span class='ocrx_word' id='word_1_72' title='bbox 825 1776 1156 1856; x_wconf 84' lang='lat' dir='ltr'><strong>Quoniam</strong></span> <span class='ocrx_word' id='word_1_73' title='bbox 1205 1778 1408 1861; x_wconf 81' lang='lat' dir='ltr'><strong>ipsius</strong></span> <span class='ocrx_word' id='word_1_74' title='bbox 1439 1789 1540 1843; x_wconf 85' lang='lat' dir='ltr'><strong>est</strong></span> <span class='ocrx_word' id='word_1_75' title='bbox 1588 1799 1770 1843; x_wconf 88' lang='lat' dir='ltr'><strong>mare</strong></span> 
     </span>
     <span class='ocr_line' id='line_1_18' title="bbox 573 1864 1769 1947; baseline 0.003 -19"><span class='ocrx_word' id='word_1_76' title='bbox 573 1874 644 1929; x_wconf 91' lang='lat' dir='ltr'><strong>et</strong></span> <span class='ocrx_word' id='word_1_77' title='bbox 713 1865 856 1947; x_wconf 88' lang='lat' dir='ltr'><strong>ipse</strong></span> <span class='ocrx_word' id='word_1_78' title='bbox 903 1864 1060 1931; x_wconf 84' lang='lat' dir='ltr'><strong>fecit</strong></span> <span class='ocrx_word' id='word_1_79' title='bbox 1113 1864 1320 1933; x_wconf 85' lang='lat' dir='ltr'><strong>illud:</strong></span> <span class='ocrx_word' id='word_1_80' title='bbox 1395 1878 1466 1933; x_wconf 91' lang='lat' dir='ltr'><strong>et</strong></span> <span class='ocrx_word' id='word_1_81' title='bbox 1524 1868 1769 1932; x_wconf 89' lang='lat' dir='ltr'><strong>siccam</strong></span> 
     </span>
     <span class='ocr_line' id='line_1_19' title="bbox 574 1953 1774 2037; baseline 0.003 -21"><span class='ocrx_word' id='word_1_82' title='bbox 574 1972 813 2017; x_wconf 89' lang='lat' dir='ltr'><strong>manus</strong></span> <span class='ocrx_word' id='word_1_83' title='bbox 843 1953 988 2037; x_wconf 89' lang='lat' dir='ltr'><strong>ejus</strong></span> <span class='ocrx_word' id='word_1_84' title='bbox 1007 1954 1474 2021; x_wconf 83' lang='lat' dir='ltr'><strong>formaverunt.</strong></span> <span class='ocrx_word' id='word_1_85' title='bbox 1535 1956 1774 2022; x_wconf 85' lang='lat' dir='ltr'><strong>Venite</strong></span> 
     </span>
     <span class='ocr_line' id='line_1_20' title="bbox 575 2042 1774 2127; baseline 0.003 -21"><span class='ocrx_word' id='word_1_86' title='bbox 575 2042 930 2107; x_wconf 88' lang='lat' dir='ltr'><strong>adoremus</strong></span> <span class='ocrx_word' id='word_1_87' title='bbox 961 2052 1030 2107; x_wconf 88' lang='lat' dir='ltr'><strong>et</strong></span> <span class='ocrx_word' id='word_1_88' title='bbox 1060 2044 1482 2127; x_wconf 84' lang='lat' dir='ltr'><strong>procidamus</strong></span> <span class='ocrx_word' id='word_1_89' title='bbox 1513 2054 1580 2110; x_wconf 86' lang='lat' dir='ltr'><strong>et</strong></span> <span class='ocrx_word' id='word_1_90' title='bbox 1626 2044 1774 2127; x_wconf 88' lang='lat' dir='ltr'><strong>plo·</strong></span> 
     </span>
     <span class='ocr_line' id='line_1_21' title="bbox 572 2132 1779 2217; baseline 0.003 -24"><span class='ocrx_word' id='word_1_91' title='bbox 572 2150 793 2195; x_wconf 91' lang='lat' dir='ltr'><strong>remus</strong></span> <span class='ocrx_word' id='word_1_92' title='bbox 841 2140 998 2197; x_wconf 87' lang='lat' dir='ltr'><strong>ante</strong></span> <span class='ocrx_word' id='word_1_93' title='bbox 1057 2132 1403 2197; x_wconf 92' lang='lat' dir='ltr'><strong>dominum</strong></span> <span class='ocrx_word' id='word_1_94' title='bbox 1451 2133 1564 2217; x_wconf 93' lang='lat' dir='ltr'><strong>qui</strong></span> <span class='ocrx_word' id='word_1_95' title='bbox 1618 2133 1779 2197; x_wconf 86' lang='lat' dir='ltr'><strong>fecit</strong></span> 
     </span>
     <span class='ocr_line' id='line_1_22' title="bbox 575 2220 1776 2303; baseline 0.002 -21"><span class='ocrx_word' id='word_1_96' title='bbox 575 2240 696 2283; x_wconf 89' lang='lat' dir='ltr'><strong>nos</strong></span> <span class='ocrx_word' id='word_1_97' title='bbox 724 2241 738 2283; x_wconf 90' lang='lat'>:</span> <span class='ocrx_word' id='word_1_98' title='bbox 787 2221 945 2302; x_wconf 93' lang='lat' dir='ltr'><strong>quia</strong></span> <span class='ocrx_word' id='word_1_99' title='bbox 993 2220 1132 2303; x_wconf 91' lang='lat' dir='ltr'><strong>ipse</strong></span> <span class='ocrx_word' id='word_1_100' title='bbox 1163 2223 1306 2285; x_wconf 83' lang='lat' dir='ltr'><strong>est⁴</strong></span> <span class='ocrx_word' id='word_1_101' title='bbox 1337 2224 1502 2285; x_wconf 89' lang='lat' dir='ltr'><strong>deus</strong></span> <span class='ocrx_word' id='word_1_102' title='bbox 1535 2232 1776 2286; x_wconf 87' lang='lat' dir='ltr'><strong>noster.</strong></span> 
     </span>
     <span class='ocr_line' id='line_1_23' title="bbox 573 2308 1778 2393; baseline 0.004 -23"><span class='ocrx_word' id='word_1_103' title='bbox 573 2308 676 2371; x_wconf 91' lang='lat' dir='ltr'><strong>Et</strong></span> <span class='ocrx_word' id='word_1_104' title='bbox 699 2328 820 2371; x_wconf 89' lang='lat' dir='ltr'><strong>nos</strong></span> <span class='ocrx_word' id='word_1_105' title='bbox 869 2309 1156 2391; x_wconf 91' lang='lat' dir='ltr'><strong>populus</strong></span> <span class='ocrx_word' id='word_1_106' title='bbox 1187 2331 1432 2393; x_wconf 87' lang='lat' dir='ltr'><strong>pascue</strong></span> <span class='ocrx_word' id='word_1_107' title='bbox 1477 2310 1660 2392; x_wconf 90' lang='lat' dir='ltr'><strong>ejus:</strong></span> <span class='ocrx_word' id='word_1_108' title='bbox 1708 2318 1778 2375; x_wconf 89' lang='lat' dir='ltr'><strong>et</strong></span> 
     </span>
     <span class='ocr_line' id='line_1_24' title="bbox 575 2399 1777 2480; baseline 0.003 -21"><span class='ocrx_word' id='word_1_109' title='bbox 575 2416 733 2459; x_wconf 89' lang='lat' dir='ltr'><strong>oves</strong></span> <span class='ocrx_word' id='word_1_110' title='bbox 765 2418 1001 2461; x_wconf 89' lang='lat' dir='ltr'><strong>manus</strong></span> <span class='ocrx_word' id='word_1_111' title='bbox 1031 2400 1192 2480; x_wconf 72' lang='lat' dir='ltr'><strong>ejus·</strong></span> <span class='ocrx_word' id='word_1_112' title='bbox 1279 2399 1510 2463; x_wconf 87' lang='lat' dir='ltr'><strong>Hodie</strong></span> <span class='ocrx_word' id='word_1_113' title='bbox 1557 2400 1611 2463; x_wconf 88' lang='lat' dir='ltr'><strong>si</strong></span> <span class='ocrx_word' id='word_1_114' title='bbox 1659 2420 1777 2463; x_wconf 80' lang='lat' dir='ltr'><strong>vo·-</strong></span> 
     </span>
     <span class='ocr_line' id='line_1_25' title="bbox 576 2486 1777 2568; baseline 0.002 -19"><span class='ocrx_word' id='word_1_115' title='bbox 576 2505 725 2549; x_wconf 89' lang='lat' dir='ltr'><strong>cem</strong></span> <span class='ocrx_word' id='word_1_116' title='bbox 751 2486 894 2568; x_wconf 89' lang='lat' dir='ltr'><strong>ejus</strong></span> <span class='ocrx_word' id='word_1_117' title='bbox 917 2487 1257 2552; x_wconf 87' lang='lat' dir='ltr'><strong>audieritis</strong></span> <span class='ocrx_word' id='word_1_118' title='bbox 1287 2509 1302 2554; x_wconf 74' lang='grc' dir='ltr'>ς</span> <span class='ocrx_word' id='word_1_119' title='bbox 1335 2489 1540 2553; x_wconf 89' lang='lat' dir='ltr'><strong>nolite</strong></span> <span class='ocrx_word' id='word_1_120' title='bbox 1565 2488 1777 2552; x_wconf 90' lang='lat' dir='ltr'><strong>obdu-</strong></span> 
     </span>
     <span class='ocr_line' id='line_1_26' title="bbox 581 2576 1777 2642; baseline 0.003 -5"><span class='ocrx_word' id='word_1_121' title='bbox 581 2595 725 2638; x_wconf 90' lang='lat' dir='ltr'><strong>rare</strong></span> <span class='ocrx_word' id='word_1_122' title='bbox 750 2576 954 2640; x_wconf 88' lang='lat' dir='ltr'><strong>corda</strong></span> <span class='ocrx_word' id='word_1_123' title='bbox 982 2586 1218 2642; x_wconf 83' lang='lat' dir='ltr'><strong>vestra.</strong></span> <span class='ocrx_word' id='word_1_124' title='bbox 1313 2576 1508 2642; x_wconf 86' lang='lat' dir='ltr'><strong>Sicut</strong></span> <span class='ocrx_word' id='word_1_125' title='bbox 1537 2577 1606 2641; x_wconf 93' lang='lat' dir='ltr'><strong>in</strong></span> <span class='ocrx_word' id='word_1_126' title='bbox 1638 2578 1777 2642; x_wconf 88' lang='lat' dir='ltr'><strong>irri-</strong></span> 
     </span>
     <span class='ocr_line' id='line_1_27' title="bbox 576 2665 1778 2730; baseline 0.003 -4"><span class='ocrx_word' id='word_1_127' title='bbox 576 2665 871 2728; x_wconf 88' lang='lat' dir='ltr'><strong>tatione:</strong></span> <span class='ocrx_word' id='word_1_128' title='bbox 917 2666 1283 2729; x_wconf 88' lang='lat' dir='ltr'><strong>secundum</strong></span> <span class='ocrx_word' id='word_1_129' title='bbox 1333 2667 1514 2730; x_wconf 88' lang='lat' dir='ltr'><strong>diem</strong></span> <span class='ocrx_word' id='word_1_130' title='bbox 1561 2675 1778 2730; x_wconf 89' lang='lat' dir='ltr'><strong>tenta-</strong></span> 
     </span>
     <span class='ocr_line' id='line_1_28' title="bbox 575 2753 1780 2820; baseline 0.002 -5"><span class='ocrx_word' id='word_1_131' title='bbox 575 2753 778 2816; x_wconf 90' lang='lat' dir='ltr'><strong>tionis</strong></span> <span class='ocrx_word' id='word_1_132' title='bbox 811 2753 878 2816; x_wconf 91' lang='lat' dir='ltr'><strong>in</strong></span> <span class='ocrx_word' id='word_1_133' title='bbox 931 2754 1210 2820; x_wconf 88' lang='lat' dir='ltr'><strong>deserto.</strong></span> <span class='ocrx_word' id='word_1_134' title='bbox 1313 2754 1450 2820; x_wconf 85' lang='lat' dir='ltr'><strong>Ubi</strong></span> <span class='ocrx_word' id='word_1_135' title='bbox 1480 2765 1780 2820; x_wconf 87' lang='lat' dir='ltr'><strong>tentave-</strong></span> 
     </span>
     <span class='ocr_line' id='line_1_29' title="bbox 577 2843 1779 2927; baseline 0.002 -23"><span class='ocrx_word' id='word_1_136' title='bbox 577 2850 734 2904; x_wconf 88' lang='lat' dir='ltr'><strong>runt</strong></span> <span class='ocrx_word' id='word_1_137' title='bbox 762 2861 872 2905; x_wconf 88' lang='lat' dir='ltr'><strong>me</strong></span> <span class='ocrx_word' id='word_1_138' title='bbox 920 2851 1143 2924; x_wconf 88' lang='lat' dir='ltr'><strong>patres</strong></span> <span class='ocrx_word' id='word_1_139' title='bbox 1173 2844 1410 2908; x_wconf 88' lang='lat' dir='ltr'><strong>vestri:</strong></span> <span class='ocrx_word' id='word_1_140' title='bbox 1458 2843 1779 2927; x_wconf 87' lang='lat' dir='ltr'><strong>probave-</strong></span> 
     </span>
     <span class='ocr_line' id='line_1_30' title="bbox 579 2930 1781 3014; baseline 0.002 -20"><span class='ocrx_word' id='word_1_141' title='bbox 579 2938 733 2994; x_wconf 87' lang='lat' dir='ltr'><strong>runt</strong></span> <span class='ocrx_word' id='word_1_142' title='bbox 807 2939 877 2992; x_wconf 93' lang='lat' dir='ltr'><strong>et</strong></span> <span class='ocrx_word' id='word_1_143' title='bbox 950 2930 1260 2996; x_wconf 89' lang='lat' dir='ltr'><strong>viderunt</strong></span> <span class='ocrx_word' id='word_1_144' title='bbox 1333 2953 1536 3014; x_wconf 89' lang='lat' dir='ltr'><strong>opera</strong></span> <span class='ocrx_word' id='word_1_145' title='bbox 1613 2953 1781 2996; x_wconf 83' lang='lat' dir='ltr'><strong>mea.</strong></span> 
     </span>
     <span class='ocr_line' id='line_1_31' title="bbox 585 3017 1781 3100; baseline 0.003 -20"><span class='ocrx_word' id='word_1_146' title='bbox 585 3017 1045 3100; x_wconf 85' lang='lat' dir='ltr'><strong>Quadraginta</strong></span> <span class='ocrx_word' id='word_1_147' title='bbox 1103 3020 1295 3084; x_wconf 87' lang='lat' dir='ltr'><strong>annis</strong></span> <span class='ocrx_word' id='word_1_148' title='bbox 1337 3021 1626 3084; x_wconf 81' lang='lat' dir='ltr'><strong>offensus</strong></span> <span class='ocrx_word' id='word_1_149' title='bbox 1686 3020 1781 3084; x_wconf 87' lang='lat' dir='ltr'><strong>fui</strong></span> 
     </span>
     <span class='ocr_line' id='line_1_32' title="bbox 577 3108 1783 3192; baseline 0.002 -22"><span class='ocrx_word' id='word_1_150' title='bbox 577 3109 989 3190; x_wconf 85' lang='lat' dir='ltr'><strong>generationi</strong></span> <span class='ocrx_word' id='word_1_151' title='bbox 1013 3108 1146 3172; x_wconf 89' lang='lat' dir='ltr'><strong>illi:</strong></span> <span class='ocrx_word' id='word_1_152' title='bbox 1193 3119 1262 3174; x_wconf 90' lang='lat' dir='ltr'><strong>et</strong></span> <span class='ocrx_word' id='word_1_153' title='bbox 1306 3110 1450 3172; x_wconf 85' lang='lat' dir='ltr'><strong>dixi</strong></span> <span class='ocrx_word' id='word_1_154' title='bbox 1483 3109 1783 3192; x_wconf 81' lang='lat' dir='ltr'><strong>semper³</strong></span> 
     </span>
     <span class='ocr_line' id='line_1_33' title="bbox 581 3195 1782 3280; baseline 0.002 -22"><span class='ocrx_word' id='word_1_155' title='bbox 581 3206 802 3260; x_wconf 87' lang='lat' dir='ltr'><strong>errant</strong></span> <span class='ocrx_word' id='word_1_156' title='bbox 823 3195 1038 3260; x_wconf 91' lang='lat' dir='ltr'><strong>corde.</strong></span> <span class='ocrx_word' id='word_1_157' title='bbox 1125 3197 1225 3261; x_wconf 91' lang='lat' dir='ltr'><strong>Et</strong></span> <span class='ocrx_word' id='word_1_158' title='bbox 1247 3197 1354 3261; x_wconf 90' lang='lat' dir='ltr'><strong>isti</strong></span> <span class='ocrx_word' id='word_1_159' title='bbox 1376 3218 1511 3262; x_wconf 90' lang='lat' dir='ltr'><strong>non</strong></span> <span class='ocrx_word' id='word_1_160' title='bbox 1533 3217 1782 3280; x_wconf 91' lang='lat' dir='ltr'><strong>cogno-</strong></span> 
     </span>
     <span class='ocr_line' id='line_1_34' title="bbox 578 3285 1781 3370; baseline 0.001 -21"><span class='ocrx_word' id='word_1_161' title='bbox 578 3293 816 3349; x_wconf 90' lang='lat' dir='ltr'><strong>verunt</strong></span> <span class='ocrx_word' id='word_1_162' title='bbox 871 3285 1014 3348; x_wconf 89' lang='lat' dir='ltr'><strong>vias</strong></span> <span class='ocrx_word' id='word_1_163' title='bbox 1075 3305 1286 3350; x_wconf 91' lang='lat' dir='ltr'><strong>meas:</strong></span> <span class='ocrx_word' id='word_1_164' title='bbox 1335 3295 1408 3350; x_wconf 91' lang='lat' dir='ltr'><strong>ut</strong></span> <span class='ocrx_word' id='word_1_165' title='bbox 1463 3287 1781 3370; x_wconf 88' lang='lat' dir='ltr'><strong>juraviin</strong></span> 
     </span>
     <span class='ocr_line' id='line_1_35' title="bbox 578 3374 1781 3459; baseline 0.001 -22"><span class='ocrx_word' id='word_1_166' title='bbox 578 3375 678 3437; x_wconf 90' lang='lat' dir='ltr'><strong>ira</strong></span> <span class='ocrx_word' id='word_1_167' title='bbox 697 3395 846 3438; x_wconf 92' lang='lat' dir='ltr'><strong>mea</strong></span> <span class='ocrx_word' id='word_1_168' title='bbox 873 3397 888 3438; x_wconf 88' lang='lat'>:</span> <span class='ocrx_word' id='word_1_169' title='bbox 907 3374 962 3438; x_wconf 90' lang='lat' dir='ltr'><strong>si</strong></span> <span class='ocrx_word' id='word_1_170' title='bbox 988 3375 1334 3439; x_wconf 87' lang='lat' dir='ltr'><strong>intrabunt</strong></span> <span class='ocrx_word' id='word_1_171' title='bbox 1351 3374 1377 3412; x_wconf 66' lang='grc' dir='ltr'><strong>ὅ</strong></span> <span class='ocrx_word' id='word_1_172' title='bbox 1398 3377 1464 3439; x_wconf 92' lang='lat' dir='ltr'><strong>in</strong></span> <span class='ocrx_word' id='word_1_173' title='bbox 1486 3377 1781 3459; x_wconf 88' lang='lat' dir='ltr'><strong>requiem</strong></span> 
     </span>
     <span class='ocr_line' id='line_1_36' title="bbox 579 3462 1783 3545; baseline 0.001 -19"><span class='ocrx_word' id='word_1_174' title='bbox 579 3482 818 3527; x_wconf 87' lang='lat' dir='ltr'><strong>meam.</strong></span> <span class='ocrx_word' id='word_1_175' title='bbox 1651 3462 1783 3545; x_wconf 59' lang='lat' dir='ltr'><strong>pf!</strong></span> 
     </span>
     <span class='ocr_line' id='line_1_37' title="bbox 593 3551 1783 3688; baseline 0 -73"><span class='ocrx_word' id='word_1_176' title='bbox 593 3553 710 3688; x_wconf 78' lang='lat' dir='ltr'><em>C</em></span> <span class='ocrx_word' id='word_1_177' title='bbox 730 3559 959 3616; x_wconf 87' lang='lat' dir='ltr'><strong>antate</strong></span> <span class='ocrx_word' id='word_1_178' title='bbox 989 3551 1268 3616; x_wconf 90' lang='lat' dir='ltr'><strong>domino</strong></span> <span class='ocrx_word' id='word_1_179' title='bbox 1297 3551 1630 3616; x_wconf 91' lang='lat' dir='ltr'><strong>canticum</strong></span> <span class='ocrx_word' id='word_1_180' title='bbox 1665 3572 1783 3615; x_wconf 90' lang='lat' dir='ltr'><strong>no-</strong></span> 
     </span>
    </p>

    <p class='ocr_par' dir='ltr' id='par_1_6' title="bbox 579 3641 1785 4168">
     <span class='ocr_line' id='line_1_38' title="bbox 726 3641 1783 3706; baseline -0.001 -1"><span class='ocrx_word' id='word_1_181' title='bbox 726 3659 887 3705; x_wconf 89' lang='lat' dir='ltr'><strong>vum</strong></span> <span class='ocrx_word' id='word_1_182' title='bbox 913 3661 928 3706; x_wconf 88' lang='lat'>:</span> <span class='ocrx_word' id='word_1_183' title='bbox 959 3650 1226 3704; x_wconf 89' lang='lat' dir='ltr'><strong>cantate</strong></span> <span class='ocrx_word' id='word_1_184' title='bbox 1257 3641 1532 3705; x_wconf 89' lang='lat' dir='ltr'><strong>domino</strong></span> <span class='ocrx_word' id='word_1_185' title='bbox 1561 3641 1783 3704; x_wconf 90' lang='lat' dir='ltr'><strong>omnis</strong></span> 
     </span>
     <span class='ocr_line' id='line_1_39' title="bbox 579 3729 1785 3795; baseline 0 -3"><span class='ocrx_word' id='word_1_186' title='bbox 579 3739 772 3794; x_wconf 87' lang='lat' dir='ltr'><strong>terra.</strong></span> <span class='ocrx_word' id='word_1_187' title='bbox 869 3729 1148 3795; x_wconf 77' lang='lat' dir='ltr'><strong>Caritate</strong></span> <span class='ocrx_word' id='word_1_188' title='bbox 1176 3730 1453 3794; x_wconf 90' lang='lat' dir='ltr'><strong>domino</strong></span> <span class='ocrx_word' id='word_1_189' title='bbox 1483 3739 1552 3792; x_wconf 93' lang='lat' dir='ltr'><strong>et</strong></span> <span class='ocrx_word' id='word_1_190' title='bbox 1582 3731 1785 3794; x_wconf 90' lang='lat' dir='ltr'><strong>bene-</strong></span> 
     </span>
     <span class='ocr_line' id='line_1_40' title="bbox 585 3819 1779 3900; baseline 0 -18"><span class='ocrx_word' id='word_1_191' title='bbox 585 3819 789 3883; x_wconf 88' lang='lat' dir='ltr'><strong>dicite</strong></span> <span class='ocrx_word' id='word_1_192' title='bbox 847 3819 1100 3882; x_wconf 88' lang='lat' dir='ltr'><strong>nomini</strong></span> <span class='ocrx_word' id='word_1_193' title='bbox 1149 3819 1331 3900; x_wconf 89' lang='lat' dir='ltr'><strong>ejus:</strong></span> <span class='ocrx_word' id='word_1_194' title='bbox 1377 3819 1779 3882; x_wconf 88' lang='lat' dir='ltr'><strong>annunciate</strong></span> 
     </span>
     <span class='ocr_line' id='line_1_41' title="bbox 587 3905 1783 3988; baseline 0 -18"><span class='ocrx_word' id='word_1_195' title='bbox 587 3907 674 3972; x_wconf 90' lang='lat' dir='ltr'><strong>de</strong></span> <span class='ocrx_word' id='word_1_196' title='bbox 735 3907 844 3972; x_wconf 89' lang='lat' dir='ltr'><strong>die</strong></span> <span class='ocrx_word' id='word_1_197' title='bbox 905 3907 972 3970; x_wconf 93' lang='lat' dir='ltr'><strong>in</strong></span> <span class='ocrx_word' id='word_1_198' title='bbox 1033 3908 1216 3972; x_wconf 90' lang='lat' dir='ltr'><strong>diem</strong></span> <span class='ocrx_word' id='word_1_199' title='bbox 1271 3905 1561 3972; x_wconf 85' lang='lat' dir='ltr'><strong>salutare</strong></span> <span class='ocrx_word' id='word_1_200' title='bbox 1621 3907 1783 3988; x_wconf 76' lang='lat' dir='ltr'><strong>ejuS.</strong></span> 
     </span>
     <span class='ocr_line' id='line_1_42' title="bbox 583 3995 1781 4078; baseline -0.001 -19"><span class='ocrx_word' id='word_1_201' title='bbox 583 3995 649 4059; x_wconf 85' lang='lat' dir='ltr'><em>A</em></span> <span class='ocrx_word' id='word_1_202' title='bbox 660 3995 1017 4060; x_wconf 87' lang='lat' dir='ltr'><strong>nnunciate</strong></span> <span class='ocrx_word' id='word_1_203' title='bbox 1035 3997 1208 4060; x_wconf 91' lang='lat' dir='ltr'><strong>inter</strong></span> <span class='ocrx_word' id='word_1_204' title='bbox 1235 4005 1470 4078; x_wconf 89' lang='lat' dir='ltr'><strong>gentes</strong></span> <span class='ocrx_word' id='word_1_205' title='bbox 1500 3996 1781 4077; x_wconf 87' lang='lat' dir='ltr'><strong>gloriam</strong></span> 
     </span>
     <span class='ocr_line' id='line_1_43' title="bbox 585 4083 1782 4168; baseline 0 -20"><span class='ocrx_word' id='word_1_206' title='bbox 585 4083 770 4166; x_wconf 88' lang='lat' dir='ltr'><strong>ejus:</strong></span> <span class='ocrx_word' id='word_1_207' title='bbox 821 4085 890 4149; x_wconf 91' lang='lat' dir='ltr'><strong>in</strong></span> <span class='ocrx_word' id='word_1_208' title='bbox 952 4086 1260 4149; x_wconf 89' lang='lat' dir='ltr'><strong>omnibus</strong></span> <span class='ocrx_word' id='word_1_209' title='bbox 1293 4084 1556 4168; x_wconf 89' lang='lat' dir='ltr'><strong>populis</strong></span> <span class='ocrx_word' id='word_1_210' title='bbox 1587 4085 1782 4148; x_wconf 88' lang='lat' dir='ltr'><strong>mira-</strong></span> 
     </span>
    </p>
   </div>
   <div class='ocr_carea' id='block_1_4' title="bbox 596 4257 1791 4575">
    <p class='ocr_par' dir='ltr' id='par_1_7' title="bbox 687 4257 1386 4324">
     <span class='ocr_line' id='line_1_44' title="bbox 687 4257 1386 4324; baseline -0.001 -16"><span class='ocrx_word' id='word_1_211' title='bbox 687 4259 702 4290; x_wconf 84' lang='lat'>¹</span> <span class='ocrx_word' id='word_1_212' title='bbox 746 4265 760 4288; x_wconf 82' lang='lat'><em>⁶</em></span> <span class='ocrx_word' id='word_1_213' title='bbox 777 4259 952 4308; x_wconf 82' lang='lat' dir='ltr'><strong>Gloria</strong></span> <span class='ocrx_word' id='word_1_214' title='bbox 974 4259 1104 4324; x_wconf 84' lang='lat' dir='ltr'><strong>patri</strong></span> <span class='ocrx_word' id='word_1_215' title='bbox 1121 4257 1134 4281; x_wconf 88' lang='lat'>’</span> <span class='ocrx_word' id='word_1_216' title='bbox 1158 4258 1258 4307; x_wconf 82' lang='lat' dir='ltr'><strong>add</strong></span> <span class='ocrx_word' id='word_1_217' title='bbox 1284 4276 1298 4307; x_wconf 70' lang='grc' dir='ltr'><strong>ε</strong></span> <span class='ocrx_word' id='word_1_218' title='bbox 1333 4257 1386 4308; x_wconf 88' lang='lat' dir='ltr'><strong>S.</strong></span> 
     </span>
    </p>

    <p class='ocr_par' dir='ltr' id='par_1_8' title="bbox 596 4324 1791 4442">
     <span class='ocr_line' id='line_1_45' title="bbox 687 4324 1791 4390; baseline -0.001 -15"><span class='ocrx_word' id='word_1_219' title='bbox 687 4327 708 4357; x_wconf 82' lang='lat'>²</span> <span class='ocrx_word' id='word_1_220' title='bbox 747 4329 760 4352; x_wconf 93' lang='lat'>‘</span> <span class='ocrx_word' id='word_1_221' title='bbox 779 4327 900 4375; x_wconf 81' lang='lat' dir='ltr'><strong>Non</strong></span> <span class='ocrx_word' id='word_1_222' title='bbox 921 4326 1106 4374; x_wconf 74' lang='lat' dir='ltr'><strong>dicitur</strong></span> <span class='ocrx_word' id='word_1_223' title='bbox 1125 4325 1198 4373; x_wconf 84' lang='lat' dir='ltr'><strong>ad</strong></span> <span class='ocrx_word' id='word_1_224' title='bbox 1215 4332 1518 4374; x_wconf 78' lang='lat' dir='ltr'><strong>nocturnum</strong></span> <span class='ocrx_word' id='word_1_225' title='bbox 1543 4325 1630 4374; x_wconf 81' lang='lat' dir='ltr'><strong>iste</strong></span> <span class='ocrx_word' id='word_1_226' title='bbox 1653 4324 1791 4390; x_wconf 78' lang='lat' dir='ltr'><strong>psal-</strong></span> 
     </span>
     <span class='ocr_line' id='line_1_46' title="bbox 596 4391 1064 4442; baseline -0.004 0"><span class='ocrx_word' id='word_1_227' title='bbox 596 4392 735 4442; x_wconf 81' lang='lat' dir='ltr'><strong>mus&#39;</strong></span> <span class='ocrx_word' id='word_1_228' title='bbox 759 4391 889 4441; x_wconf 86' lang='lat' dir='ltr'><strong>add:</strong></span> <span class='ocrx_word' id='word_1_229' title='bbox 925 4393 991 4440; x_wconf 87' lang='lat' dir='ltr'><strong>E.</strong></span> <span class='ocrx_word' id='word_1_230' title='bbox 1009 4393 1064 4440; x_wconf 89' lang='lat' dir='ltr'><strong>G.</strong></span> 
     </span>
    </p>

    <p class='ocr_par' dir='ltr' id='par_1_9' title="bbox 691 4457 1496 4521">
     <span class='ocr_line' id='line_1_47' title="bbox 691 4457 1496 4521; baseline -0.001 -13"><span class='ocrx_word' id='word_1_231' title='bbox 691 4461 711 4490; x_wconf 84' lang='lat'>⁸</span> <span class='ocrx_word' id='word_1_232' title='bbox 743 4459 829 4508; x_wconf 77' lang='lat' dir='ltr'><strong>Pr.</strong></span> <span class='ocrx_word' id='word_1_233' title='bbox 859 4471 928 4520; x_wconf 88' lang='lat'><strong>94</strong></span> <span class='ocrx_word' id='word_1_234' title='bbox 945 4475 962 4506; x_wconf 91' lang='lat'><strong>.·</strong></span> <span class='ocrx_word' id='word_1_235' title='bbox 999 4459 1064 4506; x_wconf 88' lang='lat' dir='ltr'><strong>E.</strong></span> <span class='ocrx_word' id='word_1_236' title='bbox 1080 4457 1135 4506; x_wconf 88' lang='lat' dir='ltr'><strong>G.</strong></span> <span class='ocrx_word' id='word_1_237' title='bbox 1210 4458 1363 4521; x_wconf 64' lang='lat' dir='ltr'><strong>xciiij.</strong></span> <span class='ocrx_word' id='word_1_238' title='bbox 1389 4474 1406 4506; x_wconf 92' lang='lat'><strong>.·</strong></span> <span class='ocrx_word' id='word_1_239' title='bbox 1443 4457 1496 4508; x_wconf 88' lang='lat' dir='ltr'><strong>S.</strong></span> 
     </span>
    </p>

    <p class='ocr_par' dir='ltr' id='par_1_10' title="bbox 693 4523 1392 4575">
     <span class='ocr_line' id='line_1_48' title="bbox 693 4523 1392 4575; baseline -0.004 0"><span class='ocrx_word' id='word_1_240' title='bbox 693 4527 712 4558; x_wconf 89' lang='lat'><strong>⁴</strong></span> <span class='ocrx_word' id='word_1_241' title='bbox 751 4524 1044 4575; x_wconf 85' lang='lat' dir='ltr'><strong>‘dominus’</strong></span> <span class='ocrx_word' id='word_1_242' title='bbox 1079 4523 1213 4572; x_wconf 85' lang='lat' dir='ltr'><strong>add:</strong></span> <span class='ocrx_word' id='word_1_243' title='bbox 1249 4523 1392 4574; x_wconf 88' lang='lat' dir='ltr'>W.S.</span> 
     </span>
    </p>
   </div>
   <div class='ocr_carea' id='block_1_5' title="bbox 2384 430 2539 487">
    <p class='ocr_par' dir='ltr' id='par_1_11' title="bbox 2384 430 2539 487">
     <span class='ocr_line' id='line_1_49' title="bbox 2384 430 2539 487; baseline -0.013 0"><span class='ocrx_word' id='word_1_244' title='bbox 2384 430 2539 487; x_wconf 77' lang='lat'><strong>846</strong></span> 
     </span>
    </p>
   </div>
   <div class='ocr_carea' id='block_1_6' title="bbox 1864 534 3101 4160">
    <p class='ocr_par' dir='ltr' id='par_1_12' title="bbox 1864 534 3087 3240">
     <span class='ocr_line' id='line_1_50' title="bbox 1868 534 3081 619; baseline 0.001 -21"><span class='ocrx_word' id='word_1_245' title='bbox 1868 534 2031 600; x_wconf 87' lang='lat' dir='ltr'><strong>bilia</strong></span> <span class='ocrx_word' id='word_1_246' title='bbox 2090 536 2253 619; x_wconf 80' lang='lat' dir='ltr'><strong>ejus,</strong></span> <span class='ocrx_word' id='word_1_247' title='bbox 2378 536 2707 616; x_wconf 84' lang='lat' dir='ltr'><strong>Quoniam</strong></span> <span class='ocrx_word' id='word_1_248' title='bbox 2786 556 3081 619; x_wconf 82' lang='lat' dir='ltr'><strong>magnus</strong></span> 
     </span>
     <span class='ocr_line' id='line_1_51' title="bbox 1864 624 3077 689; baseline 0 -2"><span class='ocrx_word' id='word_1_249' title='bbox 1864 624 2177 689; x_wconf 90' lang='lat' dir='ltr'><strong>dominus</strong></span> <span class='ocrx_word' id='word_1_250' title='bbox 2208 635 2276 689; x_wconf 90' lang='lat' dir='ltr'><strong>et</strong></span> <span class='ocrx_word' id='word_1_251' title='bbox 2317 625 2618 689; x_wconf 86' lang='lat' dir='ltr'><strong>lauabilis</strong></span> <span class='ocrx_word' id='word_1_252' title='bbox 2650 625 2891 689; x_wconf 85' lang='lat' dir='ltr'><strong>nimis:</strong></span> <span class='ocrx_word' id='word_1_253' title='bbox 2941 636 3077 689; x_wconf 88' lang='lat' dir='ltr'><strong>ter-</strong></span> 
     </span>
     <span class='ocr_line' id='line_1_52' title="bbox 1866 713 3079 795; baseline 0.002 -20"><span class='ocrx_word' id='word_1_254' title='bbox 1866 713 2073 777; x_wconf 91' lang='lat' dir='ltr'><strong>ribilis</strong></span> <span class='ocrx_word' id='word_1_255' title='bbox 2134 724 2235 777; x_wconf 88' lang='lat' dir='ltr'><strong>est</strong></span> <span class='ocrx_word' id='word_1_256' title='bbox 2298 734 2499 795; x_wconf 89' lang='lat' dir='ltr'><strong>super</strong></span> <span class='ocrx_word' id='word_1_257' title='bbox 2570 734 2809 777; x_wconf 89' lang='lat' dir='ltr'><strong>omnes</strong></span> <span class='ocrx_word' id='word_1_258' title='bbox 2886 715 3079 777; x_wconf 75' lang='lat' dir='ltr'><strong>deos,</strong></span> 
     </span>
     <span class='ocr_line' id='line_1_53' title="bbox 1870 800 3079 884; baseline 0 -19"><span class='ocrx_word' id='word_1_259' title='bbox 1870 800 2201 881; x_wconf 88' lang='lat' dir='ltr'><strong>Quoniam</strong></span> <span class='ocrx_word' id='word_1_260' title='bbox 2232 822 2465 867; x_wconf 88' lang='lat' dir='ltr'><strong>omnes</strong></span> <span class='ocrx_word' id='word_1_261' title='bbox 2505 803 2598 866; x_wconf 92' lang='lat' dir='ltr'><strong>dii</strong></span> <span class='ocrx_word' id='word_1_262' title='bbox 2620 804 2927 884; x_wconf 89' lang='lat' dir='ltr'><strong>gentium</strong></span> <span class='ocrx_word' id='word_1_263' title='bbox 2956 803 3079 865; x_wconf 85' lang='lat' dir='ltr'><strong>de-</strong></span> 
     </span>
     <span class='ocr_line' id='line_1_54' title="bbox 1870 892 3079 955; baseline -0.001 0"><span class='ocrx_word' id='word_1_264' title='bbox 1870 892 2127 955; x_wconf 88' lang='lat' dir='ltr'><strong>monia:</strong></span> <span class='ocrx_word' id='word_1_265' title='bbox 2204 892 2515 955; x_wconf 88' lang='lat' dir='ltr'><strong>dominus</strong></span> <span class='ocrx_word' id='word_1_266' title='bbox 2588 901 2815 955; x_wconf 88' lang='lat' dir='ltr'><strong>autem</strong></span> <span class='ocrx_word' id='word_1_267' title='bbox 2890 892 3079 954; x_wconf 88' lang='lat' dir='ltr'><strong>celos</strong></span> 
     </span>
     <span class='ocr_line' id='line_1_55' title="bbox 1866 978 3079 1062; baseline -0.001 -19"><span class='ocrx_word' id='word_1_268' title='bbox 1866 978 2039 1043; x_wconf 83' lang='lat' dir='ltr'><strong>fecit.</strong></span> <span class='ocrx_word' id='word_1_269' title='bbox 2136 978 2474 1044; x_wconf 84' lang='lat' dir='ltr'><strong>Confessio</strong></span> <span class='ocrx_word' id='word_1_270' title='bbox 2516 989 2586 1043; x_wconf 90' lang='lat' dir='ltr'><strong>et</strong></span> <span class='ocrx_word' id='word_1_271' title='bbox 2644 978 3079 1062; x_wconf 84' lang='lat' dir='ltr'><strong>pulchritudo</strong></span> 
     </span>
     <span class='ocr_line' id='line_1_56' title="bbox 1868 1068 3079 1150; baseline 0 -19"><span class='ocrx_word' id='word_1_272' title='bbox 1868 1068 1939 1131; x_wconf 91' lang='lat' dir='ltr'><strong>in</strong></span> <span class='ocrx_word' id='word_1_273' title='bbox 1984 1076 2343 1150; x_wconf 86' lang='lat' dir='ltr'><strong>conspectu</strong></span> <span class='ocrx_word' id='word_1_274' title='bbox 2400 1068 2584 1149; x_wconf 81' lang='lat' dir='ltr'><strong>ejus:</strong></span> <span class='ocrx_word' id='word_1_275' title='bbox 2630 1068 3079 1131; x_wconf 89' lang='lat' dir='ltr'><strong>sanctimonia</strong></span> 
     </span>
     <span class='ocr_line' id='line_1_57' title="bbox 1868 1154 3079 1239; baseline 0 -20"><span class='ocrx_word' id='word_1_276' title='bbox 1868 1164 1936 1220; x_wconf 90' lang='lat' dir='ltr'><strong>et</strong></span> <span class='ocrx_word' id='word_1_277' title='bbox 1951 1155 2524 1239; x_wconf 87' lang='lat' dir='ltr'><strong>magnificentiain</strong></span> <span class='ocrx_word' id='word_1_278' title='bbox 2544 1154 3079 1221; x_wconf 85' lang='lat' dir='ltr'><strong>sanctificatione</strong></span> 
     </span>
     <span class='ocr_line' id='line_1_58' title="bbox 1866 1244 3079 1327; baseline 0.001 -20"><span class='ocrx_word' id='word_1_279' title='bbox 1866 1244 2030 1325; x_wconf 80' lang='lat' dir='ltr'><strong>ejus,</strong></span> <span class='ocrx_word' id='word_1_280' title='bbox 2076 1244 2341 1309; x_wconf 83' lang='lat' dir='ltr'><strong>Afferte</strong></span> <span class='ocrx_word' id='word_1_281' title='bbox 2360 1245 2637 1309; x_wconf 86' lang='lat' dir='ltr'><strong>domino</strong></span> <span class='ocrx_word' id='word_1_282' title='bbox 2666 1246 2882 1327; x_wconf 87' lang='lat' dir='ltr'><strong>patrie</strong></span> <span class='ocrx_word' id='word_1_283' title='bbox 2910 1266 3079 1327; x_wconf 88' lang='lat' dir='ltr'><strong>gen-</strong></span> 
     </span>
     <span class='ocr_line' id='line_1_59' title="bbox 1866 1332 3081 1416; baseline -0.001 -19"><span class='ocrx_word' id='word_1_284' title='bbox 1866 1334 2035 1397; x_wconf 89' lang='lat' dir='ltr'><strong>tium</strong></span> <span class='ocrx_word' id='word_1_285' title='bbox 2080 1332 2311 1397; x_wconf 81' lang='lat' dir='ltr'><strong>afferte</strong></span> <span class='ocrx_word' id='word_1_286' title='bbox 2354 1333 2630 1397; x_wconf 89' lang='lat' dir='ltr'><strong>domino</strong></span> <span class='ocrx_word' id='word_1_287' title='bbox 2672 1333 2959 1416; x_wconf 90' lang='lat' dir='ltr'><strong>gloriam</strong></span> <span class='ocrx_word' id='word_1_288' title='bbox 3004 1342 3081 1396; x_wconf 86' lang='lat' dir='ltr'><strong>et</strong></span> 
     </span>
     <span class='ocr_line' id='line_1_60' title="bbox 1869 1420 3079 1504; baseline -0.001 -19"><span class='ocrx_word' id='word_1_289' title='bbox 1869 1420 2231 1485; x_wconf 88' lang='lat' dir='ltr'><strong>honorem:</strong></span> <span class='ocrx_word' id='word_1_290' title='bbox 2277 1422 2511 1487; x_wconf 86' lang='lat' dir='ltr'><strong>afferte</strong></span> <span class='ocrx_word' id='word_1_291' title='bbox 2566 1422 2845 1485; x_wconf 91' lang='lat' dir='ltr'><strong>domino</strong></span> <span class='ocrx_word' id='word_1_292' title='bbox 2872 1422 3079 1504; x_wconf 88' lang='lat' dir='ltr'><strong>glori-</strong></span> 
     </span>
     <span class='ocr_line' id='line_1_61' title="bbox 1869 1510 3079 1592; baseline 0 -19"><span class='ocrx_word' id='word_1_293' title='bbox 1869 1528 1979 1573; x_wconf 89' lang='lat' dir='ltr'><strong>am</strong></span> <span class='ocrx_word' id='word_1_294' title='bbox 2012 1512 2263 1575; x_wconf 88' lang='lat' dir='ltr'><strong>nomini</strong></span> <span class='ocrx_word' id='word_1_295' title='bbox 2287 1510 2446 1592; x_wconf 86' lang='lat' dir='ltr'><strong>ejus.</strong></span> <span class='ocrx_word' id='word_1_296' title='bbox 2546 1510 2790 1574; x_wconf 86' lang='lat' dir='ltr'><strong>Tollite</strong></span> <span class='ocrx_word' id='word_1_297' title='bbox 2820 1510 3079 1574; x_wconf 83' lang='lat' dir='ltr'><strong>hostias</strong></span> 
     </span>
     <span class='ocr_line' id='line_1_62' title="bbox 1868 1598 3075 1681; baseline -0.002 -18"><span class='ocrx_word' id='word_1_298' title='bbox 1868 1608 1939 1663; x_wconf 90' lang='lat' dir='ltr'><strong>et</strong></span> <span class='ocrx_word' id='word_1_299' title='bbox 1968 1600 2237 1663; x_wconf 86' lang='lat' dir='ltr'><strong>introite</strong></span> <span class='ocrx_word' id='word_1_300' title='bbox 2282 1599 2355 1663; x_wconf 91' lang='lat' dir='ltr'><strong>in</strong></span> <span class='ocrx_word' id='word_1_301' title='bbox 2384 1600 2554 1663; x_wconf 87' lang='lat' dir='ltr'><strong>atria</strong></span> <span class='ocrx_word' id='word_1_302' title='bbox 2582 1598 2758 1681; x_wconf 88' lang='lat' dir='ltr'><strong>ejus:</strong></span> <span class='ocrx_word' id='word_1_303' title='bbox 2790 1599 3075 1662; x_wconf 91' lang='lat' dir='ltr'><strong>adorate</strong></span> 
     </span>
     <span class='ocr_line' id='line_1_63' title="bbox 1869 1687 3076 1769; baseline 0 -19"><span class='ocrx_word' id='word_1_304' title='bbox 1869 1687 2217 1751; x_wconf 89' lang='lat' dir='ltr'><strong>dominum</strong></span> <span class='ocrx_word' id='word_1_305' title='bbox 2262 1688 2331 1751; x_wconf 91' lang='lat' dir='ltr'><strong>in</strong></span> <span class='ocrx_word' id='word_1_306' title='bbox 2392 1688 2561 1753; x_wconf 90' lang='lat' dir='ltr'><strong>atrio</strong></span> <span class='ocrx_word' id='word_1_307' title='bbox 2614 1698 2849 1752; x_wconf 87' lang='lat' dir='ltr'><strong>sancto</strong></span> <span class='ocrx_word' id='word_1_308' title='bbox 2910 1688 3076 1769; x_wconf 79' lang='lat' dir='ltr'><strong>ejuS.</strong></span> 
     </span>
     <span class='ocr_line' id='line_1_64' title="bbox 1878 1775 3079 1858; baseline -0.003 -15"><span class='ocrx_word' id='word_1_309' title='bbox 1878 1775 2391 1843; x_wconf 86' lang='lat' dir='ltr'><strong>Commoveatur</strong></span> <span class='ocrx_word' id='word_1_310' title='bbox 2442 1797 2483 1841; x_wconf 93' lang='lat' dir='ltr'><strong>a</strong></span> <span class='ocrx_word' id='word_1_311' title='bbox 2535 1776 2704 1840; x_wconf 84' lang='lat' dir='ltr'><strong>facie</strong></span> <span class='ocrx_word' id='word_1_312' title='bbox 2755 1776 2901 1858; x_wconf 90' lang='lat' dir='ltr'><strong>ejus</strong></span> <span class='ocrx_word' id='word_1_313' title='bbox 2932 1776 3079 1839; x_wconf 87' lang='lat' dir='ltr'><strong>uni-</strong></span> 
     </span>
     <span class='ocr_line' id='line_1_65' title="bbox 1871 1864 3081 1946; baseline 0 -19"><span class='ocrx_word' id='word_1_314' title='bbox 1871 1884 2063 1928; x_wconf 89' lang='lat' dir='ltr'><strong>versa</strong></span> <span class='ocrx_word' id='word_1_315' title='bbox 2115 1874 2331 1929; x_wconf 88' lang='lat' dir='ltr'><strong>terra:</strong></span> <span class='ocrx_word' id='word_1_316' title='bbox 2376 1864 2581 1928; x_wconf 88' lang='lat' dir='ltr'><strong>dicite</strong></span> <span class='ocrx_word' id='word_1_317' title='bbox 2628 1865 2696 1927; x_wconf 88' lang='lat' dir='ltr'><strong>in</strong></span> <span class='ocrx_word' id='word_1_318' title='bbox 2758 1865 3081 1946; x_wconf 85' lang='lat' dir='ltr'><strong>gentibus</strong></span> 
     </span>
     <span class='ocr_line' id='line_1_66' title="bbox 1874 1953 3079 2035; baseline 0 -20"><span class='ocrx_word' id='word_1_319' title='bbox 1874 1954 2033 2034; x_wconf 89' lang='lat' dir='ltr'><strong>quia</strong></span> <span class='ocrx_word' id='word_1_320' title='bbox 2064 1953 2375 2017; x_wconf 90' lang='lat' dir='ltr'><strong>dominus</strong></span> <span class='ocrx_word' id='word_1_321' title='bbox 2406 1954 2726 2035; x_wconf 85' lang='lat' dir='ltr'><strong>regnavit.</strong></span> <span class='ocrx_word' id='word_1_322' title='bbox 2790 1954 3079 2017; x_wconf 90' lang='lat' dir='ltr'><strong>Etenim</strong></span> 
     </span>
     <span class='ocr_line' id='line_1_67' title="bbox 1874 2042 3081 2123; baseline -0.001 -19"><span class='ocrx_word' id='word_1_323' title='bbox 1874 2042 2166 2105; x_wconf 87' lang='lat' dir='ltr'><strong>correxit</strong></span> <span class='ocrx_word' id='word_1_324' title='bbox 2224 2042 2455 2105; x_wconf 90' lang='lat' dir='ltr'><strong>orbem</strong></span> <span class='ocrx_word' id='word_1_325' title='bbox 2514 2051 2687 2105; x_wconf 90' lang='lat' dir='ltr'><strong>terre</strong></span> <span class='ocrx_word' id='word_1_326' title='bbox 2746 2042 2861 2123; x_wconf 91' lang='lat' dir='ltr'><strong>qui</strong></span> <span class='ocrx_word' id='word_1_327' title='bbox 2942 2062 3081 2104; x_wconf 88' lang='lat' dir='ltr'><strong>non</strong></span> 
     </span>
     <span class='ocr_line' id='line_1_68' title="bbox 1874 2130 3085 2213; baseline -0.001 -20"><span class='ocrx_word' id='word_1_328' title='bbox 1874 2131 2441 2195; x_wconf 85' lang='lat' dir='ltr'><strong>commovebitur:</strong></span> <span class='ocrx_word' id='word_1_329' title='bbox 2480 2130 2811 2212; x_wconf 89' lang='lat' dir='ltr'><strong>judicabit</strong></span> <span class='ocrx_word' id='word_1_330' title='bbox 2862 2150 3085 2213; x_wconf 91' lang='lat' dir='ltr'><strong>popu-</strong></span> 
     </span>
     <span class='ocr_line' id='line_1_69' title="bbox 1875 2216 3082 2301; baseline 0 -20"><span class='ocrx_word' id='word_1_331' title='bbox 1875 2219 1977 2282; x_wconf 91' lang='lat' dir='ltr'><strong>los</strong></span> <span class='ocrx_word' id='word_1_332' title='bbox 2001 2220 2065 2281; x_wconf 90' lang='lat' dir='ltr'><strong>in</strong></span> <span class='ocrx_word' id='word_1_333' title='bbox 2098 2220 2409 2301; x_wconf 89' lang='lat' dir='ltr'><strong>equitate.</strong></span> <span class='ocrx_word' id='word_1_334' title='bbox 2500 2219 2834 2283; x_wconf 90' lang='lat' dir='ltr'><strong>Letentur</strong></span> <span class='ocrx_word' id='word_1_335' title='bbox 2864 2216 2989 2283; x_wconf 90' lang='lat' dir='ltr'><strong>celi</strong></span> <span class='ocrx_word' id='word_1_336' title='bbox 3012 2229 3082 2281; x_wconf 89' lang='lat' dir='ltr'><strong>et</strong></span> 
     </span>
     <span class='ocr_line' id='line_1_70' title="bbox 1878 2307 3083 2373; baseline -0.002 -2"><span class='ocrx_word' id='word_1_337' title='bbox 1878 2307 2137 2371; x_wconf 83' lang='lat' dir='ltr'><strong>exultet</strong></span> <span class='ocrx_word' id='word_1_338' title='bbox 2168 2318 2345 2371; x_wconf 87' lang='lat' dir='ltr'><strong>terra</strong></span> <span class='ocrx_word' id='word_1_339' title='bbox 2362 2316 2863 2373; x_wconf 87' lang='lat' dir='ltr'><strong>commoveatur</strong></span> <span class='ocrx_word' id='word_1_340' title='bbox 2894 2327 3083 2370; x_wconf 88' lang='lat' dir='ltr'><strong>mare</strong></span> 
     </span>
     <span class='ocr_line' id='line_1_71' title="bbox 1876 2396 3085 2479; baseline -0.001 -20"><span class='ocrx_word' id='word_1_341' title='bbox 1876 2406 1947 2459; x_wconf 92' lang='lat' dir='ltr'><strong>et</strong></span> <span class='ocrx_word' id='word_1_342' title='bbox 2019 2396 2368 2478; x_wconf 90' lang='lat' dir='ltr'><strong>plenitudo</strong></span> <span class='ocrx_word' id='word_1_343' title='bbox 2426 2396 2608 2478; x_wconf 87' lang='lat' dir='ltr'><strong>ejus:</strong></span> <span class='ocrx_word' id='word_1_344' title='bbox 2686 2396 3085 2479; x_wconf 86' lang='lat' dir='ltr'><strong>gaudebunt</strong></span> 
     </span>
     <span class='ocr_line' id='line_1_72' title="bbox 1879 2485 3083 2568; baseline -0.002 -19"><span class='ocrx_word' id='word_1_345' title='bbox 1879 2486 2100 2567; x_wconf 87' lang='lat' dir='ltr'><strong>campi</strong></span> <span class='ocrx_word' id='word_1_346' title='bbox 2130 2494 2200 2548; x_wconf 88' lang='lat' dir='ltr'><strong>et</strong></span> <span class='ocrx_word' id='word_1_347' title='bbox 2228 2486 2455 2549; x_wconf 91' lang='lat' dir='ltr'><strong>omnia</strong></span> <span class='ocrx_word' id='word_1_348' title='bbox 2486 2505 2617 2568; x_wconf 90' lang='lat' dir='ltr'><strong>que</strong></span> <span class='ocrx_word' id='word_1_349' title='bbox 2662 2486 2729 2547; x_wconf 92' lang='lat' dir='ltr'><strong>in</strong></span> <span class='ocrx_word' id='word_1_350' title='bbox 2776 2485 2871 2547; x_wconf 90' lang='lat' dir='ltr'><strong>eis</strong></span> <span class='ocrx_word' id='word_1_351' title='bbox 2902 2494 3083 2547; x_wconf 87' lang='lat' dir='ltr'><strong>sunt.</strong></span> 
     </span>
     <span class='ocr_line' id='line_1_73' title="bbox 1892 2573 3087 2657; baseline 0 -20"><span class='ocrx_word' id='word_1_352' title='bbox 1892 2575 2075 2638; x_wconf 85' lang='lat' dir='ltr'><strong>Tunc</strong></span> <span class='ocrx_word' id='word_1_353' title='bbox 2142 2575 2545 2638; x_wconf 86' lang='lat' dir='ltr'><strong>exultabunt</strong></span> <span class='ocrx_word' id='word_1_354' title='bbox 2606 2575 2834 2637; x_wconf 91' lang='lat' dir='ltr'><strong>omnia</strong></span> <span class='ocrx_word' id='word_1_355' title='bbox 2896 2573 3087 2657; x_wconf 87' lang='lat' dir='ltr'><strong>ligna</strong></span> 
     </span>
     <span class='ocr_line' id='line_1_74' title="bbox 1882 2663 3085 2745; baseline -0.002 -19"><span class='ocrx_word' id='word_1_356' title='bbox 1882 2663 2193 2728; x_wconf 87' lang='lat' dir='ltr'><strong>silvarum</strong></span> <span class='ocrx_word' id='word_1_357' title='bbox 2256 2685 2299 2726; x_wconf 90' lang='lat' dir='ltr'><strong>a</strong></span> <span class='ocrx_word' id='word_1_358' title='bbox 2348 2663 2517 2727; x_wconf 87' lang='lat' dir='ltr'><strong>facie</strong></span> <span class='ocrx_word' id='word_1_359' title='bbox 2578 2663 2873 2726; x_wconf 89' lang='lat' dir='ltr'><strong>domini:</strong></span> <span class='ocrx_word' id='word_1_360' title='bbox 2924 2663 3085 2745; x_wconf 89' lang='lat' dir='ltr'><strong>quia</strong></span> 
     </span>
     <span class='ocr_line' id='line_1_75' title="bbox 1878 2751 3085 2834; baseline -0.002 -18"><span class='ocrx_word' id='word_1_361' title='bbox 1878 2753 2065 2816; x_wconf 91' lang='lat' dir='ltr'><strong>venit</strong></span> <span class='ocrx_word' id='word_1_362' title='bbox 2140 2751 2461 2834; x_wconf 90' lang='lat' dir='ltr'><strong>quoniam</strong></span> <span class='ocrx_word' id='word_1_363' title='bbox 2530 2753 2716 2814; x_wconf 89' lang='lat' dir='ltr'><strong>venit</strong></span> <span class='ocrx_word' id='word_1_364' title='bbox 2779 2751 3085 2833; x_wconf 87' lang='lat' dir='ltr'><strong>judicare</strong></span> 
     </span>
     <span class='ocr_line' id='line_1_76' title="bbox 1881 2840 3081 2916; baseline -0.003 -12"><span class='ocrx_word' id='word_1_365' title='bbox 1881 2850 2141 2904; x_wconf 88' lang='lat' dir='ltr'><strong>terram.</strong></span> <span class='ocrx_word' id='word_1_366' title='bbox 2240 2840 2596 2916; x_wconf 85' lang='lat' dir='ltr'><strong>Judicabit</strong></span> <span class='ocrx_word' id='word_1_367' title='bbox 2625 2840 2856 2903; x_wconf 88' lang='lat' dir='ltr'><strong>orbem</strong></span> <span class='ocrx_word' id='word_1_368' title='bbox 2909 2849 3081 2902; x_wconf 86' lang='lat' dir='ltr'><strong>terre</strong></span> 
     </span>
     <span class='ocr_line' id='line_1_77' title="bbox 1882 2928 3083 3011; baseline -0.002 -19"><span class='ocrx_word' id='word_1_369' title='bbox 1882 2931 1951 2993; x_wconf 91' lang='lat' dir='ltr'><strong>in</strong></span> <span class='ocrx_word' id='word_1_370' title='bbox 1980 2930 2281 3011; x_wconf 88' lang='lat' dir='ltr'><strong>equitate</strong></span> <span class='ocrx_word' id='word_1_371' title='bbox 2308 2949 2325 2993; x_wconf 88' lang='grc'>;</span> <span class='ocrx_word' id='word_1_372' title='bbox 2372 2939 2441 2994; x_wconf 91' lang='lat' dir='ltr'><strong>et</strong></span> <span class='ocrx_word' id='word_1_373' title='bbox 2471 2928 2757 3011; x_wconf 91' lang='lat' dir='ltr'><strong>populos</strong></span> <span class='ocrx_word' id='word_1_374' title='bbox 2812 2929 2880 2991; x_wconf 91' lang='lat' dir='ltr'><strong>in</strong></span> <span class='ocrx_word' id='word_1_375' title='bbox 2912 2929 3083 2992; x_wconf 86' lang='lat' dir='ltr'><strong>veri·</strong></span> 
     </span>
     <span class='ocr_line' id='line_1_78' title="bbox 1882 3017 3084 3098; baseline -0.002 -16"><span class='ocrx_word' id='word_1_376' title='bbox 1882 3027 2025 3082; x_wconf 90' lang='lat' dir='ltr'><strong>tate</strong></span> <span class='ocrx_word' id='word_1_377' title='bbox 2056 3039 2196 3082; x_wconf 89' lang='lat' dir='ltr'><strong>sua.</strong></span> <span class='ocrx_word' id='word_1_378' title='bbox 2952 3017 3084 3098; x_wconf 57' lang='lat' dir='ltr'><strong>pi!</strong></span> 
     </span>
     <span class='ocr_line' id='line_1_79' title="bbox 1886 3103 3086 3240; baseline -0.003 -70"><span class='ocrx_word' id='word_1_379' title='bbox 1886 3107 2305 3240; x_wconf 82' lang='lat' dir='ltr'><strong>Dominus</strong></span> <span class='ocrx_word' id='word_1_380' title='bbox 2338 3105 2639 3188; x_wconf 89' lang='lat' dir='ltr'><strong>regnavit</strong></span> <span class='ocrx_word' id='word_1_381' title='bbox 2668 3103 2935 3168; x_wconf 87' lang='lat' dir='ltr'><strong>exultet</strong></span> <span class='ocrx_word' id='word_1_382' title='bbox 2954 3115 3086 3167; x_wconf 85' lang='lat' dir='ltr'><strong>ter·</strong></span> 
     </span>
    </p>

    <p class='ocr_par' dir='ltr' id='par_1_13' title="bbox 1878 3193 3101 4160">
     <span class='ocr_line' id='line_1_80' title="bbox 2042 3193 3085 3259; baseline -0.003 0"><span class='ocrx_word' id='word_1_383' title='bbox 2042 3216 2156 3259; x_wconf 88' lang='lat' dir='ltr'><strong>ra:</strong></span> <span class='ocrx_word' id='word_1_384' title='bbox 2232 3195 2522 3259; x_wconf 89' lang='lat' dir='ltr'><strong>letentur</strong></span> <span class='ocrx_word' id='word_1_385' title='bbox 2582 3193 2793 3256; x_wconf 89' lang='lat' dir='ltr'><strong>insule</strong></span> <span class='ocrx_word' id='word_1_386' title='bbox 2854 3193 3085 3257; x_wconf 89' lang='lat' dir='ltr'><strong>multe.</strong></span> 
     </span>
     <span class='ocr_line' id='line_1_81' title="bbox 1882 3282 3084 3366; baseline -0.002 -19"><span class='ocrx_word' id='word_1_387' title='bbox 1882 3283 2125 3347; x_wconf 88' lang='lat' dir='ltr'><strong>Nubes</strong></span> <span class='ocrx_word' id='word_1_388' title='bbox 2155 3293 2223 3348; x_wconf 90' lang='lat' dir='ltr'><strong>et</strong></span> <span class='ocrx_word' id='word_1_389' title='bbox 2254 3285 2469 3366; x_wconf 88' lang='lat' dir='ltr'><strong>caligo</strong></span> <span class='ocrx_word' id='word_1_390' title='bbox 2500 3283 2567 3346; x_wconf 92' lang='lat' dir='ltr'><strong>in</strong></span> <span class='ocrx_word' id='word_1_391' title='bbox 2600 3283 2873 3346; x_wconf 89' lang='lat' dir='ltr'><strong>circuitu</strong></span> <span class='ocrx_word' id='word_1_392' title='bbox 2908 3282 3084 3363; x_wconf 86' lang='lat' dir='ltr'><strong>ejus:</strong></span> 
     </span>
     <span class='ocr_line' id='line_1_82' title="bbox 1878 3372 3086 3455; baseline -0.002 -20"><span class='ocrx_word' id='word_1_393' title='bbox 1878 3372 2141 3454; x_wconf 86' lang='lat' dir='ltr'><strong>justitia</strong></span> <span class='ocrx_word' id='word_1_394' title='bbox 2214 3383 2283 3438; x_wconf 91' lang='lat' dir='ltr'><strong>et</strong></span> <span class='ocrx_word' id='word_1_395' title='bbox 2344 3372 2668 3455; x_wconf 86' lang='lat' dir='ltr'><strong>judicium</strong></span> <span class='ocrx_word' id='word_1_396' title='bbox 2763 3372 3086 3434; x_wconf 83' lang='lat' dir='ltr'><strong>correctio</strong></span> 
     </span>
     <span class='ocr_line' id='line_1_83' title="bbox 1884 3460 3089 3544; baseline -0.002 -20"><span class='ocrx_word' id='word_1_397' title='bbox 1884 3463 2061 3526; x_wconf 89' lang='lat' dir='ltr'><strong>sedis</strong></span> <span class='ocrx_word' id='word_1_398' title='bbox 2114 3461 2275 3544; x_wconf 72' lang='lat' dir='ltr'><strong>ejus·</strong></span> <span class='ocrx_word' id='word_1_399' title='bbox 2393 3460 2584 3543; x_wconf 88' lang='lat' dir='ltr'><strong>Ignis</strong></span> <span class='ocrx_word' id='word_1_400' title='bbox 2646 3467 2805 3522; x_wconf 86' lang='lat' dir='ltr'><strong>ante</strong></span> <span class='ocrx_word' id='word_1_401' title='bbox 2867 3461 3089 3540; x_wconf 89' lang='lat' dir='ltr'><strong>ipsum</strong></span> 
     </span>
     <span class='ocr_line' id='line_1_84' title="bbox 1884 3547 3091 3632; baseline -0.002 -20"><span class='ocrx_word' id='word_1_402' title='bbox 1884 3550 2199 3632; x_wconf 89' lang='lat' dir='ltr'><strong>procedet</strong></span> <span class='ocrx_word' id='word_1_403' title='bbox 2220 3548 2247 3588; x_wconf 84' lang='lat'><strong>⁹</strong></span> <span class='ocrx_word' id='word_1_404' title='bbox 2271 3572 2285 3614; x_wconf 89' lang='lat'>:</span> <span class='ocrx_word' id='word_1_405' title='bbox 2316 3559 2385 3613; x_wconf 91' lang='lat' dir='ltr'><strong>et</strong></span> <span class='ocrx_word' id='word_1_406' title='bbox 2405 3547 2849 3613; x_wconf 90' lang='lat' dir='ltr'><strong>inflammabit</strong></span> <span class='ocrx_word' id='word_1_407' title='bbox 2880 3549 2947 3610; x_wconf 89' lang='lat' dir='ltr'><strong>in</strong></span> <span class='ocrx_word' id='word_1_408' title='bbox 2968 3549 3091 3610; x_wconf 88' lang='lat' dir='ltr'><strong>cir-</strong></span> 
     </span>
     <span class='ocr_line' id='line_1_85' title="bbox 1884 3635 3093 3718; baseline -0.003 -16"><span class='ocrx_word' id='word_1_409' title='bbox 1884 3639 2064 3702; x_wconf 91' lang='lat' dir='ltr'><strong>cuitu</strong></span> <span class='ocrx_word' id='word_1_410' title='bbox 2090 3639 2392 3702; x_wconf 87' lang='lat' dir='ltr'><strong>inimicos</strong></span> <span class='ocrx_word' id='word_1_411' title='bbox 2420 3637 2581 3718; x_wconf 76' lang='lat' dir='ltr'><strong>ejus,</strong></span> <span class='ocrx_word' id='word_1_412' title='bbox 2671 3635 3093 3700; x_wconf 83' lang='lat' dir='ltr'><strong>Alluxerunt</strong></span> 
     </span>
     <span class='ocr_line' id='line_1_86' title="bbox 1885 3725 3093 3810; baseline -0.003 -20"><span class='ocrx_word' id='word_1_413' title='bbox 1885 3725 2149 3810; x_wconf 83' lang='lat' dir='ltr'><strong>fulgura</strong></span> <span class='ocrx_word' id='word_1_414' title='bbox 2180 3727 2321 3809; x_wconf 92' lang='lat' dir='ltr'><strong>ejus</strong></span> <span class='ocrx_word' id='word_1_415' title='bbox 2368 3725 2511 3790; x_wconf 90' lang='lat' dir='ltr'><strong>orbi</strong></span> <span class='ocrx_word' id='word_1_416' title='bbox 2556 3735 2727 3790; x_wconf 89' lang='lat' dir='ltr'><strong>terre</strong></span> <span class='ocrx_word' id='word_1_417' title='bbox 2763 3746 2779 3789; x_wconf 79' lang='lat' dir='ltr'><strong><em>z</em></strong></span> <span class='ocrx_word' id='word_1_418' title='bbox 2824 3725 2996 3788; x_wconf 91' lang='lat' dir='ltr'><strong>vidit</strong></span> <span class='ocrx_word' id='word_1_419' title='bbox 3024 3735 3093 3787; x_wconf 90' lang='lat' dir='ltr'><strong>et</strong></span> 
     </span>
     <span class='ocr_line' id='line_1_87' title="bbox 1886 3813 3094 3881; baseline -0.002 -3"><span class='ocrx_word' id='word_1_420' title='bbox 1886 3826 2229 3881; x_wconf 89' lang='lat' dir='ltr'><strong>commota</strong></span> <span class='ocrx_word' id='word_1_421' title='bbox 2260 3824 2363 3880; x_wconf 87' lang='lat' dir='ltr'><strong>est</strong></span> <span class='ocrx_word' id='word_1_422' title='bbox 2407 3825 2601 3878; x_wconf 87' lang='lat' dir='ltr'><strong>terra.</strong></span> <span class='ocrx_word' id='word_1_423' title='bbox 2690 3813 2976 3876; x_wconf 89' lang='lat' dir='ltr'><strong>Montes</strong></span> <span class='ocrx_word' id='word_1_424' title='bbox 3010 3815 3094 3877; x_wconf 85' lang='lat' dir='ltr'><strong>si·</strong></span> 
     </span>
     <span class='ocr_line' id='line_1_88' title="bbox 1886 3903 3097 3969; baseline -0.002 -1"><span class='ocrx_word' id='word_1_425' title='bbox 1886 3914 2001 3969; x_wconf 89' lang='lat' dir='ltr'><strong>cut</strong></span> <span class='ocrx_word' id='word_1_426' title='bbox 2029 3924 2184 3968; x_wconf 90' lang='lat' dir='ltr'><strong>cera</strong></span> <span class='ocrx_word' id='word_1_427' title='bbox 2215 3904 2559 3968; x_wconf 84' lang='lat' dir='ltr'><strong>fluxerunt</strong></span> <span class='ocrx_word' id='word_1_428' title='bbox 2590 3923 2631 3966; x_wconf 91' lang='lat' dir='ltr'><strong>a</strong></span> <span class='ocrx_word' id='word_1_429' title='bbox 2674 3903 2844 3966; x_wconf 87' lang='lat' dir='ltr'><strong>facie</strong></span> <span class='ocrx_word' id='word_1_430' title='bbox 2878 3903 3097 3965; x_wconf 88' lang='lat' dir='ltr'><strong>domi·</strong></span> 
     </span>
     <span class='ocr_line' id='line_1_89' title="bbox 1886 3991 3099 4058; baseline 0 -2"><span class='ocrx_word' id='word_1_431' title='bbox 1886 3994 1999 4058; x_wconf 90' lang='lat' dir='ltr'><strong>ni:</strong></span> <span class='ocrx_word' id='word_1_432' title='bbox 2047 4014 2089 4057; x_wconf 96' lang='lat' dir='ltr'><strong>a</strong></span> <span class='ocrx_word' id='word_1_433' title='bbox 2119 3992 2289 4057; x_wconf 84' lang='lat' dir='ltr'><strong>facie</strong></span> <span class='ocrx_word' id='word_1_434' title='bbox 2332 3991 2589 4056; x_wconf 87' lang='lat' dir='ltr'><strong>domini</strong></span> <span class='ocrx_word' id='word_1_435' title='bbox 2636 3991 2855 4054; x_wconf 87' lang='lat' dir='ltr'><strong>omnis</strong></span> <span class='ocrx_word' id='word_1_436' title='bbox 2902 4001 3099 4056; x_wconf 85' lang='lat' dir='ltr'><strong>terra.</strong></span> 
     </span>
     <span class='ocr_line' id='line_1_90' title="bbox 1884 4079 3101 4160; baseline -0.002 -14"><span class='ocrx_word' id='word_1_437' title='bbox 1884 4082 2488 4146; x_wconf 86' lang='lat' dir='ltr'><strong>Annunciaverunt</strong></span> <span class='ocrx_word' id='word_1_438' title='bbox 2570 4079 2693 4143; x_wconf 92' lang='lat' dir='ltr'><strong>celi</strong></span> <span class='ocrx_word' id='word_1_439' title='bbox 2764 4079 3101 4160; x_wconf 84' lang='lat' dir='ltr'><strong>justitiam</strong></span> 
     </span>
    </p>
   </div>
   <div class='ocr_carea' id='block_1_7' title="bbox 2092 4253 2882 4585">
    <p class='ocr_par' dir='ltr' id='par_1_14' title="bbox 2092 4253 2600 4304">
     <span class='ocr_line' id='line_1_91' title="bbox 2092 4253 2600 4304; baseline -0.004 0"><span class='ocrx_word' id='word_1_440' title='bbox 2092 4259 2113 4288; x_wconf 85' lang='lat'>⁸</span> <span class='ocrx_word' id='word_1_441' title='bbox 2154 4255 2267 4304; x_wconf 86' lang='lat' dir='ltr'><strong>‘hi’</strong></span> <span class='ocrx_word' id='word_1_442' title='bbox 2294 4255 2430 4304; x_wconf 84' lang='lat' dir='ltr'><strong>add:</strong></span> <span class='ocrx_word' id='word_1_443' title='bbox 2466 4253 2600 4303; x_wconf 86' lang='lat' dir='ltr'><strong>E.G.</strong></span> 
     </span>
    </p>

    <p class='ocr_par' dir='ltr' id='par_1_15' title="bbox 2092 4319 2626 4371">
     <span class='ocr_line' id='line_1_92' title="bbox 2092 4319 2626 4371; baseline -0.006 0"><span class='ocrx_word' id='word_1_444' title='bbox 2092 4324 2113 4352; x_wconf 81' lang='lat'>⁸</span> <span class='ocrx_word' id='word_1_445' title='bbox 2146 4321 2419 4371; x_wconf 85' lang='lat' dir='ltr'><strong>introibunt</strong></span> <span class='ocrx_word' id='word_1_446' title='bbox 2446 4338 2459 4370; x_wconf 92' lang='lat'>:</span> <span class='ocrx_word' id='word_1_447' title='bbox 2494 4319 2626 4369; x_wconf 87' lang='lat' dir='ltr'><strong>E.G.</strong></span> 
     </span>
    </p>

    <p class='ocr_par' dir='ltr' id='par_1_16' title="bbox 2096 4385 2882 4585">
     <span class='ocr_line' id='line_1_93' title="bbox 2096 4385 2882 4519; baseline -0.003 -17"><span class='ocrx_word' id='word_1_448' title='bbox 2096 4392 2225 4519; x_wconf 61' lang='lat'><strong>2¹2⁴}</strong></span> <span class='ocrx_word' id='word_1_449' title='bbox 2246 4397 2365 4516; x_wconf 61' lang='lat'><strong><em>⁹35..</em></strong></span> <span class='ocrx_word' id='word_1_450' title='bbox 2378 4386 2540 4503; x_wconf 55' lang='lat' dir='ltr'><strong>‘ig-‚Ga</strong></span> <span class='ocrx_word' id='word_1_451' title='bbox 2588 4401 2744 4517; x_wconf 54' lang='lat'><strong>‘3723</strong></span> <span class='ocrx_word' id='word_1_452' title='bbox 2764 4385 2882 4501; x_wconf 50' lang='lat' dir='ltr'><strong>fs.</strong></span> 
     </span>
     <span class='ocr_line' id='line_1_94' title="bbox 2098 4519 2504 4585; baseline -0.002 -16"><span class='ocrx_word' id='word_1_453' title='bbox 2098 4523 2117 4552; x_wconf 79' lang='lat'><strong>⁹</strong></span> <span class='ocrx_word' id='word_1_454' title='bbox 2152 4519 2383 4585; x_wconf 82' lang='lat' dir='ltr'><strong>precedet</strong></span> <span class='ocrx_word' id='word_1_455' title='bbox 2452 4519 2504 4569; x_wconf 90' lang='lat' dir='ltr'><strong>S.</strong></span> 
     </span>
    </p>
   </div>
  </div>
 </body>
</html>
