3375 5100
1468 264 1728 321 FERJA
1784 266 2104 339 ρωΝΤΑ

1112 374 1249 433 821

584 485 809 551 altera.
856 482 1227 548 Narrantes
1246 482 1479 549 laudes
1492 484 1511 523 ¹
1532 482 1790 547 domini

584 585 653 639 et
712 576 988 637 virtutes
1062 572 1256 655 ejus:
1332 582 1400 635 et
1463 571 1792 635 mirabilia

582 664 725 747 ejus
756 682 887 746 que
917 662 1091 726 fecit.
1158 660 1253 724 Et
1284 660 1628 725 suscitavit
1658 670 1790 724 tes-

584 753 937 817 timonium
1000 752 1063 813 in
1122 748 1368 831 jacob:
1442 757 1513 813 et
1572 749 1790 831 legem

584 840 807 923 posuit
868 840 935 901 in
982 836 1191 901 israel.
1286 836 1550 917 Quanta
1600 857 1790 901 man-

584 928 769 993 davit
800 926 1099 1011 patribus
1130 928 1371 990 nostris
1396 936 1555 989 nota
1573 924 1792 990 facere

583 1038 665 1082 ea
696 1016 844 1080 filiis
874 1016 1009 1080 suis
1038 1037 1053 1081 :
1100 1024 1175 1079 ut
1198 1023 1557 1097 cognoscat
1586 1034 1791 1097 gene-

585 1106 754 1170 ratio
785 1105 1009 1169 altera.
1091 1102 1257 1167 Filii
1289 1104 1402 1186 qui
1436 1113 1790 1167 nascentur

585 1204 653 1258 et
714 1201 1097 1275 exurgent:
1172 1190 1575 1256 enarrabunt
1634 1190 1790 1255 filiis

584 1282 735 1347 suis,
840 1282 932 1347 Ut
992 1290 1249 1363 ponant
1298 1280 1364 1343 in
1420 1281 1549 1345 deo
1596 1300 1785 1363 spem

586 1390 815 1435 suam:
860 1378 931 1433 et
962 1388 1095 1432 non
1128 1368 1602 1432 obliviscantur
1629 1389 1790 1452 ope-

587 1480 733 1523 rum
782 1458 935 1522 dei:
988 1466 1057 1520 et
1106 1458 1425 1520 mandata
1472 1457 1615 1540 ejus
1667 1477 1788 1521 ex-

584 1548 869 1631 quirant.
959 1545 1072 1609 Ne
1126 1544 1289 1609 fiant
1340 1547 1513 1610 sicut
1564 1554 1790 1629 patres

584 1656 858 1701 eorum:
910 1634 1253 1719 generatio
1302 1654 1507 1717 prava
1551 1644 1621 1698 et
1665 1655 1789 1699 ex-

584 1744 915 1807 asperans
1028 1722 1384 1788 Generatio
1458 1743 1589 1805 que
1652 1743 1790 1787 non

584 1814 831 1878 direxit
884 1832 998 1877 cor
1053 1831 1293 1875 suum:
1361 1819 1432 1875 et
1491 1831 1627 1875 non
1688 1822 1791 1875 est

582 1902 872 1967 creditus
922 1920 1077 1965 cum
1129 1900 1261 1963 deo
1310 1900 1579 1982 spiritus
1626 1900 1790 1981 ejus,

584 1991 747 2055 Filii
794 1990 1022 2054 effrem
1070 1988 1492 2052 intendentes
1536 1996 1606 2052 et
1637 1990 1790 2051 mit-

587 2088 804 2143 tentes
852 2099 1117 2142 arcum:
1164 2078 1463 2141 conversi
1516 2086 1673 2140 sunt
1721 2078 1788 2139 in

584 2170 695 2231 die
725 2167 897 2231 belli.
975 2167 1139 2230 Non
1171 2166 1626 2229 custodierunt
1657 2174 1792 2229 tes-

587 2265 961 2320 tamentum
1016 2254 1163 2319 dei:
1215 2263 1282 2317 et
1331 2256 1395 2317 in
1450 2254 1597 2336 lege
1644 2254 1789 2336 ejus

586 2344 940 2408 noluerunt
1001 2342 1358 2406 ambulare.
1452 2342 1547 2406 Et
1598 2341 1791 2405 obliti

586 2444 743 2497 sunt
774 2431 1280 2496 beneficiorum²
1310 2430 1493 2513 ejus:
1547 2439 1616 2495 et
1667 2432 1790 2494 rni-

586 2521 895 2587 rabilium
946 2520 1090 2602 ejus
1137 2540 1268 2603 que
1330 2520 1622 2584 ostendit
1676 2522 1790 2586 eis,

592 2612 829 2678 Coram
865 2610 1162 2693 patribus
1208 2629 1434 2673 eorum
1478 2607 1633 2673 fecit
1666 2609 1792 2672 mi-

587 2700 818 2763 rabilia
850 2700 914 2762 in
936 2708 1109 2762 terra
1140 2699 1368 2782 egypti
1394 2720 1409 2762 :
1458 2699 1525 2761 in
1549 2718 1792 2780 campo

588 2789 883 2852 thaneos,
939 2786 1304 2868 Interrupit
1335 2806 1516 2849 mare
1546 2795 1614 2850 et
1644 2807 1792 2869 per-

587 2877 787 2942 duxit
817 2897 931 2940 eos
960 2897 973 2940 :
1006 2885 1075 2938 et
1096 2876 1331 2938 statuit
1361 2894 1569 2956 aquas
1600 2877 1792 2957 quasi

588 2968 655 3029 in
688 2975 850 3028 utre.
925 2963 1023 3027 Et
1051 2963 1336 3027 deduxit
1366 2983 1482 3027 eos
1514 2965 1579 3027 in
1614 2965 1794 3028 nube

587 3054 757 3118 diei:
803 3062 873 3117 et
916 3062 1062 3116 tota
1106 3061 1300 3116 nocte
1347 3053 1414 3115 in
1460 3052 1790 3116 illumina-

587 3145 771 3207 tione
829 3142 1017 3225 igniS.
1106 3141 1471 3223 Interrupit
1532 3151 1794 3224 petram

589 3235 657 3295 in
736 3231 1047 3295 heremo:
1110 3238 1178 3292 et
1256 3229 1615 3312 adaquavit
1675 3250 1793 3293 eos

585 3320 771 3385 velut
802 3321 866 3383 in
892 3320 1136 3400 abysso
1168 3317 1393 3381 multa.
1440 3317 1535 3381 Et
1554 3318 1794 3382 eduxit

590 3429 831 3492 aquarn
858 3408 942 3471 de
966 3415 1191 3489 petra:
1224 3416 1291 3470 et
1314 3407 1794 3471 deduxit³tan-

590 3518 793 3581 quam
827 3497 1103 3561 flumina
1148 3515 1372 3576 aquas
1448 3494 1546 3558 Et
1581 3516 1794 3579 appo-

589 3595 863 3651 suerunt
924 3584 1141 3649 adhuc
1200 3603 1474 3667 peccare
1534 3585 1645 3648 ei:
1725 3586 1791 3648 in

590 3678 755 3738 iram
796 3675 1292 3738 concitaverunt
1337 3671 1675 3736 excelsum
1725 3673 1792 3736 in

590 3765 929 3847 inaquoso.
1009 3761 1107 3825 Et
1135 3768 1558 3824 tentaverunt
1589 3763 1790 3825 deum

591 3855 658 3916 in
721 3852 1027 3917 cordibus
1096 3851 1278 3914 suis:
1356 3858 1429 3914 ut
1488 3859 1793 3932 peterent

590 3961 776 4005 escas
836 3939 1185 4004 animabus
1234 3939 1384 4002 suis.
1474 3939 1569 4001 Et
1619 3938 1794 4003 male

593 4030 795 4094 locuti
856 4037 1013 4093 sunt
1072 4027 1155 4090 de
1224 4028 1403 4092 deo:
1482 4028 1793 4092 dixerunt

592 4119 892 4201 nunquid
985 4117 1229 4200 poterit
1306 4118 1470 4182 deus
1561 4136 1796 4199 parare

594 4228 893 4271 mensam
944 4205 1009 4268 in
1044 4205 1322 4270 deserto.
1419 4204 1794 4283 Quoniam⁴

792 4370 805 4400 ¹
842 4367 1075 4417 laudem:
1112 4365 1245 4416 E.G.

789 4437 811 4466 ²
844 4433 1213 4483 benefactorum
1240 4449 1250 4480 :
1288 4430 1423 4480 E.G.

790 4503 811 4531 ⁸
844 4499 1049 4550 eduxit:
1086 4499 1216 4547 E.G.

1823 4501 1843 4529 ⁰
1875 4499 2133 4563 aphricum
2155 4516 2168 4548 =
2205 4499 2269 4549 G.

2407 375 2572 434 822

1889 484 2214 567 percussit
2287 492 2554 567 petram
2637 492 2720 549 et
2793 482 3160 547 fluxerunt

1887 592 2100 655 aque:
2133 583 2200 636 et
2231 582 2564 637 torrentes
2595 574 3156 637 inundaverunt.

1889 660 2216 743 Nunquid
2249 672 2316 724 et
2349 682 2598 744 panem
2637 664 2926 745 poterit
2959 664 3158 725 dare:

1889 758 2006 813 aut
2037 770 2270 832 parare
2317 770 2630 813 mensam
2683 752 2982 833 populo
3021 772 3152 813 suo.

1888 838 2060 902 Ideo
2090 839 2344 901 audivit
2373 839 2704 902 dominus
2723 850 2806 903 et
2843 840 3148 903 distulit:

1889 935 1959 990 et
1989 928 2162 1009 ignis
2191 946 2508 990 accensus
2527 936 2638 990 est
2673 928 2748 990 in
2779 928 3058 1009 jacob:
3089 940 3148 989 et

1887 1015 1985 1078 ira
2013 1016 2120 1079 dei
2147 1016 2172 1053 ⁵
2203 1017 2504 1079 ascendit
2535 1017 2604 1079 in
2643 1017 2896 1081 israel.
2977 1016 3144 1095 Quia

1889 1122 2024 1167 non
2099 1104 2524 1167 crediderunt
2585 1106 2660 1167 in
2729 1106 2886 1168 deo
2924 1128 2944 1169 :
3029 1126 3140 1168 nec

1887 1202 2319 1275 speraverunt
2351 1194 2416 1254 in
2447 1192 2740 1256 salutari
2777 1194 2966 1275 ejus.
3051 1195 3136 1257 Et

1889 1281 2234 1345 mandavit
2292 1280 2584 1345 nubibus
2643 1282 3031 1364 desuper:
3079 1294 3136 1345 et

1882 1368 2124 1450 januas
2181 1369 2304 1433 celi
2381 1370 2664 1450 aperuit.
2789 1372 2908 1435 Et
2969 1371 3132 1455 pluit

1889 1457 2018 1521 illis
2063 1478 2310 1521 manna
2369 1457 2456 1521 ad
2507 1459 3132 1524 manducandum:

1889 1557 1958 1610 et
1989 1566 2232 1630 panem
2265 1547 2386 1611 celi
2418 1546 2611 1611 dedit
2641 1548 2768 1612 εἰς.
2863 1550 3130 1613 Panem

1888 1634 2276 1717 angelorum
2339 1637 2792 1701 manducavit
2876 1638 3130 1701 homo:

1887 1724 2135 1789 cibaria
2179 1724 2361 1787 misit
2404 1725 2501 1787 eis
2550 1725 2621 1787 in
2671 1726 3130 1790 abundantia.

1899 1811 2261 1875 Transtulit
2305 1822 2604 1876 austrum
2661 1814 2760 1877 de
2821 1816 3028 1880 celo:
3071 1828 3130 1877 et

1887 1900 2156 1964 induxit
2186 1900 2253 1963 in
2295 1903 2540 1964 virtute
2582 1921 2716 1965 sua
2765 1904 3130 1967 affricam}

1887 1989 1986 2052 Et
2033 1990 2202 2073 pluit
2247 2010 2445 2072 super
2491 2010 2610 2053 eos
2651 1991 2848 2055 sicut
2901 1994 3124 2076 pulve-

1887 2098 2026 2141 rem
2103 2098 2384 2143 carnes:
2460 2088 2530 2141 et
2591 2080 2778 2143 sicut
2847 2100 3122 2145 arenam

1891 2167 2091 2230 maris
2121 2166 2416 2231 volatilia
2457 2177 2784 2249 pennata.
2893 2171 3000 2233 Et
3029 2192 3122 2233 ce·

1889 2255 2190 2320 ciderunt
2220 2256 2287 2318 in
2321 2255 2546 2318 medio
2583 2266 2988 2321 castrorum
3019 2280 3122 2321 eo-

1887 2364 2078 2408 rum:
2141 2344 2314 2407 circa
2365 2343 2814 2409 tabernacula
2869 2368 3116 2410 eorum.

1888 2432 1984 2496 Et
2046 2432 2618 2497 manducaverunt
2685 2442 2764 2495 et
2831 2436 3114 2499 saturati

1889 2530 2045 2585 sunt
2097 2522 2337 2586 nimis:
2397 2530 2468 2586 et
2527 2521 2960 2588 desiderium
3015 2546 3112 2588 eo-

1889 2630 2035 2673 rum
2069 2611 2296 2674 attulit
2325 2611 2420 2674 eis
2451 2630 2584 2673 non
2618 2622 2787 2675 sunt
2819 2613 3110 2678 fraudati

1886 2720 1927 2763 a
1987 2699 2316 2762 desiderio
2374 2719 2512 2763 suo.
2624 2700 2902 2766 Adhuc
2965 2723 3104 2766 esce

1888 2807 2118 2851 eorum
2149 2797 2340 2852 erant
2381 2789 2448 2851 in
2478 2807 2590 2851 ore
2639 2789 3005 2870 ipsorum:
3047 2802 3106 2853 et

1890 2877 1985 2940 ira
2032 2877 2140 2940 dei
2188 2877 2487 2940 ascendit
2531 2896 2738 2959 super
2783 2898 2932 2942 eos.
3021 2879 3104 2942 Et

1889 2965 2133 3029 occidit
2163 2965 2444 3048 pingues
2487 2985 2772 3029 eorum:
2821 2976 2900 3030 et
2949 2969 3100 3032 elec-

1890 3062 1997 3116 tos
2029 3053 2219 3117 israel
2253 3054 2612 3136 impedivit.
2664 3053 2754 3116 In
2790 3058 3098 3119 omnibus

1889 3142 1992 3205 his
2045 3151 2486 3225 peccaverunt
2533 3141 2798 3206 adhuc:
2845 3154 2926 3208 et
2978 3165 3096 3208 non

1888 3232 2311 3295 crediderunt
2359 3232 2428 3294 in
2474 3230 2900 3296 mirabilibus
2951 3234 3097 3315 ejus

1885 3320 1985 3383 Et
2037 3319 2420 3383 defecerunt
2475 3321 2541 3382 in
2595 3321 2908 3384 vanitate
2967 3325 3096 3385 dies

1889 3428 2117 3471 eorum
2149 3430 2164 3474 :
2211 3416 2281 3472 et
2312 3409 2466 3471 anni
2513 3427 2744 3472 eorum
2785 3429 2950 3474 curn
2981 3409 3093 3474 ses·

1889 3497 2232 3561 tinatione.
2353 3497 2517 3562 Cum
2585 3497 2933 3562 occideret
2989 3521 3094 3563 eos

1891 3586 2257 3668 querebant
2305 3605 2504 3650 eum:
2567 3595 2636 3648 et
2677 3588 3093 3651 reverteban-

1891 3683 2000 3738 tur
2029 3684 2097 3738 et
2121 3673 2410 3738 diluculo
2428 3673 2788 3738 veniebant
2813 3677 2904 3738 ad
2931 3697 3094 3741 eum.

1891 3763 1991 3826 Et
2053 3763 2471 3826 rememorati
2521 3769 2676 3825 sunt
2725 3765 2888 3845 quia
2939 3767 3094 3828 deus

1892 3851 2161 3933 adjutor
2203 3862 2306 3915 est
2351 3871 2618 3915 eorum:
2665 3860 2736 3913 et
2766 3852 2940 3917 deus
2983 3875 3094 3918 ex-

1892 3939 2105 4003 celsus
2138 3939 2514 4004 redemtor⁷
2545 3958 2774 4003 eorum
2809 3950 2931 4004 est.
3003 3943 3092 4006 Et

1892 4028 2271 4092 dilexerunt
2325 4048 2478 4091 eum
2529 4029 2596 4091 in
2639 4048 2754 4090 ore
2805 4049 2973 4096 suo:
3027 4043 3092 4096 et

1890 4115 2119 4200 lingua
2149 4137 2268 4181 sua
2299 4117 2560 4181 mentiti
2607 4126 2766 4180 sunt
2797 4119 2879 4182 ei.
2973 4119 3092 4185 Cor

1890 4216 2114 4270 autem
2176 4226 2403 4271 eorum
2456 4225 2589 4268 non
2645 4215 2790 4270 erat
2845 4217 3086 4274 rectum

1883 4382 1975 4431 pro
2003 4371 2019 4395 ⁴
2043 4366 2289 4427 Quoniam
2307 4365 2320 4390 '
2353 4365 2446 4426 Qui
2469 4385 2482 4415 :
2518 4365 2651 4416 E.G.

1886 4435 1900 4459 ‘
1918 4433 1999 4482 dei
2019 4433 2032 4456 '
2057 4449 2156 4483 om.
2185 4449 2198 4484 :
2234 4432 2450 4484 G.W.S.

2387 4503 2406 4528 ⁷
2440 4497 2768 4562 redemptor:
2804 4499 3070 4553 E.G.w.s.

3225 340 3229 484 j
