3375 5100
1276 331 1597 391 DOMINI
1594 332 1694 391 CA
1747 332 1966 391 RoGA
1981 336 2034 389 T
2024 334 2176 390 Jolv
2181 334 2317 389 UM.

1076 442 1203 496 471

550 548 632 611 de
645 548 817 629 festo
837 570 862 611 .·
903 546 1099 611 etiam
1154 547 1225 611 in
1269 546 1591 611 dominica
1610 570 1636 611 .·
1680 557 1742 612 et

2349 439 2496 495 472

1832 558 1938 612 etc.
1969 548 2163 613 ctiam
2191 546 2272 611 de
2293 548 2640 629 confessore
2657 569 2681 611 .·
2727 546 2864 613 nisi
2901 548 3024 613 du-

552 636 861 699 memoria
887 634 968 698 de
994 636 1349 699 ascensione
1372 635 1571 700 etiam
1601 646 1739 701 tam
1820 637 1978 718 plex
2014 635 2237 718 ficerit
2273 636 2412 718 ejus
2437 634 2690 716 festum
2739 645 2844 699 etc.
2889 657 3025 699 om-

553 724 887 807 inprimis
914 724 1187 807 vesperis
1202 745 1398 807 quam
1428 724 1497 787 in
1524 744 1738 787 secun-

552 812 661 876 dis
687 814 767 875 de
807 823 1025 876 sancto
1050 811 1357 877 dicantur
1397 812 1741 894 antiphone

549 911 614 965 et
645 900 899 983 psalmi
952 901 1033 963 de
1086 900 1454 964 ascensione.
1506 900 1744 965 scilicet

551 990 693 1053 Viri
726 988 977 1053 Galilei.
1004 998 1109 1052 etc.
1140 1010 1337 1071 usque
1382 989 1479 1053 ad
1496 989 1738 1069 capitu-

552 1076 691 1139 lum
714 1077 890 1158 quod
910 1078 1038 1141 erit
1062 1077 1143 1140 de
1172 1076 1351 1158 sesto
1396 1077 1485 1140 ix.
1531 1076 1738 1139 lectio-

554 1184 710 1228 num
738 1164 967 1229 sicuti¹
1000 1164 1185 1245 infra
1212 1173 1466 1229 octavas
1495 1164 1736 1228 nativi·

553 1252 713 1315 tatis
760 1252 1013 1316 domini
1058 1253 1363 1316 dicuntur
1403 1252 1739 1335 antiphone

550 1350 614 1403 et
656 1341 907 1422 psalmi
962 1341 1040 1403 de
1098 1341 1439 1405 nativitate
1486 1339 1734 1405 scilicet.

552 1428 807 1492 Tecum
863 1428 1273 1511 principium.
1378 1449 1577 1511 usque
1645 1430 1744 1491 ad

546 1517 903 1597 capitulum
931 1517 1013 1579 de
1036 1518 1210 1599 festo
1254 1517 1337 1581 ix.
1384 1517 1732 1582 lectionum.

551 1604 792 1667 Eodem
824 1606 1006 1668 modo
1034 1610 1228 1668 etiam
1256 1605 1397 1688 fiat
1439 1606 1511 1669 in
1538 1605 1737 1687 festis

549 1693 973 1773 apostolorum
1016 1693 1296 1777 philippi
1348 1702 1412 1757 et
1468 1693 1690 1776 jacobi
1711 1716 1737 1757 .·

550 1781 764 1844 sancti
812 1780 1130 1863 johannis
1172 1782 1534 1846 Beverlacti
1555 1805 1579 1845 .·
1621 1792 1682 1845 et
1710 1782 1734 1819 ²

548 1869 760 1933 sancti
776 1869 1069 1933 willelmi
1084 1893 1109 1933 .·
1136 1870 1279 1935 licet
1302 1870 1437 1934 sint
1456 1870 1736 1953 duplicia

550 1957 617 2020 si
644 1958 831 2039 infra
859 1958 1067 2021 dictas
1094 1969 1347 2022 octavas
1397 1959 1734 2023 evenerint.

551 2046 652 2109 Et
677 2046 741 2109 si
768 2046 953 2128 infra
979 2046 1185 2111 dictas
1231 2057 1488 2110 octavas
1513 2047 1738 2129 hujus-

554 2134 734 2197 modi
736 2136 918 2215 festa
948 2137 1267 2199 evenerint
1286 2159 1312 2199 .·
1339 2147 1491 2198 tunc
1514 2136 1736 2199 dican-

554 2231 669 2285 tur
744 2223 1169 2305 Responsoria
1246 2223 1589 2305 antiphone
1678 2232 1742 2287 et

538 2311 790 2393 psalmi
813 2312 1067 2395 quando
1095 2312 1173 2375 de
1198 2312 1554 2376 ascensione
1578 2312 1740 2375 dici-

555 2409 671 2462 tur
695 2420 814 2481 que
842 2420 965 2463 non
998 2401 1261 2481 suerint
1288 2400 1483 2481 prius
1510 2400 1685 2462 dicta
1709 2423 1735 2464 .·

556 2487 652 2550 ita
680 2487 855 2570 quod
888 2488 1107 2552 omnia
1148 2488 1451 2553 dicantur
1490 2489 1557 2552 si
1576 2488 1744 2573 fleri

540 2585 761 2658 potest.
898 2575 1134 2642 Octavo
1192 2597 1337 2640 vero
1379 2578 1486 2640 die
1533 2587 1737 2640 totum

537 2663 678 2746 fiat
701 2665 782 2727 de
817 2665 1173 2728 ascensione
1195 2666 1336 2728 sive
1358 2665 1592 2748 duplex
1593 2667 1735 2746 fes-

554 2761 694 2814 tum
752 2752 890 2814 sive
943 2753 1217 2834 simplex
1269 2754 1354 2818 ix.
1403 2754 1736 2817 lectionum

550 2840 830 2902 evenerit
851 2863 875 2902 .·
914 2850 980 2902 et
1004 2841 1355 2922 differatur
1381 2842 1630 2923 festum
1662 2843 1734 2906 in

548 2927 905 2990 crastinum
924 2952 949 2992 .·
994 2930 1091 2993 ita
1138 2939 1349 2992 tamen
1390 2930 1563 3014 quod
1602 2951 1736 2993 ves-

536 3025 694 3096 pere
722 3017 853 3097 ipso
899 3017 1006 3080 die
1058 3026 1272 3081 octavo
1308 3019 1614 3082 dicantur
1658 3019 1739 3082 de

546 3113 763 3166 sancto
782 3127 806 3168 .·
858 3105 1027 3168 sicut
1077 3105 1440 3170 dicerentur
1489 3107 1555 3172 si
1610 3109 1738 3171 tale

533 3191 787 3273 festum
873 3194 943 3256 in
1022 3194 1300 3258 crastino
1354 3195 1690 3278 contigerit
1710 3218 1736 3259 .-

533 3290 735 3363 prout
785 3281 971 3361 infra
1029 3292 1295 3346 notatur
1309 3305 1334 3346 .·
1420 3284 1737 3366 excipitur

548 3378 763 3432 tamen
819 3369 1073 3451 festum
1161 3371 1373 3435 sancti
1441 3372 1735 3436 willelmi

544 3457 720 3540 quod
740 3477 865 3521 non
894 3458 1203 3539 differtur
1215 3459 1281 3522 si
1294 3460 1391 3523 sic
1414 3460 1690 3523 evenerit
1707 3483 1732 3524 .-

543 3565 667 3628 quo
694 3547 789 3609 sic
814 3548 1127 3611 eveniente
1176 3547 1557 3629 anticipetur
1596 3569 1727 3611 ser-

1838 725 1953 788 nia
2024 724 2415 789 alleluiatice.
2547 724 2632 787 In
2729 724 3024 788 secundis

1838 813 2112 894 vesperis
2180 822 2288 876 an.
2377 812 2518 876 Viri
2589 812 2829 893 galilei.
2913 822 3020 894 pf.

1839 901 2036 965 Dixit
2107 901 2416 964 dominus
2502 901 2776 964 domino
2849 920 3019 965 mee.

1837 990 2010 1053 sede.
2102 990 2187 1053 In
2233 989 2554 1052 dominica
2595 1008 2744 1053 vero
2769 1008 2912 1051 cum
2923 989 3023 1070 fit

1835 1079 1915 1140 de
1907 1078 2086 1160 sesto
2103 1098 2324 1141 novem
2341 1076 2674 1141 lectionum
2688 1077 2712 1113 ⁴
2728 1076 3026 1140 :dicatur

1835 1167 2144 1229 memoria
2171 1166 2250 1228 de
2275 1164 2628 1229 ascensione
2653 1165 2723 1227 in
2755 1166 3022 1227 matuti-

1836 1254 1942 1317 nis
2005 1264 2068 1317 et
2137 1254 2430 1317 secundis
2515 1253 2790 1335 vesperis
2873 1274 3022 1316 cum

1834 1342 2204 1423 antiphonis
2251 1342 2418 1407 Cum
2463 1341 2714 1405 venerit
2745 1340 3020 1423 paracli-

1835 1440 1942 1493 tus
1971 1431 2072 1493 et⁶
2143 1430 2290 1494 Hec
2322 1430 2578 1493 locutus
2607 1449 2752 1493 sum
2783 1438 2846 1491 et
2872 1450 3019 1491 ora-

1835 1518 2006 1581 tione
2089 1518 2532 1601 Omnipotens
2619 1518 3019 1598 sempiterne

1833 1606 2036 1671 deus:
2083 1608 2240 1687 quia
2273 1606 2468 1689 quasi
2519 1604 2601 1669 de
2665 1605 3023 1669 ascensione

1829 1704 2000 1759 sunt.

1837 1788 1900 1861 1
1945 1782 2110 1845 Item
2133 1783 2198 1845 si
2221 1783 2474 1864 festum
2502 1781 2640 1866 fiat
2684 1781 2754 1845 in
2813 1781 3018 1845 domi-

1835 1870 1980 1935 nica
1992 1894 2017 1935 .·
2057 1872 2362 1952 expositio
2403 1868 2812 1936 dominicalis
2857 1870 3017 1951 lege·

1834 1969 1949 2023 tur
1991 1960 2064 2023 in
2119 1960 2228 2023 die
2267 1960 2416 2022 lune
2459 1980 2602 2022 cum
2645 1958 3017 2040 antiphonis

1832 2057 1896 2110 et
1911 2048 2351 2129 Responsoriis
2365 2048 2462 2110 ad
2468 2047 2722 2129 ,seriam
2737 2056 3018 2128 spectan-

1837 2136 2008 2199 tibus
2061 2136 2296 2199 scilicet
2341 2136 2418 2199 de
2466 2136 2830 2199 ascensione.
2918 2136 3022 2199 Et

1833 2223 2106 2305 capitulo
2131 2224 2379 2288 Estote.
2410 2233 2474 2287 et
2496 2223 2780 2286 oratione
2807 2224 3017 2286 omni-

1836 2322 2070 2395 potens
2099 2314 2496 2395 sempiterne
2516 2314 2678 2375 deus
2693 2310 2790 2375 ad
2803 2320 3019 2375 matu-

1835 2400 2014 2464 tinas
2040 2410 2102 2464 et
2124 2401 2220 2463 ad
2241 2411 2530 2482 vesperas
2549 2422 2573 2463 .·
2598 2410 2664 2463 et
2689 2398 2758 2461 in
2803 2420 3018 2463 secun-

1835 2488 1940 2554 dis
1962 2490 2233 2571 vesperis
2259 2490 2338 2552 de
2360 2498 2616 2553 sancto:
2660 2488 2787 2552 erit
2827 2497 3020 2569 super

1820 2578 2110 2661 psalmos
2172 2579 2521 2660 antiphona
2583 2578 2724 2641 Viri
2777 2577 3012 2658 galilei.

1821 2675 1922 2748 ps.
2013 2667 2208 2730 Dixit
2281 2667 2602 2730 dominus,
2741 2665 3018 2744 Quando

1835 2764 2048 2818 autem
2077 2755 2155 2817 de
2181 2755 2500 2818 dominica
2541 2753 2771 2835 agitur
2825 2753 3018 2835 Capi-

1834 2843 2045 2906 tulum
2091 2844 2328 2907 Estote
2359 2852 2612 2906 tantum
2654 2841 2899 2906 dicitur
2923 2841 3026 2904 ad

1833 2931 2192 2994 matutinas
2218 2941 2281 2995 et
2320 2931 2416 2994 ad
2431 2941 2730 3012 vesperas.
2827 2929 3018 3012 Capi-

1835 3019 2041 3082 tulum
2115 3030 2330 3083 autem
2387 3020 2676 3082 Primum
2724 3019 3013 3100 quidem.

1829 3117 1934 3171 etc.
1986 3107 2082 3170 ad
2103 3108 2275 3172 alias
2314 3108 2510 3172 horas
2550 3125 2694 3170 cum
2735 3107 3020 3171 oratione

1833 3195 2155 3260 Concede.

1833 3288 1898 3362 {1
1922 3283 2009 3347 Si
2024 3283 2277 3365 festum
2307 3283 2538 3365 duplex
2575 3284 2679 3348 vel
2715 3283 2908 3366 quasi
2928 3282 3011 3346 ix.

1827 3368 2161 3435 lectionum
2221 3372 2292 3436 in
2319 3372 2596 3435 crastino
2641 3381 3014 3436 octavarum

1827 3461 2212 3524 ascensionis
2257 3460 2539 3524 evenerit
2556 3483 2581 3524 .·
2621 3461 2700 3524 de
2725 3481 2790 3523 eo
2805 3459 2930 3543 fiet
2953 3468 3016 3521 et

1829 3549 2138 3612 memoria
2167 3549 2247 3612 de
2271 3548 2628 3612 ascensione
2650 3569 2794 3612 cum
2839 3548 3014 3612 anti-

545 3635 783 3698 vitium
840 3647 1211 3699 octavarum
1233 3659 1257 3700 .·
1326 3645 1388 3699 et
1426 3636 1565 3719 fiat
1624 3635 1733 3699 die
1812 3636 2032 3718 phona
2079 3646 2143 3700 et
2197 3637 2484 3700 oratione
2525 3636 2901 3700 dominicali
2925 3636 3024 3699 ad

544 3723 849 3786 mercurii
874 3723 1262 3804 precedenti:
1306 3735 1367 3788 et
1397 3724 1465 3786 in
1481 3725 1730 3806 primis

540 3811 815 3893 vesperis
860 3811 1165 3876 dicantur
1209 3814 1290 3876 de
1324 3824 1537 3877 sancto
1580 3813 1728 3876 wil-

546 3899 733 3962 lelmo
806 3901 1160 3982 antiphone.
1296 3901 1375 3964 In
1438 3899 1727 3965 willelmi

541 3987 847 4051 laudibus
873 3999 1063 4070 super
1087 3989 1378 4071 psalmos
1406 3989 1679 4071 fim’ales
1703 4013 1728 4054 .-

1827 3726 2186 3788 matutinas
2205 3747 2228 3788 .·
2285 3735 2347 3788 et
2401 3725 2497 3788 ad
2539 3725 2808 3789 missam
2825 3723 2884 3787 ⁶:
2925 3724 3024 3787 ad

1827 3823 2128 3896 vesperas.
2222 3813 2310 3877 Si
2337 3813 2592 3894 festum
2642 3813 2735 3876 sit
2778 3812 3016 3894 duplex

1828 3912 1979 3965 tunc
2021 3902 2090 3964 in
2107 3901 2352 3982 primis
2379 3902 2654 3983 vesperis
2693 3901 2774 3964 de
2797 3911 3014 3965 sancto

1826 3989 2131 4053 dicantur
2201 3991 2539 4072 antiphone
2576 3990 2657 4053 de
2687 3991 2864 4070 festo
2891 3989 3012 4052 du-

538 4085 602 4136 et
606 4075 745 4156 fiat
772 4077 1079 4139 memoria
1107 4079 1187 4139 de
1210 4078 1473 4141 octavis.
1559 4078 1726 4141 Item
1811 4079 1979 4160 plici
2012 4099 2155 4141 cum
2189 4079 2470 4160 psalmis
2506 4078 2861 4159 ferialibus
2885 4100 2910 4141 .·
2954 4087 3017 4140 et

541 4162 727 4243 infra
756 4173 1010 4226 octavas
1066 4165 1447 4229 ascensionis
1472 4167 1728 4248 quando

522 4251 619 4334 fit
638 4251 663 4288 ³
691 4251 771 4314 de
782 4253 954 4332 festo
984 4274 1200 4316 novem
1219 4254 1564 4318 lectionum.
1612 4254 1725 4317 In-

540 4339 921 4402 vitatorium
968 4341 1295 4408 Exultent
1342 4344 1408 4406 in
1453 4343 1726 4406 domino

641 4477 653 4506 ¹
688 4477 814 4524 sicut
827 4492 843 4524 .·
876 4477 947 4526 JV.

640 4545 656 4574 ⁴
698 4548 711 4570 ⁴
727 4551 773 4593 et
796 4543 807 4566 '
833 4543 960 4592 add:
993 4543 1065 4594 N.

1576 4479 1597 4509 ²
1636 4478 1898 4529 ‘et'om..·
1933 4478 2001 4528 Ν.

1588 4549 1606 4577 ⁵
1645 4545 1900 4595 ‘et’0m.:
1933 4545 2003 4595 N.

1825 4166 2130 4230 memoria
2151 4167 2232 4230 de
2247 4178 2469 4230 octava
2484 4166 2880 4230 ascensionis.
2931 4165 2988 4230 S
2989 4165 3020 4228 i

1811 4255 2064 4335 festum
2090 4255 2183 4318 sit
2220 4255 2490 4336 simplex
2529 4255 2722 4339 quasi
2765 4256 2848 4319 ix.
2901 4255 3014 4317 lec-

1827 4343 2074 4406 tionum
2135 4343 2486 4425 incipiatur
2539 4344 2620 4406 de
2663 4353 2880 4407 sancto
2924 4341 3022 4406 ad

2368 4480 2682 4596 'ofi‘i'lii'd
2717 4547 2788 4598 N.
