3375 5100
1018 320 1438 378 DOMINICA
1498 321 1766 378 PRIMA
1826 322 2524 393 QUADRAGESJME

1048 434 1204 487 295

518 540 883 605 admodum
978 538 1309 621 jejunetis,

520 630 699 693 enim
777 627 1283 691 christianorum
1345 626 1728 710 spiritaliter

521 720 744 801 potius
790 732 994 798 quarn
1027 716 1378 779 carnaliter
1408 732 1728 781 exercen-

523 808 614 870 da
656 814 829 869 sunt.
923 804 1125 869 Unde
1155 826 1196 867 a
1226 806 1517 887 peccatis
1546 804 1728 887 prin-

524 893 826 977 cipaliter
869 891 1299 974 jejunemus:
1346 912 1431 957 ne
1474 893 1730 976 jejunia

525 992 755 1047 nostra
798 981 969 1043 sicut
992 980 1347 1063 judeorum
1388 980 1643 1064 jejunia
1686 1002 1729 1045 a

526 1070 803 1135 domino
835 1078 1245 1150 respuantur.
1422 1070 1636 1133 Lectio
1659 1069 1728 1151 ij,

668 1159 813 1222 uale
860 1166 963 1220 est
1003 1157 1329 1240 jejunium
1378 1168 1452 1222 ut
1482 1178 1523 1221 a
1567 1156 1732 1223 cibis

664 1266 833 1329 quos
876 1246 1186 1309 dominus
1230 1248 1477 1310 creavit
1510 1247 1734 1311 nescio

529 1337 681 1417 quis
782 1334 1134 1416 inpostor¹
1198 1334 1583 1401 abstineat:
1663 1342 1734 1399 et

530 1432 957 1508 peccatorum
1033 1422 1267 1505 sagina
1325 1424 1734 1506 pinguescat.

532 1507 690 1577 Non
759 1510 892 1575 tale
962 1508 1284 1592 jejunium
1362 1532 1491 1594 ego
1564 1512 1734 1595 elegi

531 1600 695 1663 dicit
746 1597 1075 1664 dominus,
1173 1600 1352 1664 Nam
1400 1600 1455 1664 si
1508 1598 1736 1664 flectas

537 1690 755 1771 inquit
844 1695 918 1751 ut
1007 1688 1323 1752 circulum
1415 1690 1736 1753 cervicem

537 1788 725 1842 tuam
772 1770 1057 1839 cilicium
1090 1786 1315 1840 autem
1354 1786 1423 1841 et
1452 1776 1742 1841 crinem²

538 1866 963 1929 substernas:
1012 1883 1134 1928 nec
1178 1865 1273 1929 sic
1318 1866 1589 1930 vocabis
1638 1866 1740 1929 in-

538 1953 684 2035 quit
710 1952 1035 2034 jejunium
1068 1952 1373 2019 electum.
1469 1953 1609 2019 Lec.
1641 1953 1740 2036 iij.

537 2041 753 2175 Sed
798 2040 1011 2123 quid?
1104 2040 1305 2106 Solve
1356 2042 1573 2125 inquit
1622 2063 1741 2106 no·

670 2131 831 2194 dum
894 2128 1259 2212 iniquitatis
1319 2140 1387 2194 et
1446 2131 1742 2196 obstina-

542 2219 794 2283 tionem
876 2218 1242 2284 malorum:
1304 2220 1571 2285 dimitte
1646 2219 1743 2283 af·-

542 2307 757 2371 flictos
817 2305 886 2369 in
948 2308 1287 2389 requiem:
1343 2317 1412 2372 et
1472 2326 1742 2373 omnem

544 2396 1050 2461 conventionem
1120 2395 1389 2479 dissipa,
1502 2396 1744 2461 Parum

542 2492 645 2548 est
686 2483 1011 2566 jejunium
1065 2483 1395 2549 abstinere
1446 2492 1746 2549 tantum-

545 2572 749 2636 modo
810 2593 851 2636 a
902 2574 1193 2654 peccatis
1246 2573 1369 2636 nisi
1419 2574 1749 2638 addamus

544 2671 612 2724 et
646 2661 839 2724 bona,
916 2661 1179 2743 Frange
1216 2660 1432 2744 inquit
1461 2663 1747 2726 esurien-

546 2750 599 2811 ti
646 2767 889 2829 panem
921 2757 1155 2813 tuum:
1204 2758 1271 2813 et
1316 2769 1563 2833 egenos
1606 2749 1752 2814 sine

547 2846 729 2901 tecto
760 2835 928 2900 educ
976 2835 1041 2899 in
1072 2837 1348 2900 domum
1382 2848 1583 2904 tuam,
1676 2839 1752 2905 Si

550 2924 791 2988 videris
852 2925 1105 2988 nudum
1171 2927 1339 2991 vesti
1400 2947 1573 2992 eum.
1664 2929 1752 2991 In

550 3032 807 3094 evange.
895 3020 1001 3076 αῆ.
1100 3013 1406 3097 Angelus
1495 3014 1752 3080 domini

553 3099 1001 3164 descendebat
1060 3102 1146 3166 de
1204 3103 1349 3167 celo
1408 3112 1475 3168 et
1530 3125 1755 3170 move-

553 3191 751 3252 batur
804 3209 977 3270 aqua
1039 3197 1107 3253 et
1154 3191 1517 3256 sanabatur
1566 3213 1755 3258 unus,

543 3285 639 3360 pf,
731 3277 1149 3344 Benedictus,
1508 3281 1756 3347 Oratio,

550 3367 809 3499 Esto
870 3366 1138 3430 domine
1200 3369 1523 3451 propitius
1576 3369 1756 3453 plebi

705 3467 816 3518 tue
863 3463 934 3518 et
972 3476 1174 3538 quam
1228 3456 1349 3521 tibi
1404 3457 1565 3523 facis
1610 3480 1756 3524 esse

550 3543 867 3608 devotam
902 3543 1190 3628 benigno
1224 3545 1445 3611 refove
1486 3547 1757 3612 misera-

550 3641 660 3696 tus
706 3632 977 3697 auxili0.
1070 3635 1195 3698 Per
1224 3635 1573 3700 dominum
1605 3655 1760 3700 nos-

552 3730 745 3786 trum,
837 3720 962 3785 Ad
1014 3731 1309 3806 vesperas
1368 3724 1439 3786 in
1498 3745 1757 3806 evange.

550 3819 657 3874 αῆ.
751 3807 883 3892 Qui
948 3829 1056 3874 me
1115 3827 1352 3875 sanum
1430 3812 1587 3877 fecit
1647 3812 1760 3878 ille

556 3896 715 3960 mihi
778 3899 1111 3979 precepit:
1180 3900 1342 3963 tolle
1401 3903 1758 3983 grabatum

556 3994 743 4048 tuum
806 3994 875 4048 et
935 3986 1207 4051 ambula
1268 3991 1336 4052 in
1397 4009 1580 4072 pace,
1656 3997 1758 4071 pf.

554 4073 625 4136 M
636 4071 965 4153 agnificat,
1512 4079 1757 4142 Oratio.

708 4160 914 4223 xaudi
967 4179 1087 4224 nos
1130 4164 1497 4230 misericors
1552 4167 1760 4231 deus:

707 4258 775 4312 et
835 4249 1168 4314 mentibus
1244 4255 1487 4316 nostris
1546 4256 1760 4338 gratie

856 4422 868 4450 ¹
906 4421 1175 4484 impostor:
1214 4423 1438 4474 E.G.w.

854 4489 874 4518 ¹
905 4487 1153 4539 cineremz
1190 4489 1393 4541 RGW.

2337 430 2496 485 296

1457 538 1725 621 Jejunia
1821 548 1936 603 tue
1995 537 2238 603 lumen,
2329 536 2631 602 ostende.
2727 536 2852 600 Per
2909 535 3030 598 do-

1825 628 2100 691 minum.

1828 721 1892 794 Ι[
1945 714 2243 781 Sabbata

1829 806 2061 869 Sermo
2089 803 2261 867 beati
2265 800 2591 885 johannis
2617 800 2894 885 eptlrcopi,

1840 892 2328 1029 Confitemini
2344 891 2617 955 domino
2631 912 2795 973 quo·
2811 888 3030 973 [Leaj.

1960 982 2136 1044 niam
2153 980 2368 1043 bonus
2380 988 2498 1044 est,
2538 979 2824 1063 Spiritus
2844 998 3032 1043 sanc-

1831 1080 1940 1135 tus
1986 1067 2316 1133 medelam
2357 1068 2682 1150 purgandi
2726 1066 3036 1131 facinoris

1831 1168 1902 1225 et
1931 1178 2154 1222 euram
2187 1157 2460 1221 admissi
2493 1155 2715 1219 delicti
2747 1152 2990 1218 obtulit
3019 1176 3035 1220 ε

1832 1248 1994 1312 dum
2041 1244 2328 1329 qualiter
2373 1244 2540 1309 iram
2581 1244 2691 1310 dei
2744 1243 3036 1326 placare-

1834 1355 1984 1400 mus
2029 1334 2339 1399 ostendit.
2431 1334 2588 1397 Non
2619 1332 2762 1396 vult
2801 1350 3039 1415 pecca-

1834 1424 2090 1489 toribus
2167 1421 2406 1488 inferre
2485 1420 2848 1485 vindictam
2925 1418 3038 1503 qui

1837 1514 1998 1577 dare
2071 1512 2289 1595 querit
2370 1509 2840 1575 confitentibus
2928 1528 3041 1572 ve-

1839 1602 2040 1666 niam,
2723 1596 2941 1661 Lectio
2971 1596 3042 1678 ij,

1839 1691 2020 1824 N
2021 1708 2108 1753 on
2143 1687 2320 1753 enim
2351 1685 2499 1751 vult
2529 1685 2718 1751 irasci
2749 1686 2862 1769 qui
2897 1704 3043 1767 pre-

2023 1776 2234 1841 struit,
2343 1775 2698 1841 Sanctitati
2758 1772 3044 1838 consulit

1841 1866 1954 1949 qui
2011 1866 2406 1929 medicinam
2451 1863 2831 1929 vulneribus
2889 1882 3044 1943 sug-

1841 1954 2029 2038 gerit.
2122 1952 2416 2017 Misereri
2477 1952 2704 2035 cupit:
2751 1950 2864 2034 qui
2919 1950 3046 2014 reis

1842 2044 2074 2108 salutis
2126 2040 2404 2106 consilia
2461 2050 2531 2105 et
2577 2040 2882 2104 utilitatis
2941 2058 3046 2101 re-

1846 2133 2068 2197 media
2113 2129 2362 2195 tribuit.
2455 2129 2766 2195 Ceterum
2814 2128 3048 2211 punire

1846 2240 1980 2285 non
2013 2220 2196 2285 vult:
2243 2218 2402 2301 quia
2429 2218 2518 2281 ad
2549 2218 2675 2281 hoc
2701 2224 3050 2299 premonet

1845 2328 1930 2375 ne
1990 2316 2267 2392 cogatur
2315 2306 2556 2372 ulcisci,
2645 2304 2812 2370 Vult
2871 2304 3049 2368 enim

1845 2393 2094 2463 aboleri
2143 2396 2511 2462 offensam:
2571 2395 2626 2459 si
2679 2394 2792 2476 qui
2839 2392 3054 2457 offen-

1847 2486 2019 2550 derit
2049 2484 2464 2550 damnaverit
2495 2483 2778 2566 culpam.

2010 2575 2109 2640 ult
2139 2583 2213 2638 ut
2237 2571 2648 2638 confessione
2683 2569 2925 2656 [Lectio
2954 2568 3051 2652 iij.

2003 2664 2144 2747 jam
2164 2663 2380 2727 vivat:
2413 2662 2528 2745 qui
2560 2669 2872 2744 precepta
2895 2679 3055 2724 con-

1847 2753 2124 2836 tempsit
2165 2759 2242 2814 ut
2282 2761 2512 2834 pereat
2555 2760 2623 2814 et
2669 2750 2772 2814 cui
2820 2767 3056 2832 pecca-

1851 2850 1998 2906 tum
2059 2839 2285 2906 attulit
2344 2848 2668 2903 mortem:
2732 2837 2837 2901 ei³
2897 2855 3056 2900 con-

1851 2929 2052 2994 fessio
2109 2929 2343 2994 afferat
2403 2928 2776 2992 sanitatem,
2876 2925 3057 2990 Con-

1852 3019 2051 3082 fessio
2125 3017 2302 3081 enim
2365 3015 2802 3099 penitentiam
2869 3032 3056 3077 mon·

1853 3116 2058 3172 strat:
2120 3106 2486 3189 penitentia
2536 3102 3056 3168 satisfactionem

1857 3195 2171 3260 ostendat
2191 3195 2215 3232 ⁴
2240 3193 2604 3258 satisfactio
2635 3192 2897 3256 veniam
2929 3188 3056 3254 sibi

1857 3283 2084 3348 divina
2158 3283 2408 3365 pietate
2481 3281 2802 3346 consiliat.
2911 3278 3060 3342 Nec

1858 3374 2035 3437 enim
2085 3371 2328 3455 poterit
2373 3369 2785 3452 indulgentia
2815 3366 3056 3432 tribuit

1857 3461 1981 3524 nisi
2043 3460 2141 3524 ira
2199 3459 2308 3525 dei
2379 3459 2589 3542 possit
2647 3455 3061 3522 confessione

1859 3548 2120 3633 placari.
2208 3548 2294 3611 In
2352 3545 2678 3628 evangelio
2728 3554 2834 3609 αῆ.
2925 3543 3060 3607 As-

1858 3637 2142 3720 sumpsit
2200 3637 2396 3718 Jesus
2469 3633 2830 3718 discipulos
2904 3651 3060 3695 suos

1859 3735 1925 3790 et
1957 3725 2257 3790 aseendit
2302 3726 2368 3788 in
2417 3733 2714 3788 montem
2747 3731 2816 3787 et
2847 3731 3063 3785 trans-

1861 3815 2182 3897 figuratus
2213 3822 2315 3878 est
2343 3823 2500 3878 ante
2531 3833 2664 3877 eos.
2717 3820 2817 3893 pff,
2851 3811 3062 3873 Bene-

1861 3905 2097 3967 dictus,
2817 3897 3062 3963 Oratio,

1859 3992 2300 4125 Populum
2332 3997 2522 4054 tuum
2555 4007 2915 4076 quesumus
2944 3986 3065 4049 do-

2019 4081 2196 4143 mine
2221 4079 2543 4162 propitius
2563 4078 2841 4158 respice:
2861 4084 3065 4156 atque

1861 4168 1949 4232 ab
1995 4188 2077 4231 eo
2110 4167 2372 4249 flagella
2403 4176 2517 4231 tue
2565 4164 2900 4229 iracundie
2929 4163 3065 4227 cle-

1863 4266 2122 4321 menter
2149 4265 2391 4322 averte.
2485 4256 2610 4319 Per
2639 4253 3006 4318 dominum,

2055 4428 2540 4544 :prp‘git’etssg
2615 4427 2802 4477 uttG,

2113 4511 2256 4545 osen
2297 4511 2370 4544 ιι
2457 4530 2470 4544 .
2528 4527 2543 4544 .
