<?xml version="1.0" encoding="UTF-8"?>
<!DOCTYPE html PUBLIC "-//W3C//DTD XHTML 1.0 Transitional//EN"
    "http://www.w3.org/TR/xhtml1/DTD/xhtml1-transitional.dtd">
<html xmlns="http://www.w3.org/1999/xhtml" xml:lang="en" lang="en">
 <head>
  <title>
</title>
<meta http-equiv="Content-Type" content="text/html;charset=utf-8" />
  <meta name='ocr-system' content='tesseract 3.04.00' />
  <meta name='ocr-capabilities' content='ocr_page ocr_carea ocr_par ocr_line ocrx_word'/>
</head>
<body>
  <div class='ocr_page' id='page_1' title='image "./publicationssur05unkngoog_0522.png"; bbox 0 0 3375 5100; ppageno 0'>
   <div class='ocr_carea' id='block_1_1' title="bbox 62 0 3313 87">
    <p class='ocr_par' dir='ltr' id='par_1_1' title="bbox 62 0 3313 87">
     <span class='ocr_line' id='line_1_1' title="bbox 62 0 3313 87; baseline 0 5013"><span class='ocrx_word' id='word_1_1' title='bbox 62 0 3313 87; x_wconf 95' lang='lat' dir='ltr'><strong> </strong></span> 
     </span>
    </p>
   </div>
   <div class='ocr_carea' id='block_1_2' title="bbox 1296 466 1827 525">
    <p class='ocr_par' dir='ltr' id='par_1_2' title="bbox 1296 466 1827 525">
     <span class='ocr_line' id='line_1_2' title="bbox 1296 466 1827 525; baseline 0.004 -4"><span class='ocrx_word' id='word_1_2' title='bbox 1296 466 1420 522; x_wconf 80' lang='lat' dir='ltr'><strong>AD</strong></span> <span class='ocrx_word' id='word_1_3' title='bbox 1464 466 1574 521; x_wconf 88' lang='lat' dir='ltr'><strong>LA</strong></span> <span class='ocrx_word' id='word_1_4' title='bbox 1589 466 1827 525; x_wconf 88' lang='lat' dir='ltr'><strong><em>UDES.</em></strong></span> 
     </span>
    </p>
   </div>
   <div class='ocr_carea' id='block_1_3' title="bbox 881 574 1032 631">
    <p class='ocr_par' dir='ltr' id='par_1_3' title="bbox 881 574 1032 631">
     <span class='ocr_line' id='line_1_3' title="bbox 881 574 1032 631; baseline 0 0"><span class='ocrx_word' id='word_1_5' title='bbox 881 574 1032 631; x_wconf 78' lang='lat'><strong>927</strong></span> 
     </span>
    </p>
   </div>
   <div class='ocr_carea' id='block_1_4' title="bbox 351 681 1559 4394">
    <p class='ocr_par' dir='ltr' id='par_1_4' title="bbox 351 681 1558 4178">
     <span class='ocr_line' id='line_1_4' title="bbox 353 681 1549 767; baseline -0.002 -18"><span class='ocrx_word' id='word_1_6' title='bbox 353 692 422 749; x_wconf 89' lang='lat' dir='ltr'><strong>et</strong></span> <span class='ocrx_word' id='word_1_7' title='bbox 467 683 791 749; x_wconf 84' lang='lat' dir='ltr'>exaltavit</span> <span class='ocrx_word' id='word_1_8' title='bbox 862 704 1066 749; x_wconf 88' lang='lat' dir='ltr'><strong>cornu</strong></span> <span class='ocrx_word' id='word_1_9' title='bbox 1127 681 1354 767; x_wconf 88' lang='lat' dir='ltr'><strong>populi</strong></span> <span class='ocrx_word' id='word_1_10' title='bbox 1429 683 1549 748; x_wconf 85' lang='lat' dir='ltr'><strong>sui.</strong></span> 
     </span>
     <span class='ocr_line' id='line_1_5' title="bbox 356 770 1550 856; baseline -0.001 -18"><span class='ocrx_word' id='word_1_11' title='bbox 356 774 676 856; x_wconf 89' lang='lat' dir='ltr'><strong>Hymnus</strong></span> <span class='ocrx_word' id='word_1_12' title='bbox 707 774 1016 839; x_wconf 89' lang='lat' dir='ltr'><strong>omnibus</strong></span> <span class='ocrx_word' id='word_1_13' title='bbox 1061 772 1308 837; x_wconf 90' lang='lat' dir='ltr'><strong>sanctis</strong></span> <span class='ocrx_word' id='word_1_14' title='bbox 1367 770 1550 853; x_wconf 88' lang='lat' dir='ltr'><strong>ejus:</strong></span> 
     </span>
     <span class='ocr_line' id='line_1_6' title="bbox 353 860 1552 945; baseline -0.003 -19"><span class='ocrx_word' id='word_1_15' title='bbox 353 863 505 926; x_wconf 86' lang='lat' dir='ltr'><strong>filiis</strong></span> <span class='ocrx_word' id='word_1_16' title='bbox 590 861 780 926; x_wconf 90' lang='lat' dir='ltr'><strong>israel</strong></span> <span class='ocrx_word' id='word_1_17' title='bbox 884 860 1134 945; x_wconf 89' lang='lat' dir='ltr'><strong>populo</strong></span> <span class='ocrx_word' id='word_1_18' title='bbox 1196 860 1552 944; x_wconf 88' lang='lat' dir='ltr'><strong>appropin-</strong></span> 
     </span>
     <span class='ocr_line' id='line_1_7' title="bbox 353 948 1552 1033; baseline -0.003 -18"><span class='ocrx_word' id='word_1_19' title='bbox 353 950 585 1033; x_wconf 88' lang='lat' dir='ltr'><strong>quanti</strong></span> <span class='ocrx_word' id='word_1_20' title='bbox 661 950 826 1014; x_wconf 59' lang='lat' dir='ltr'><strong>sibi}</strong></span> <span class='ocrx_word' id='word_1_21' title='bbox 923 948 1200 1015; x_wconf 87' lang='lat' dir='ltr'><strong>Cantate</strong></span> <span class='ocrx_word' id='word_1_22' title='bbox 1276 949 1552 1013; x_wconf 89' lang='lat' dir='ltr'><strong>domino</strong></span> 
     </span>
     <span class='ocr_line' id='line_1_8' title="bbox 353 1038 1552 1119; baseline -0.003 -16"><span class='ocrx_word' id='word_1_23' title='bbox 353 1040 688 1103; x_wconf 88' lang='lat' dir='ltr'><strong>canticum</strong></span> <span class='ocrx_word' id='word_1_24' title='bbox 737 1059 1025 1103; x_wconf 88' lang='lat' dir='ltr'><strong>novum:</strong></span> <span class='ocrx_word' id='word_1_25' title='bbox 1091 1038 1234 1102; x_wconf 88' lang='lat' dir='ltr'><strong>laus</strong></span> <span class='ocrx_word' id='word_1_26' title='bbox 1295 1038 1436 1119; x_wconf 89' lang='lat' dir='ltr'><strong>ejus</strong></span> <span class='ocrx_word' id='word_1_27' title='bbox 1482 1038 1552 1101; x_wconf 89' lang='lat' dir='ltr'><strong>in</strong></span> 
     </span>
     <span class='ocr_line' id='line_1_9' title="bbox 354 1126 1551 1192; baseline -0.002 -1"><span class='ocrx_word' id='word_1_28' title='bbox 354 1127 632 1191; x_wconf 88' lang='lat' dir='ltr'><strong>ecclesia</strong></span> <span class='ocrx_word' id='word_1_29' title='bbox 733 1137 1132 1192; x_wconf 89' lang='lat' dir='ltr'><strong>sanctorum.</strong></span> <span class='ocrx_word' id='word_1_30' title='bbox 1267 1126 1551 1189; x_wconf 90' lang='lat' dir='ltr'><strong>Letetur</strong></span> 
     </span>
     <span class='ocr_line' id='line_1_10' title="bbox 355 1215 1552 1298; baseline -0.003 -18"><span class='ocrx_word' id='word_1_31' title='bbox 355 1217 548 1280; x_wconf 89' lang='lat' dir='ltr'><strong>israel</strong></span> <span class='ocrx_word' id='word_1_32' title='bbox 609 1216 677 1279; x_wconf 89' lang='lat' dir='ltr'><strong>in</strong></span> <span class='ocrx_word' id='word_1_33' title='bbox 737 1236 818 1280; x_wconf 90' lang='lat' dir='ltr'><strong>eo</strong></span> <span class='ocrx_word' id='word_1_34' title='bbox 877 1217 990 1298; x_wconf 89' lang='lat' dir='ltr'><strong>qui</strong></span> <span class='ocrx_word' id='word_1_35' title='bbox 1023 1215 1181 1279; x_wconf 86' lang='lat' dir='ltr'><strong>fecit</strong></span> <span class='ocrx_word' id='word_1_36' title='bbox 1233 1234 1437 1278; x_wconf 89' lang='lat' dir='ltr'><strong>eum:</strong></span> <span class='ocrx_word' id='word_1_37' title='bbox 1481 1222 1552 1278; x_wconf 92' lang='lat' dir='ltr'><strong>et</strong></span> 
     </span>
     <span class='ocr_line' id='line_1_11' title="bbox 356 1304 1550 1387; baseline 0 -20"><span class='ocrx_word' id='word_1_38' title='bbox 356 1304 489 1368; x_wconf 85' lang='lat' dir='ltr'><strong>filie</strong></span> <span class='ocrx_word' id='word_1_39' title='bbox 519 1326 686 1387; x_wconf 88' lang='lat' dir='ltr'>syon</span> <span class='ocrx_word' id='word_1_40' title='bbox 735 1304 1045 1369; x_wconf 88' lang='lat' dir='ltr'><strong>exultent</strong></span> <span class='ocrx_word' id='word_1_41' title='bbox 1092 1305 1160 1367; x_wconf 90' lang='lat' dir='ltr'><strong>in</strong></span> <span class='ocrx_word' id='word_1_42' title='bbox 1210 1322 1362 1386; x_wconf 89' lang='lat' dir='ltr'><strong>rege</strong></span> <span class='ocrx_word' id='word_1_43' title='bbox 1411 1323 1550 1367; x_wconf 90' lang='lat' dir='ltr'><strong>suo.</strong></span> 
     </span>
     <span class='ocr_line' id='line_1_12' title="bbox 356 1391 1552 1475; baseline -0.002 -18"><span class='ocrx_word' id='word_1_44' title='bbox 356 1393 673 1457; x_wconf 86' lang='lat' dir='ltr'>Laudent</span> <span class='ocrx_word' id='word_1_45' title='bbox 721 1413 966 1457; x_wconf 88' lang='lat' dir='ltr'><strong>nomen</strong></span> <span class='ocrx_word' id='word_1_46' title='bbox 1011 1392 1156 1475; x_wconf 86' lang='lat' dir='ltr'><strong>ejus</strong></span> <span class='ocrx_word' id='word_1_47' title='bbox 1202 1392 1266 1455; x_wconf 90' lang='lat' dir='ltr'><strong>in</strong></span> <span class='ocrx_word' id='word_1_48' title='bbox 1300 1391 1500 1455; x_wconf 90' lang='lat' dir='ltr'><strong>choro</strong></span> <span class='ocrx_word' id='word_1_49' title='bbox 1535 1412 1552 1455; x_wconf 73' lang='grc' dir='ltr'>ε</span> 
     </span>
     <span class='ocr_line' id='line_1_13' title="bbox 356 1479 1554 1565; baseline -0.002 -20"><span class='ocrx_word' id='word_1_50' title='bbox 356 1482 424 1545; x_wconf 90' lang='lat' dir='ltr'><strong>in</strong></span> <span class='ocrx_word' id='word_1_51' title='bbox 455 1492 781 1565; x_wconf 87' lang='lat' dir='ltr'><strong>tympano</strong></span> <span class='ocrx_word' id='word_1_52' title='bbox 808 1490 878 1545; x_wconf 91' lang='lat' dir='ltr'><strong>et</strong></span> <span class='ocrx_word' id='word_1_53' title='bbox 923 1482 1232 1564; x_wconf 88' lang='lat' dir='ltr'><strong>psalterio</strong></span> <span class='ocrx_word' id='word_1_54' title='bbox 1262 1479 1554 1563; x_wconf 85' lang='lat' dir='ltr'>psallant</span> 
     </span>
     <span class='ocr_line' id='line_1_14' title="bbox 355 1568 1555 1652; baseline -0.002 -19"><span class='ocrx_word' id='word_1_55' title='bbox 355 1572 433 1635; x_wconf 89' lang='lat' dir='ltr'><strong>ei.</strong></span> <span class='ocrx_word' id='word_1_56' title='bbox 529 1569 700 1650; x_wconf 81' lang='lat' dir='ltr'><strong>Quia</strong></span> <span class='ocrx_word' id='word_1_57' title='bbox 751 1570 1238 1652; x_wconf 89' lang='lat' dir='ltr'><strong>beneplacitum</strong></span> <span class='ocrx_word' id='word_1_58' title='bbox 1291 1577 1395 1632; x_wconf 90' lang='lat' dir='ltr'><strong>est</strong></span> <span class='ocrx_word' id='word_1_59' title='bbox 1434 1568 1555 1631; x_wconf 92' lang='lat' dir='ltr'><strong>do-</strong></span> 
     </span>
     <span class='ocr_line' id='line_1_15' title="bbox 357 1656 1554 1741; baseline -0.003 -19"><span class='ocrx_word' id='word_1_60' title='bbox 357 1661 540 1722; x_wconf 90' lang='lat' dir='ltr'><strong>mino</strong></span> <span class='ocrx_word' id='word_1_61' title='bbox 586 1660 651 1721; x_wconf 90' lang='lat' dir='ltr'><strong>in</strong></span> <span class='ocrx_word' id='word_1_62' title='bbox 700 1658 951 1741; x_wconf 90' lang='lat' dir='ltr'><strong>populo</strong></span> <span class='ocrx_word' id='word_1_63' title='bbox 981 1678 1147 1722; x_wconf 89' lang='lat' dir='ltr'><strong>suo:</strong></span> <span class='ocrx_word' id='word_1_64' title='bbox 1194 1665 1263 1720; x_wconf 88' lang='lat' dir='ltr'><strong>et</strong></span> <span class='ocrx_word' id='word_1_65' title='bbox 1295 1656 1554 1719; x_wconf 85' lang='lat' dir='ltr'><strong>exalta-</strong></span> 
     </span>
     <span class='ocr_line' id='line_1_16' title="bbox 358 1744 1552 1811; baseline -0.003 0"><span class='ocrx_word' id='word_1_66' title='bbox 358 1748 492 1811; x_wconf 86' lang='lat' dir='ltr'><strong>bit²</strong></span> <span class='ocrx_word' id='word_1_67' title='bbox 522 1757 904 1811; x_wconf 89' lang='lat' dir='ltr'><strong>mansuetos</strong></span> <span class='ocrx_word' id='word_1_68' title='bbox 937 1746 1000 1808; x_wconf 93' lang='lat' dir='ltr'><strong>in</strong></span> <span class='ocrx_word' id='word_1_69' title='bbox 1015 1745 1321 1809; x_wconf 89' lang='lat' dir='ltr'><strong>salutem.</strong></span> <span class='ocrx_word' id='word_1_70' title='bbox 1399 1744 1552 1807; x_wconf 83' lang='lat' dir='ltr'><strong>Ex-</strong></span> 
     </span>
     <span class='ocr_line' id='line_1_17' title="bbox 359 1830 1554 1915; baseline -0.001 -18"><span class='ocrx_word' id='word_1_71' title='bbox 359 1836 668 1899; x_wconf 88' lang='lat' dir='ltr'><strong>ultabunt</strong></span> <span class='ocrx_word' id='word_1_72' title='bbox 719 1835 930 1898; x_wconf 91' lang='lat' dir='ltr'><strong>sancti</strong></span> <span class='ocrx_word' id='word_1_73' title='bbox 981 1833 1048 1897; x_wconf 89' lang='lat' dir='ltr'><strong>in</strong></span> <span class='ocrx_word' id='word_1_74' title='bbox 1095 1833 1342 1915; x_wconf 89' lang='lat' dir='ltr'><strong>gloria:</strong></span> <span class='ocrx_word' id='word_1_75' title='bbox 1389 1830 1554 1896; x_wconf 91' lang='lat' dir='ltr'><strong>leta-</strong></span> 
     </span>
     <span class='ocr_line' id='line_1_18' title="bbox 358 1920 1553 1987; baseline -0.003 0"><span class='ocrx_word' id='word_1_76' title='bbox 358 1922 604 1987; x_wconf 85' lang='lat' dir='ltr'><strong>buntur</strong></span> <span class='ocrx_word' id='word_1_77' title='bbox 635 1923 701 1986; x_wconf 91' lang='lat' dir='ltr'><strong>in</strong></span> <span class='ocrx_word' id='word_1_78' title='bbox 734 1922 1059 1987; x_wconf 90' lang='lat' dir='ltr'><strong>cubilibus</strong></span> <span class='ocrx_word' id='word_1_79' title='bbox 1091 1924 1243 1987; x_wconf 75' lang='lat' dir='ltr'><strong>suis·</strong></span> <span class='ocrx_word' id='word_1_80' title='bbox 1331 1920 1553 1984; x_wconf 87' lang='lat' dir='ltr'><strong>Exul-</strong></span> 
     </span>
     <span class='ocr_line' id='line_1_19' title="bbox 357 2012 1552 2093; baseline -0.001 -18"><span class='ocrx_word' id='word_1_81' title='bbox 357 2013 647 2075; x_wconf 90' lang='lat' dir='ltr'><strong>tationes</strong></span> <span class='ocrx_word' id='word_1_82' title='bbox 706 2012 814 2075; x_wconf 91' lang='lat' dir='ltr'><strong>dei</strong></span> <span class='ocrx_word' id='word_1_83' title='bbox 867 2013 934 2075; x_wconf 89' lang='lat' dir='ltr'><strong>in</strong></span> <span class='ocrx_word' id='word_1_84' title='bbox 967 2020 1237 2093; x_wconf 89' lang='lat' dir='ltr'><strong>gutture</strong></span> <span class='ocrx_word' id='word_1_85' title='bbox 1280 2029 1552 2074; x_wconf 85' lang='lat' dir='ltr'><strong>eorum:</strong></span> 
     </span>
     <span class='ocr_line' id='line_1_20' title="bbox 359 2098 1552 2181; baseline -0.002 -18"><span class='ocrx_word' id='word_1_86' title='bbox 359 2110 426 2163; x_wconf 89' lang='lat' dir='ltr'><strong>et</strong></span> <span class='ocrx_word' id='word_1_87' title='bbox 485 2100 691 2181; x_wconf 85' lang='lat' dir='ltr'><strong>gladii</strong></span> <span class='ocrx_word' id='word_1_88' title='bbox 751 2099 1074 2181; x_wconf 87' lang='lat' dir='ltr'><strong>ancipites</strong></span> <span class='ocrx_word' id='word_1_89' title='bbox 1133 2100 1200 2161; x_wconf 90' lang='lat' dir='ltr'><strong>in</strong></span> <span class='ocrx_word' id='word_1_90' title='bbox 1248 2098 1552 2161; x_wconf 86' lang='lat' dir='ltr'><strong>manibus</strong></span> 
     </span>
     <span class='ocr_line' id='line_1_21' title="bbox 358 2186 1556 2252; baseline -0.003 -1"><span class='ocrx_word' id='word_1_91' title='bbox 358 2208 604 2252; x_wconf 89' lang='lat' dir='ltr'><strong>eorum.</strong></span> <span class='ocrx_word' id='word_1_92' title='bbox 692 2190 808 2252; x_wconf 87' lang='lat' dir='ltr'><strong>Ad</strong></span> <span class='ocrx_word' id='word_1_93' title='bbox 871 2187 1242 2251; x_wconf 87' lang='lat' dir='ltr'><strong>faciendam</strong></span> <span class='ocrx_word' id='word_1_94' title='bbox 1303 2186 1556 2250; x_wconf 86' lang='lat' dir='ltr'><strong>vindic-</strong></span> 
     </span>
     <span class='ocr_line' id='line_1_22' title="bbox 357 2276 1554 2357; baseline -0.003 -16"><span class='ocrx_word' id='word_1_95' title='bbox 357 2286 498 2341; x_wconf 86' lang='lat' dir='ltr'><strong>tam</strong></span> <span class='ocrx_word' id='word_1_96' title='bbox 521 2278 586 2339; x_wconf 88' lang='lat' dir='ltr'><strong>in</strong></span> <span class='ocrx_word' id='word_1_97' title='bbox 601 2277 980 2341; x_wconf 90' lang='lat' dir='ltr'><strong>nationibus</strong></span> <span class='ocrx_word' id='word_1_98' title='bbox 1007 2298 1022 2340; x_wconf 79' lang='lat' dir='ltr'><em>z</em></span> <span class='ocrx_word' id='word_1_99' title='bbox 1069 2276 1554 2357; x_wconf 84' lang='lat' dir='ltr'><strong>increpationes</strong></span> 
     </span>
     <span class='ocr_line' id='line_1_23' title="bbox 358 2364 1551 2448; baseline -0.003 -19"><span class='ocrx_word' id='word_1_100' title='bbox 358 2366 426 2429; x_wconf 89' lang='lat' dir='ltr'><strong>in</strong></span> <span class='ocrx_word' id='word_1_101' title='bbox 460 2365 739 2448; x_wconf 75' lang='lat' dir='ltr'><strong>populis·</strong></span> <span class='ocrx_word' id='word_1_102' title='bbox 813 2366 928 2428; x_wconf 85' lang='lat' dir='ltr'><strong>Ad</strong></span> <span class='ocrx_word' id='word_1_103' title='bbox 961 2364 1330 2447; x_wconf 88' lang='lat' dir='ltr'><strong>alligandos</strong></span> <span class='ocrx_word' id='word_1_104' title='bbox 1364 2383 1551 2445; x_wconf 89' lang='lat' dir='ltr'><strong>reges</strong></span> 
     </span>
     <span class='ocr_line' id='line_1_24' title="bbox 359 2451 1550 2535; baseline -0.002 -18"><span class='ocrx_word' id='word_1_105' title='bbox 359 2475 588 2517; x_wconf 87' lang='lat' dir='ltr'><strong>eorum</strong></span> <span class='ocrx_word' id='word_1_106' title='bbox 623 2454 687 2517; x_wconf 90' lang='lat' dir='ltr'><strong>in</strong></span> <span class='ocrx_word' id='word_1_107' title='bbox 718 2452 1149 2535; x_wconf 88' lang='lat' dir='ltr'><strong>compedibus</strong></span> <span class='ocrx_word' id='word_1_108' title='bbox 1181 2462 1250 2515; x_wconf 90' lang='lat' dir='ltr'><strong>et</strong></span> <span class='ocrx_word' id='word_1_109' title='bbox 1295 2451 1550 2516; x_wconf 88' lang='lat' dir='ltr'><strong>nobiles</strong></span> 
     </span>
     <span class='ocr_line' id='line_1_25' title="bbox 359 2540 1550 2608; baseline -0.002 0"><span class='ocrx_word' id='word_1_110' title='bbox 359 2564 588 2608; x_wconf 87' lang='lat' dir='ltr'><strong>eorum</strong></span> <span class='ocrx_word' id='word_1_111' title='bbox 649 2543 717 2607; x_wconf 88' lang='lat' dir='ltr'><strong>in</strong></span> <span class='ocrx_word' id='word_1_112' title='bbox 779 2543 1054 2607; x_wconf 85' lang='lat' dir='ltr'><strong>manicis</strong></span> <span class='ocrx_word' id='word_1_113' title='bbox 1115 2540 1356 2605; x_wconf 86' lang='lat' dir='ltr'><strong>ferreis.</strong></span> <span class='ocrx_word' id='word_1_114' title='bbox 1454 2540 1550 2606; x_wconf 85' lang='lat' dir='ltr'><strong>Ut</strong></span> 
     </span>
     <span class='ocr_line' id='line_1_26' title="bbox 359 2629 1552 2713; baseline -0.003 -18"><span class='ocrx_word' id='word_1_115' title='bbox 359 2632 604 2696; x_wconf 85' lang='lat' dir='ltr'><strong>saciant</strong></span> <span class='ocrx_word' id='word_1_116' title='bbox 635 2632 701 2695; x_wconf 92' lang='lat' dir='ltr'><strong>in</strong></span> <span class='ocrx_word' id='word_1_117' title='bbox 733 2633 828 2696; x_wconf 89' lang='lat' dir='ltr'><strong>eis</strong></span> <span class='ocrx_word' id='word_1_118' title='bbox 868 2631 1190 2713; x_wconf 87' lang='lat' dir='ltr'><strong>judicium</strong></span> <span class='ocrx_word' id='word_1_119' title='bbox 1221 2629 1552 2712; x_wconf 79' lang='lat' dir='ltr'><strong>conscrip-</strong></span> 
     </span>
     <span class='ocr_line' id='line_1_27' title="bbox 358 2717 1552 2803; baseline -0.003 -19"><span class='ocrx_word' id='word_1_120' title='bbox 358 2729 544 2785; x_wconf 86' lang='lat' dir='ltr'><strong>tum:</strong></span> <span class='ocrx_word' id='word_1_121' title='bbox 619 2721 830 2803; x_wconf 88' lang='lat' dir='ltr'><strong>gloria</strong></span> <span class='ocrx_word' id='word_1_122' title='bbox 879 2721 1002 2784; x_wconf 93' lang='lat' dir='ltr'><strong>hec</strong></span> <span class='ocrx_word' id='word_1_123' title='bbox 1063 2729 1164 2783; x_wconf 91' lang='lat' dir='ltr'><strong>est</strong></span> <span class='ocrx_word' id='word_1_124' title='bbox 1238 2717 1552 2782; x_wconf 88' lang='lat' dir='ltr'><strong>omnibus</strong></span> 
     </span>
     <span class='ocr_line' id='line_1_28' title="bbox 359 2807 1552 2890; baseline -0.003 -18"><span class='ocrx_word' id='word_1_125' title='bbox 359 2809 604 2873; x_wconf 90' lang='lat' dir='ltr'><strong>sanctis</strong></span> <span class='ocrx_word' id='word_1_126' title='bbox 678 2809 866 2890; x_wconf 75' lang='lat' dir='ltr'><strong>ejuS.³¹</strong></span> <span class='ocrx_word' id='word_1_127' title='bbox 950 2808 1262 2872; x_wconf 88' lang='lat' dir='ltr'><strong>Laudate</strong></span> <span class='ocrx_word' id='word_1_128' title='bbox 1335 2807 1552 2870; x_wconf 89' lang='lat' dir='ltr'><strong>domi—</strong></span> 
     </span>
     <span class='ocr_line' id='line_1_29' title="bbox 358 2895 1552 2978; baseline -0.003 -17"><span class='ocrx_word' id='word_1_129' title='bbox 358 2917 519 2961; x_wconf 89' lang='lat' dir='ltr'><strong>num</strong></span> <span class='ocrx_word' id='word_1_130' title='bbox 566 2898 634 2960; x_wconf 91' lang='lat' dir='ltr'><strong>in</strong></span> <span class='ocrx_word' id='word_1_131' title='bbox 709 2897 953 2961; x_wconf 89' lang='lat' dir='ltr'><strong>sanctis</strong></span> <span class='ocrx_word' id='word_1_132' title='bbox 1027 2895 1207 2978; x_wconf 87' lang='lat' dir='ltr'><strong>ejus:</strong></span> <span class='ocrx_word' id='word_1_133' title='bbox 1283 2895 1552 2958; x_wconf 89' lang='lat' dir='ltr'><strong>laudate</strong></span> 
     </span>
     <span class='ocr_line' id='line_1_30' title="bbox 361 2983 1548 3065; baseline -0.003 -17"><span class='ocrx_word' id='word_1_134' title='bbox 361 3006 514 3048; x_wconf 91' lang='lat' dir='ltr'><strong>eum</strong></span> <span class='ocrx_word' id='word_1_135' title='bbox 562 2986 627 3047; x_wconf 91' lang='lat' dir='ltr'><strong>in</strong></span> <span class='ocrx_word' id='word_1_136' title='bbox 661 2983 1080 3049; x_wconf 87' lang='lat' dir='ltr'><strong>firmamento</strong></span> <span class='ocrx_word' id='word_1_137' title='bbox 1108 2984 1366 3048; x_wconf 90' lang='lat' dir='ltr'><strong>virtutis</strong></span> <span class='ocrx_word' id='word_1_138' title='bbox 1387 2984 1548 3065; x_wconf 81' lang='lat' dir='ltr'><strong>ejus,</strong></span> 
     </span>
     <span class='ocr_line' id='line_1_31' title="bbox 359 3071 1552 3151; baseline -0.003 -14"><span class='ocrx_word' id='word_1_139' title='bbox 359 3072 670 3137; x_wconf 91' lang='lat' dir='ltr'><strong>Laudate</strong></span> <span class='ocrx_word' id='word_1_140' title='bbox 701 3093 854 3136; x_wconf 89' lang='lat' dir='ltr'><strong>eum</strong></span> <span class='ocrx_word' id='word_1_141' title='bbox 887 3073 952 3136; x_wconf 90' lang='lat' dir='ltr'><strong>in</strong></span> <span class='ocrx_word' id='word_1_142' title='bbox 985 3072 1338 3136; x_wconf 89' lang='lat' dir='ltr'><strong>virtutibus</strong></span> <span class='ocrx_word' id='word_1_143' title='bbox 1368 3071 1552 3151; x_wconf 88' lang='lat' dir='ltr'><strong>ejus:</strong></span> 
     </span>
     <span class='ocr_line' id='line_1_32' title="bbox 361 3158 1553 3226; baseline -0.002 -2"><span class='ocrx_word' id='word_1_144' title='bbox 361 3161 632 3226; x_wconf 90' lang='lat' dir='ltr'><strong>laudate</strong></span> <span class='ocrx_word' id='word_1_145' title='bbox 671 3181 822 3225; x_wconf 91' lang='lat' dir='ltr'><strong>eum</strong></span> <span class='ocrx_word' id='word_1_146' title='bbox 856 3162 1219 3225; x_wconf 91' lang='lat' dir='ltr'><strong>secundum</strong></span> <span class='ocrx_word' id='word_1_147' title='bbox 1253 3158 1553 3223; x_wconf 89' lang='lat' dir='ltr'><strong>multitu·</strong></span> 
     </span>
     <span class='ocr_line' id='line_1_33' title="bbox 351 3248 1556 3332; baseline -0.003 -18"><span class='ocrx_word' id='word_1_148' title='bbox 351 3250 584 3327; x_wconf 74' lang='lat' dir='ltr'><strong>dinem</strong></span> <span class='ocrx_word' id='word_1_149' title='bbox 619 3250 1094 3332; x_wconf 85' lang='lat' dir='ltr'><strong>magnitudinis</strong></span> <span class='ocrx_word' id='word_1_150' title='bbox 1125 3249 1283 3329; x_wconf 81' lang='lat' dir='ltr'><strong>ejus,</strong></span> <span class='ocrx_word' id='word_1_151' title='bbox 1373 3248 1556 3310; x_wconf 91' lang='lat' dir='ltr'><strong>Lau-</strong></span> 
     </span>
     <span class='ocr_line' id='line_1_34' title="bbox 358 3334 1554 3403; baseline -0.003 0"><span class='ocrx_word' id='word_1_152' title='bbox 358 3340 514 3403; x_wconf 91' lang='lat' dir='ltr'><strong>date</strong></span> <span class='ocrx_word' id='word_1_153' title='bbox 545 3359 698 3402; x_wconf 91' lang='lat' dir='ltr'><strong>eum</strong></span> <span class='ocrx_word' id='word_1_154' title='bbox 732 3340 797 3402; x_wconf 90' lang='lat' dir='ltr'><strong>in</strong></span> <span class='ocrx_word' id='word_1_155' title='bbox 829 3358 994 3402; x_wconf 89' lang='lat' dir='ltr'><strong>sono</strong></span> <span class='ocrx_word' id='word_1_156' title='bbox 1040 3337 1238 3402; x_wconf 87' lang='lat' dir='ltr'><strong>tube:</strong></span> <span class='ocrx_word' id='word_1_157' title='bbox 1286 3334 1554 3400; x_wconf 88' lang='lat' dir='ltr'><strong>laudate</strong></span> 
     </span>
     <span class='ocr_line' id='line_1_35' title="bbox 358 3426 1554 3510; baseline -0.002 -19"><span class='ocrx_word' id='word_1_158' title='bbox 358 3447 513 3491; x_wconf 89' lang='lat' dir='ltr'><strong>eum</strong></span> <span class='ocrx_word' id='word_1_159' title='bbox 590 3427 659 3491; x_wconf 90' lang='lat' dir='ltr'><strong>in</strong></span> <span class='ocrx_word' id='word_1_160' title='bbox 734 3427 1045 3510; x_wconf 89' lang='lat' dir='ltr'><strong>psalterio</strong></span> <span class='ocrx_word' id='word_1_161' title='bbox 1119 3433 1188 3489; x_wconf 92' lang='lat' dir='ltr'><strong>et</strong></span> <span class='ocrx_word' id='word_1_162' title='bbox 1263 3426 1554 3508; x_wconf 86' lang='lat' dir='ltr'><strong>cythara.</strong></span> 
     </span>
     <span class='ocr_line' id='line_1_36' title="bbox 357 3515 1556 3596; baseline -0.002 -18"><span class='ocrx_word' id='word_1_163' title='bbox 357 3515 668 3580; x_wconf 90' lang='lat' dir='ltr'><strong>Laudate</strong></span> <span class='ocrx_word' id='word_1_164' title='bbox 688 3536 879 3578; x_wconf 46' lang='lat' dir='ltr'><strong>*eum</strong></span> <span class='ocrx_word' id='word_1_165' title='bbox 942 3516 1009 3578; x_wconf 90' lang='lat' dir='ltr'><strong>in</strong></span> <span class='ocrx_word' id='word_1_166' title='bbox 1085 3523 1412 3596; x_wconf 89' lang='lat' dir='ltr'><strong>tympano</strong></span> <span class='ocrx_word' id='word_1_167' title='bbox 1487 3521 1556 3576; x_wconf 92' lang='lat' dir='ltr'><strong>et</strong></span> 
     </span>
     <span class='ocr_line' id='line_1_37' title="bbox 357 3601 1555 3668; baseline -0.003 0"><span class='ocrx_word' id='word_1_168' title='bbox 357 3604 603 3668; x_wconf 90' lang='lat' dir='ltr'><strong>choro:</strong></span> <span class='ocrx_word' id='word_1_169' title='bbox 651 3603 920 3667; x_wconf 83' lang='lat' dir='ltr'><strong>laudate</strong></span> <span class='ocrx_word' id='word_1_170' title='bbox 972 3623 1124 3666; x_wconf 89' lang='lat' dir='ltr'><strong>eum</strong></span> <span class='ocrx_word' id='word_1_171' title='bbox 1189 3603 1252 3665; x_wconf 90' lang='lat' dir='ltr'><strong>in</strong></span> <span class='ocrx_word' id='word_1_172' title='bbox 1291 3601 1555 3665; x_wconf 90' lang='lat' dir='ltr'><strong>chordis</strong></span> 
     </span>
     <span class='ocr_line' id='line_1_38' title="bbox 357 3691 1554 3775; baseline -0.003 -20"><span class='ocrx_word' id='word_1_173' title='bbox 357 3701 428 3756; x_wconf 90' lang='lat' dir='ltr'><strong>et</strong></span> <span class='ocrx_word' id='word_1_174' title='bbox 465 3713 769 3775; x_wconf 63' lang='lat' dir='ltr'><strong>,organa</strong></span> <span class='ocrx_word' id='word_1_175' title='bbox 902 3691 1212 3754; x_wconf 87' lang='lat' dir='ltr'><strong>Laudate</strong></span> <span class='ocrx_word' id='word_1_176' title='bbox 1273 3709 1426 3753; x_wconf 90' lang='lat' dir='ltr'><strong>eum</strong></span> <span class='ocrx_word' id='word_1_177' title='bbox 1489 3691 1554 3752; x_wconf 91' lang='lat' dir='ltr'><strong>in</strong></span> 
     </span>
     <span class='ocr_line' id='line_1_39' title="bbox 359 3778 1556 3862; baseline -0.002 -18"><span class='ocrx_word' id='word_1_178' title='bbox 359 3779 684 3862; x_wconf 57' lang='lat' dir='ltr'><strong>cymbalis</strong></span> <span class='ocrx_word' id='word_1_179' title='bbox 695 3779 1268 3844; x_wconf 86' lang='lat' dir='ltr'><strong>benesonantibus</strong></span> <span class='ocrx_word' id='word_1_180' title='bbox 1287 3778 1556 3842; x_wconf 89' lang='lat' dir='ltr'><strong>laudate</strong></span> 
     </span>
     <span class='ocr_line' id='line_1_40' title="bbox 359 3867 1558 3952; baseline -0.002 -20"><span class='ocrx_word' id='word_1_181' title='bbox 359 3889 511 3934; x_wconf 87' lang='lat' dir='ltr'><strong>eum</strong></span> <span class='ocrx_word' id='word_1_182' title='bbox 532 3872 600 3934; x_wconf 89' lang='lat' dir='ltr'><strong>in</strong></span> <span class='ocrx_word' id='word_1_183' title='bbox 623 3867 948 3952; x_wconf 88' lang='lat' dir='ltr'><strong>cymbalis</strong></span> <span class='ocrx_word' id='word_1_184' title='bbox 964 3867 1558 3950; x_wconf 73' lang='lat' dir='ltr'><strong>jubilationismm-</strong></span> 
     </span>
     <span class='ocr_line' id='line_1_41' title="bbox 360 3954 1528 4041; baseline -0.002 -21"><span class='ocrx_word' id='word_1_185' title='bbox 360 3959 462 4021; x_wconf 88' lang='lat' dir='ltr'><strong>nis</strong></span> <span class='ocrx_word' id='word_1_186' title='bbox 491 3959 760 4041; x_wconf 89' lang='lat' dir='ltr'><strong>spiritus</strong></span> <span class='ocrx_word' id='word_1_187' title='bbox 781 3956 1008 4022; x_wconf 91' lang='lat' dir='ltr'><strong>laudet</strong></span> <span class='ocrx_word' id='word_1_188' title='bbox 1041 3956 1429 4019; x_wconf 86' lang='lat' dir='ltr'><strong>dominum.⁴</strong></span> <span class='ocrx_word' id='word_1_189' title='bbox 1453 3955 1479 3994; x_wconf 74' lang='lat'><strong>⁶</strong></span> <span class='ocrx_word' id='word_1_190' title='bbox 1501 3954 1528 3993; x_wconf 73' lang='lat'><strong>⁶</strong></span> 
     </span>
     <span class='ocr_line' id='line_1_42' title="bbox 357 4043 1557 4178; baseline -0.004 -68"><span class='ocrx_word' id='word_1_191' title='bbox 357 4047 832 4178; x_wconf 77' lang='lat' dir='ltr'><strong>Benedicite</strong></span> <span class='ocrx_word' id='word_1_192' title='bbox 863 4045 1090 4109; x_wconf 89' lang='lat' dir='ltr'><strong>omnia</strong></span> <span class='ocrx_word' id='word_1_193' title='bbox 1119 4064 1324 4126; x_wconf 86' lang='lat' dir='ltr'><strong>opera</strong></span> <span class='ocrx_word' id='word_1_194' title='bbox 1343 4043 1557 4106; x_wconf 89' lang='lat' dir='ltr'><strong>domi-</strong></span> 
     </span>
    </p>

    <p class='ocr_par' dir='ltr' id='par_1_5' title="bbox 355 4133 1559 4394">
     <span class='ocr_line' id='line_1_43' title="bbox 504 4133 1558 4214; baseline -0.005 -16"><span class='ocrx_word' id='word_1_195' title='bbox 504 4137 570 4200; x_wconf 92' lang='lat' dir='ltr'><strong>ni</strong></span> <span class='ocrx_word' id='word_1_196' title='bbox 602 4135 915 4199; x_wconf 88' lang='lat' dir='ltr'><strong>domino:</strong></span> <span class='ocrx_word' id='word_1_197' title='bbox 947 4133 1216 4197; x_wconf 88' lang='lat' dir='ltr'><strong>laudate</strong></span> <span class='ocrx_word' id='word_1_198' title='bbox 1235 4142 1304 4196; x_wconf 92' lang='lat' dir='ltr'><strong>et</strong></span> <span class='ocrx_word' id='word_1_199' title='bbox 1332 4152 1558 4214; x_wconf 88' lang='lat' dir='ltr'><strong>super-</strong></span> 
     </span>
     <span class='ocr_line' id='line_1_44' title="bbox 357 4220 1559 4288; baseline -0.002 -3"><span class='ocrx_word' id='word_1_200' title='bbox 357 4224 656 4288; x_wconf 85' lang='lat' dir='ltr'><strong>exaltate</strong></span> <span class='ocrx_word' id='word_1_201' title='bbox 701 4243 855 4287; x_wconf 89' lang='lat' dir='ltr'><strong>eum</strong></span> <span class='ocrx_word' id='word_1_202' title='bbox 899 4223 969 4286; x_wconf 90' lang='lat' dir='ltr'><strong>in</strong></span> <span class='ocrx_word' id='word_1_203' title='bbox 1029 4220 1266 4285; x_wconf 87' lang='lat' dir='ltr'><strong>secula.</strong></span> <span class='ocrx_word' id='word_1_204' title='bbox 1340 4221 1559 4284; x_wconf 88' lang='lat' dir='ltr'><strong>Bene-</strong></span> 
     </span>
     <span class='ocr_line' id='line_1_45' title="bbox 355 4308 1555 4394; baseline -0.003 -18"><span class='ocrx_word' id='word_1_205' title='bbox 355 4311 557 4376; x_wconf 90' lang='lat' dir='ltr'><strong>dicite</strong></span> <span class='ocrx_word' id='word_1_206' title='bbox 631 4310 852 4394; x_wconf 86' lang='lat' dir='ltr'><strong>angeli</strong></span> <span class='ocrx_word' id='word_1_207' title='bbox 912 4311 1167 4375; x_wconf 90' lang='lat' dir='ltr'><strong>domini</strong></span> <span class='ocrx_word' id='word_1_208' title='bbox 1241 4308 1555 4373; x_wconf 89' lang='lat' dir='ltr'><strong>domino:</strong></span> 
     </span>
    </p>
   </div>
   <div class='ocr_carea' id='block_1_5' title="bbox 358 4445 1557 4763">
    <p class='ocr_par' dir='ltr' id='par_1_6' title="bbox 358 4445 1557 4763">
     <span class='ocr_line' id='line_1_46' title="bbox 453 4445 1264 4564; baseline -0.006 -65"><span class='ocrx_word' id='word_1_209' title='bbox 453 4449 475 4546; x_wconf 54' lang='grc' dir='ltr'>ἑ</span> <span class='ocrx_word' id='word_1_210' title='bbox 502 4455 576 4512; x_wconf 67' lang='lat' dir='ltr'><strong>pf.</strong></span> <span class='ocrx_word' id='word_1_211' title='bbox 599 4459 742 4562; x_wconf 48' lang='lat' dir='ltr'><strong>l1493·</strong></span> <span class='ocrx_word' id='word_1_212' title='bbox 763 4447 940 4564; x_wconf 81' lang='lat' dir='ltr'><strong><em>EWG.S</em></strong></span> <span class='ocrx_word' id='word_1_213' title='bbox 984 4445 1139 4495; x_wconf 67' lang='lat' dir='ltr'><strong>cxlix.</strong></span> <span class='ocrx_word' id='word_1_214' title='bbox 1160 4459 1178 4494; x_wconf 91' lang='lat'><strong>.·</strong></span> <span class='ocrx_word' id='word_1_215' title='bbox 1210 4445 1264 4494; x_wconf 89' lang='lat' dir='ltr'><strong>S.</strong></span> 
     </span>
     <span class='ocr_line' id='line_1_47' title="bbox 455 4521 1552 4678; baseline -0.02 -31"><span class='ocrx_word' id='word_1_216' title='bbox 455 4521 742 4678; x_wconf 53' lang='lat' dir='ltr'><strong>32³2?ssss</strong></span> <span class='ocrx_word' id='word_1_217' title='bbox 764 4551 824 4628; x_wconf 59' lang='lat' dir='ltr'><strong>e.</strong></span> <span class='ocrx_word' id='word_1_218' title='bbox 865 4548 1552 4662; x_wconf 45' lang='lat' dir='ltr'><strong>522521421234p2c22452</strong></span> 
     </span>
     <span class='ocr_line' id='line_1_48' title="bbox 358 4647 1557 4763; baseline -0.012 1"><span class='ocrx_word' id='word_1_219' title='bbox 358 4647 895 4763; x_wconf 38' lang='lat' dir='ltr'><strong>mamaeam</strong></span> <span class='ocrx_word' id='word_1_220' title='bbox 911 4647 1105 4761; x_wconf 50' lang='lat'><strong>12:133</strong></span> <span class='ocrx_word' id='word_1_221' title='bbox 1279 4651 1330 4695; x_wconf 66' lang='lat'><strong>⁶²</strong></span> <span class='ocrx_word' id='word_1_222' title='bbox 1361 4652 1557 4709; x_wconf 59' lang='lat' dir='ltr'><strong>pm</strong></span> 
     </span>
    </p>
   </div>
   <div class='ocr_carea' id='block_1_6' title="bbox 2159 574 2316 633">
    <p class='ocr_par' dir='ltr' id='par_1_7' title="bbox 2159 574 2316 633">
     <span class='ocr_line' id='line_1_49' title="bbox 2159 574 2316 633; baseline 0.013 -3"><span class='ocrx_word' id='word_1_223' title='bbox 2159 574 2316 633; x_wconf 81' lang='lat'><strong>928</strong></span> 
     </span>
    </p>
   </div>
   <div class='ocr_carea' id='block_1_7' title="bbox 1647 682 2853 4762">
    <p class='ocr_par' dir='ltr' id='par_1_8' title="bbox 1647 682 2853 4393">
     <span class='ocr_line' id='line_1_50' title="bbox 1649 682 2851 749; baseline 0.002 -2"><span class='ocrx_word' id='word_1_224' title='bbox 1649 682 2023 748; x_wconf 87' lang='lat' dir='ltr'><strong>benedicite</strong></span> <span class='ocrx_word' id='word_1_225' title='bbox 2053 684 2176 748; x_wconf 92' lang='lat' dir='ltr'><strong>celi</strong></span> <span class='ocrx_word' id='word_1_226' title='bbox 2199 684 2489 749; x_wconf 82' lang='lat' dir='ltr'><strong>domino,</strong></span> <span class='ocrx_word' id='word_1_227' title='bbox 2564 684 2851 749; x_wconf 84' lang='lat' dir='ltr'><strong>Benedi-</strong></span> 
     </span>
     <span class='ocr_line' id='line_1_51' title="bbox 1652 772 2850 855; baseline 0.001 -19"><span class='ocrx_word' id='word_1_228' title='bbox 1652 772 1783 836; x_wconf 93' lang='lat' dir='ltr'><strong>cite</strong></span> <span class='ocrx_word' id='word_1_229' title='bbox 1814 792 1989 854; x_wconf 89' lang='lat' dir='ltr'><strong>aque</strong></span> <span class='ocrx_word' id='word_1_230' title='bbox 2018 792 2253 837; x_wconf 89' lang='lat' dir='ltr'><strong>omnes</strong></span> <span class='ocrx_word' id='word_1_231' title='bbox 2284 793 2413 855; x_wconf 92' lang='lat' dir='ltr'><strong>que</strong></span> <span class='ocrx_word' id='word_1_232' title='bbox 2444 793 2643 855; x_wconf 88' lang='lat' dir='ltr'><strong>super</strong></span> <span class='ocrx_word' id='word_1_233' title='bbox 2671 773 2850 839; x_wconf 89' lang='lat' dir='ltr'><strong>celos</strong></span> 
     </span>
     <span class='ocr_line' id='line_1_52' title="bbox 1650 860 2849 927; baseline 0.003 -4"><span class='ocrx_word' id='word_1_234' title='bbox 1650 869 1808 923; x_wconf 88' lang='lat' dir='ltr'><strong>sunt</strong></span> <span class='ocrx_word' id='word_1_235' title='bbox 1837 860 2113 925; x_wconf 91' lang='lat' dir='ltr'><strong>domino</strong></span> <span class='ocrx_word' id='word_1_236' title='bbox 2140 882 2155 925; x_wconf 73' lang='grc' dir='ltr'>ε</span> <span class='ocrx_word' id='word_1_237' title='bbox 2219 862 2591 927; x_wconf 89' lang='lat' dir='ltr'><strong>benedicite</strong></span> <span class='ocrx_word' id='word_1_238' title='bbox 2615 882 2849 927; x_wconf 89' lang='lat' dir='ltr'><strong>omnes</strong></span> 
     </span>
     <span class='ocr_line' id='line_1_53' title="bbox 1649 949 2849 1014; baseline 0.003 -3"><span class='ocrx_word' id='word_1_239' title='bbox 1649 949 1927 1013; x_wconf 83' lang='lat' dir='ltr'><strong>virtutes</strong></span> <span class='ocrx_word' id='word_1_240' title='bbox 1958 950 2213 1014; x_wconf 89' lang='lat' dir='ltr'><strong>domini</strong></span> <span class='ocrx_word' id='word_1_241' title='bbox 2249 951 2540 1014; x_wconf 89' lang='lat' dir='ltr'><strong>domino.</strong></span> <span class='ocrx_word' id='word_1_242' title='bbox 2628 952 2849 1014; x_wconf 87' lang='lat' dir='ltr'><strong>Bene-</strong></span> 
     </span>
     <span class='ocr_line' id='line_1_54' title="bbox 1652 1037 2849 1103; baseline 0.003 -4"><span class='ocrx_word' id='word_1_243' title='bbox 1652 1037 1853 1100; x_wconf 91' lang='lat' dir='ltr'><strong>dicite</strong></span> <span class='ocrx_word' id='word_1_244' title='bbox 1880 1038 1981 1102; x_wconf 89' lang='lat' dir='ltr'><strong>sol</strong></span> <span class='ocrx_word' id='word_1_245' title='bbox 2011 1047 2081 1101; x_wconf 88' lang='lat' dir='ltr'><strong>et</strong></span> <span class='ocrx_word' id='word_1_246' title='bbox 2112 1037 2268 1102; x_wconf 87' lang='lat' dir='ltr'><strong>luna</strong></span> <span class='ocrx_word' id='word_1_247' title='bbox 2287 1039 2601 1103; x_wconf 87' lang='lat' dir='ltr'><strong>domino:</strong></span> <span class='ocrx_word' id='word_1_248' title='bbox 2646 1039 2849 1103; x_wconf 91' lang='lat' dir='ltr'><strong>bene-</strong></span> 
     </span>
     <span class='ocr_line' id='line_1_55' title="bbox 1651 1125 2848 1191; baseline 0.003 -3"><span class='ocrx_word' id='word_1_249' title='bbox 1651 1126 1854 1189; x_wconf 91' lang='lat' dir='ltr'><strong>dicite</strong></span> <span class='ocrx_word' id='word_1_250' title='bbox 1884 1125 2075 1190; x_wconf 89' lang='lat' dir='ltr'><strong>stelle</strong></span> <span class='ocrx_word' id='word_1_251' title='bbox 2106 1126 2227 1190; x_wconf 90' lang='lat' dir='ltr'><strong>celi</strong></span> <span class='ocrx_word' id='word_1_252' title='bbox 2258 1128 2553 1191; x_wconf 89' lang='lat' dir='ltr'><strong>domino.</strong></span> <span class='ocrx_word' id='word_1_253' title='bbox 2634 1128 2848 1191; x_wconf 88' lang='lat' dir='ltr'><strong>Bene-</strong></span> 
     </span>
     <span class='ocr_line' id='line_1_56' title="bbox 1648 1213 2849 1295; baseline 0.002 -18"><span class='ocrx_word' id='word_1_254' title='bbox 1648 1213 1851 1278; x_wconf 90' lang='lat' dir='ltr'><strong>dicite</strong></span> <span class='ocrx_word' id='word_1_255' title='bbox 1910 1213 2188 1295; x_wconf 85' lang='lat' dir='ltr'><strong>ymber⁷</strong></span> <span class='ocrx_word' id='word_1_256' title='bbox 2250 1225 2320 1279; x_wconf 88' lang='lat' dir='ltr'><strong>et</strong></span> <span class='ocrx_word' id='word_1_257' title='bbox 2379 1236 2487 1279; x_wconf 90' lang='lat' dir='ltr'><strong>ros</strong></span> <span class='ocrx_word' id='word_1_258' title='bbox 2538 1216 2849 1281; x_wconf 89' lang='lat' dir='ltr'><strong>domino:</strong></span> 
     </span>
     <span class='ocr_line' id='line_1_57' title="bbox 1649 1303 2849 1386; baseline 0.002 -21"><span class='ocrx_word' id='word_1_259' title='bbox 1649 1303 2023 1368; x_wconf 89' lang='lat' dir='ltr'><strong>benedicite</strong></span> <span class='ocrx_word' id='word_1_260' title='bbox 2048 1304 2263 1367; x_wconf 89' lang='lat' dir='ltr'><strong>omnis</strong></span> <span class='ocrx_word' id='word_1_261' title='bbox 2294 1304 2563 1386; x_wconf 89' lang='lat' dir='ltr'><strong>spiritus</strong></span> <span class='ocrx_word' id='word_1_262' title='bbox 2585 1305 2695 1368; x_wconf 92' lang='lat' dir='ltr'><strong>dei</strong></span> <span class='ocrx_word' id='word_1_263' title='bbox 2728 1304 2849 1367; x_wconf 90' lang='lat' dir='ltr'><strong>do-</strong></span> 
     </span>
     <span class='ocr_line' id='line_1_58' title="bbox 1652 1392 2849 1475; baseline 0.003 -21"><span class='ocrx_word' id='word_1_264' title='bbox 1652 1392 1853 1455; x_wconf 79' lang='lat' dir='ltr'><strong>mino,</strong></span> <span class='ocrx_word' id='word_1_265' title='bbox 1944 1392 2334 1456; x_wconf 90' lang='lat' dir='ltr'><strong>Benedicite</strong></span> <span class='ocrx_word' id='word_1_266' title='bbox 2368 1394 2537 1475; x_wconf 88' lang='lat' dir='ltr'><strong>ignis</strong></span> <span class='ocrx_word' id='word_1_267' title='bbox 2568 1402 2636 1456; x_wconf 90' lang='lat' dir='ltr'><strong>et</strong></span> <span class='ocrx_word' id='word_1_268' title='bbox 2666 1402 2849 1457; x_wconf 86' lang='lat' dir='ltr'><strong>estus</strong></span> 
     </span>
     <span class='ocr_line' id='line_1_59' title="bbox 1649 1478 2849 1563; baseline 0.003 -21"><span class='ocrx_word' id='word_1_269' title='bbox 1649 1478 1966 1544; x_wconf 87' lang='lat' dir='ltr'><strong>domino:</strong></span> <span class='ocrx_word' id='word_1_270' title='bbox 2011 1481 2386 1545; x_wconf 88' lang='lat' dir='ltr'><strong>benedicite</strong></span> <span class='ocrx_word' id='word_1_271' title='bbox 2416 1480 2621 1563; x_wconf 86' lang='lat' dir='ltr'><strong>frigus</strong></span> <span class='ocrx_word' id='word_1_272' title='bbox 2646 1490 2713 1545; x_wconf 92' lang='lat' dir='ltr'><strong>et</strong></span> <span class='ocrx_word' id='word_1_273' title='bbox 2745 1502 2849 1545; x_wconf 91' lang='lat' dir='ltr'><strong>es-</strong></span> 
     </span>
     <span class='ocr_line' id='line_1_60' title="bbox 1649 1568 2851 1634; baseline 0.002 -3"><span class='ocrx_word' id='word_1_274' title='bbox 1649 1576 1755 1631; x_wconf 83' lang='lat' dir='ltr'><strong>tas</strong></span> <span class='ocrx_word' id='word_1_275' title='bbox 1787 1568 2077 1633; x_wconf 89' lang='lat' dir='ltr'><strong>domino.</strong></span> <span class='ocrx_word' id='word_1_276' title='bbox 2164 1570 2553 1633; x_wconf 90' lang='lat' dir='ltr'><strong>Benedicite</strong></span> <span class='ocrx_word' id='word_1_277' title='bbox 2583 1590 2761 1633; x_wconf 90' lang='lat' dir='ltr'><strong>rores</strong></span> <span class='ocrx_word' id='word_1_278' title='bbox 2781 1578 2851 1634; x_wconf 88' lang='lat' dir='ltr'><strong>et</strong></span> 
     </span>
     <span class='ocr_line' id='line_1_61' title="bbox 1651 1657 2848 1740; baseline 0.001 -20"><span class='ocrx_word' id='word_1_279' title='bbox 1651 1658 1889 1739; x_wconf 87' lang='lat' dir='ltr'><strong>pruina</strong></span> <span class='ocrx_word' id='word_1_280' title='bbox 1940 1658 2245 1721; x_wconf 88' lang='lat' dir='ltr'><strong>domino:</strong></span> <span class='ocrx_word' id='word_1_281' title='bbox 2294 1657 2664 1722; x_wconf 88' lang='lat' dir='ltr'><strong>benedicite</strong></span> <span class='ocrx_word' id='word_1_282' title='bbox 2693 1658 2848 1740; x_wconf 91' lang='lat' dir='ltr'><strong>gelu</strong></span> 
     </span>
     <span class='ocr_line' id='line_1_62' title="bbox 1651 1744 2851 1827; baseline 0.003 -20"><span class='ocrx_word' id='word_1_283' title='bbox 1651 1753 1722 1807; x_wconf 88' lang='lat' dir='ltr'><strong>et</strong></span> <span class='ocrx_word' id='word_1_284' title='bbox 1782 1744 1985 1827; x_wconf 85' lang='lat' dir='ltr'><strong>frigus</strong></span> <span class='ocrx_word' id='word_1_285' title='bbox 2034 1746 2323 1809; x_wconf 80' lang='lat' dir='ltr'><strong>domine.</strong></span> <span class='ocrx_word' id='word_1_286' title='bbox 2458 1745 2851 1811; x_wconf 90' lang='lat' dir='ltr'><strong>Benedicite</strong></span> 
     </span>
     <span class='ocr_line' id='line_1_63' title="bbox 1652 1832 2851 1915; baseline 0.003 -20"><span class='ocrx_word' id='word_1_287' title='bbox 1652 1832 1899 1915; x_wconf 84' lang='lat' dir='ltr'><strong>glacies</strong></span> <span class='ocrx_word' id='word_1_288' title='bbox 1945 1841 2014 1897; x_wconf 92' lang='lat' dir='ltr'><strong>et</strong></span> <span class='ocrx_word' id='word_1_289' title='bbox 2054 1835 2238 1897; x_wconf 89' lang='lat' dir='ltr'><strong>nives</strong></span> <span class='ocrx_word' id='word_1_290' title='bbox 2285 1833 2600 1898; x_wconf 87' lang='lat' dir='ltr'><strong>domino:</strong></span> <span class='ocrx_word' id='word_1_291' title='bbox 2648 1835 2851 1898; x_wconf 90' lang='lat' dir='ltr'><strong>bene-</strong></span> 
     </span>
     <span class='ocr_line' id='line_1_64' title="bbox 1652 1922 2849 1989; baseline 0.005 -6"><span class='ocrx_word' id='word_1_292' title='bbox 1652 1922 1852 1985; x_wconf 90' lang='lat' dir='ltr'><strong>dicite</strong></span> <span class='ocrx_word' id='word_1_293' title='bbox 1912 1932 2144 1985; x_wconf 90' lang='lat' dir='ltr'><strong>noctes</strong></span> <span class='ocrx_word' id='word_1_294' title='bbox 2204 1930 2275 1985; x_wconf 85' lang='lat' dir='ltr'><strong>et</strong></span> <span class='ocrx_word' id='word_1_295' title='bbox 2333 1923 2475 1985; x_wconf 91' lang='lat' dir='ltr'><strong>dies</strong></span> <span class='ocrx_word' id='word_1_296' title='bbox 2549 1922 2849 1989; x_wconf 76' lang='lat' dir='ltr'><strong>domino·</strong></span> 
     </span>
     <span class='ocr_line' id='line_1_65' title="bbox 1651 2009 2851 2075; baseline 0 -2"><span class='ocrx_word' id='word_1_297' title='bbox 1651 2009 2041 2073; x_wconf 89' lang='lat' dir='ltr'><strong>Benedicite</strong></span> <span class='ocrx_word' id='word_1_298' title='bbox 2071 2010 2191 2073; x_wconf 83' lang='lat' dir='ltr'><strong>lux</strong></span> <span class='ocrx_word' id='word_1_299' title='bbox 2223 2020 2291 2073; x_wconf 91' lang='lat' dir='ltr'><strong>et</strong></span> <span class='ocrx_word' id='word_1_300' title='bbox 2336 2011 2605 2075; x_wconf 88' lang='lat' dir='ltr'><strong>tenebre</strong></span> <span class='ocrx_word' id='word_1_301' title='bbox 2637 2012 2851 2074; x_wconf 90' lang='lat' dir='ltr'><strong>domi-</strong></span> 
     </span>
     <span class='ocr_line' id='line_1_66' title="bbox 1653 2098 2849 2180; baseline 0.004 -21"><span class='ocrx_word' id='word_1_302' title='bbox 1653 2117 1781 2161; x_wconf 87' lang='lat' dir='ltr'><strong>no:</strong></span> <span class='ocrx_word' id='word_1_303' title='bbox 1828 2098 2201 2162; x_wconf 89' lang='lat' dir='ltr'><strong>benedicite</strong></span> <span class='ocrx_word' id='word_1_304' title='bbox 2242 2098 2503 2180; x_wconf 86' lang='lat' dir='ltr'><strong>fulgura</strong></span> <span class='ocrx_word' id='word_1_305' title='bbox 2536 2108 2603 2163; x_wconf 91' lang='lat' dir='ltr'><strong>et</strong></span> <span class='ocrx_word' id='word_1_306' title='bbox 2636 2100 2849 2164; x_wconf 89' lang='lat' dir='ltr'><strong>nubes</strong></span> 
     </span>
     <span class='ocr_line' id='line_1_67' title="bbox 1652 2186 2849 2251; baseline 0.002 -2"><span class='ocrx_word' id='word_1_307' title='bbox 1652 2186 1944 2250; x_wconf 78' lang='lat' dir='ltr'><strong>domino,</strong></span> <span class='ocrx_word' id='word_1_308' title='bbox 2032 2186 2402 2251; x_wconf 90' lang='lat' dir='ltr'><strong>Benedicat</strong></span> <span class='ocrx_word' id='word_1_309' title='bbox 2475 2195 2653 2251; x_wconf 90' lang='lat' dir='ltr'><strong>terra</strong></span> <span class='ocrx_word' id='word_1_310' title='bbox 2726 2188 2849 2251; x_wconf 92' lang='lat' dir='ltr'><strong>do-</strong></span> 
     </span>
     <span class='ocr_line' id='line_1_68' title="bbox 1654 2274 2851 2357; baseline 0.002 -19"><span class='ocrx_word' id='word_1_311' title='bbox 1654 2274 1929 2339; x_wconf 77' lang='lat' dir='ltr'><strong>mino⁸t</strong></span> <span class='ocrx_word' id='word_1_312' title='bbox 1975 2274 2204 2339; x_wconf 82' lang='lat' dir='ltr'><strong>laudet</strong></span> <span class='ocrx_word' id='word_1_313' title='bbox 2265 2284 2333 2338; x_wconf 88' lang='lat' dir='ltr'><strong>et</strong></span> <span class='ocrx_word' id='word_1_314' title='bbox 2392 2276 2851 2357; x_wconf 85' lang='lat' dir='ltr'><strong>superexaltet</strong></span> 
     </span>
     <span class='ocr_line' id='line_1_69' title="bbox 1652 2364 2849 2427; baseline 0.002 -2"><span class='ocrx_word' id='word_1_315' title='bbox 1652 2382 1806 2426; x_wconf 91' lang='lat' dir='ltr'><strong>eum</strong></span> <span class='ocrx_word' id='word_1_316' title='bbox 1828 2364 1893 2426; x_wconf 89' lang='lat' dir='ltr'><strong>in</strong></span> <span class='ocrx_word' id='word_1_317' title='bbox 1913 2364 2148 2427; x_wconf 83' lang='lat' dir='ltr'><strong>secula.</strong></span> <span class='ocrx_word' id='word_1_318' title='bbox 2240 2364 2631 2427; x_wconf 89' lang='lat' dir='ltr'><strong>Benedicite</strong></span> <span class='ocrx_word' id='word_1_319' title='bbox 2662 2384 2849 2427; x_wconf 91' lang='lat' dir='ltr'><strong>mon-</strong></span> 
     </span>
     <span class='ocr_line' id='line_1_70' title="bbox 1651 2450 2851 2517; baseline 0.001 -2"><span class='ocrx_word' id='word_1_320' title='bbox 1651 2460 1755 2515; x_wconf 91' lang='lat' dir='ltr'><strong>tes</strong></span> <span class='ocrx_word' id='word_1_321' title='bbox 1784 2460 1855 2515; x_wconf 91' lang='lat' dir='ltr'><strong>et</strong></span> <span class='ocrx_word' id='word_1_322' title='bbox 1884 2450 2089 2515; x_wconf 92' lang='lat' dir='ltr'><strong>colles</strong></span> <span class='ocrx_word' id='word_1_323' title='bbox 2138 2452 2413 2515; x_wconf 90' lang='lat' dir='ltr'><strong>domino</strong></span> <span class='ocrx_word' id='word_1_324' title='bbox 2475 2453 2851 2517; x_wconf 90' lang='lat' dir='ltr'><strong>benedicite</strong></span> 
     </span>
     <span class='ocr_line' id='line_1_71' title="bbox 1653 2540 2853 2623; baseline 0.002 -19"><span class='ocrx_word' id='word_1_325' title='bbox 1653 2540 1953 2604; x_wconf 88' lang='lat' dir='ltr'><strong>universa</strong></span> <span class='ocrx_word' id='word_1_326' title='bbox 1971 2541 2412 2623; x_wconf 85' lang='lat' dir='ltr'><strong>germinantia</strong></span> <span class='ocrx_word' id='word_1_327' title='bbox 2441 2541 2507 2606; x_wconf 91' lang='lat' dir='ltr'><strong>in</strong></span> <span class='ocrx_word' id='word_1_328' title='bbox 2528 2549 2703 2606; x_wconf 90' lang='lat' dir='ltr'><strong>terra</strong></span> <span class='ocrx_word' id='word_1_329' title='bbox 2731 2542 2853 2606; x_wconf 92' lang='lat' dir='ltr'><strong>do-</strong></span> 
     </span>
     <span class='ocr_line' id='line_1_72' title="bbox 1649 2629 2852 2695; baseline 0.002 -3"><span class='ocrx_word' id='word_1_330' title='bbox 1649 2630 1850 2693; x_wconf 84' lang='lat' dir='ltr'><strong>mino,</strong></span> <span class='ocrx_word' id='word_1_331' title='bbox 1916 2629 2305 2694; x_wconf 90' lang='lat' dir='ltr'><strong>Benedicite</strong></span> <span class='ocrx_word' id='word_1_332' title='bbox 2336 2629 2553 2695; x_wconf 82' lang='lat' dir='ltr'><strong>sontes</strong></span> <span class='ocrx_word' id='word_1_333' title='bbox 2576 2630 2852 2695; x_wconf 90' lang='lat' dir='ltr'><strong>domino</strong></span> 
     </span>
     <span class='ocr_line' id='line_1_73' title="bbox 1649 2717 2853 2784; baseline 0.002 -2"><span class='ocrx_word' id='word_1_334' title='bbox 1649 2717 2023 2782; x_wconf 89' lang='lat' dir='ltr'><strong>benedicite</strong></span> <span class='ocrx_word' id='word_1_335' title='bbox 2114 2720 2323 2782; x_wconf 88' lang='lat' dir='ltr'><strong>maria</strong></span> <span class='ocrx_word' id='word_1_336' title='bbox 2406 2729 2477 2782; x_wconf 92' lang='lat' dir='ltr'><strong>et</strong></span> <span class='ocrx_word' id='word_1_337' title='bbox 2574 2718 2853 2784; x_wconf 87' lang='lat' dir='ltr'><strong>flumina</strong></span> 
     </span>
     <span class='ocr_line' id='line_1_74' title="bbox 1647 2805 2851 2873; baseline 0.003 -5"><span class='ocrx_word' id='word_1_338' title='bbox 1647 2805 1937 2871; x_wconf 91' lang='lat' dir='ltr'><strong>domino.</strong></span> <span class='ocrx_word' id='word_1_339' title='bbox 2029 2807 2417 2872; x_wconf 89' lang='lat' dir='ltr'><strong>Benedicite</strong></span> <span class='ocrx_word' id='word_1_340' title='bbox 2441 2817 2587 2873; x_wconf 90' lang='lat' dir='ltr'><strong>cete</strong></span> <span class='ocrx_word' id='word_1_341' title='bbox 2610 2817 2679 2872; x_wconf 91' lang='lat' dir='ltr'><strong>et</strong></span> <span class='ocrx_word' id='word_1_342' title='bbox 2710 2829 2851 2872; x_wconf 88' lang='lat' dir='ltr'><strong>om-</strong></span> 
     </span>
     <span class='ocr_line' id='line_1_75' title="bbox 1651 2895 2849 2978; baseline 0.002 -20"><span class='ocrx_word' id='word_1_343' title='bbox 1651 2895 1763 2958; x_wconf 91' lang='lat' dir='ltr'><strong>nia</strong></span> <span class='ocrx_word' id='word_1_344' title='bbox 1793 2915 1923 2978; x_wconf 89' lang='lat' dir='ltr'><strong>que</strong></span> <span class='ocrx_word' id='word_1_345' title='bbox 1972 2904 2325 2959; x_wconf 88' lang='lat' dir='ltr'><strong>moventur</strong></span> <span class='ocrx_word' id='word_1_346' title='bbox 2372 2895 2439 2959; x_wconf 90' lang='lat' dir='ltr'><strong>in</strong></span> <span class='ocrx_word' id='word_1_347' title='bbox 2489 2898 2681 2978; x_wconf 88' lang='lat' dir='ltr'><strong>aquis</strong></span> <span class='ocrx_word' id='word_1_348' title='bbox 2730 2898 2849 2960; x_wconf 91' lang='lat' dir='ltr'><strong>do-</strong></span> 
     </span>
     <span class='ocr_line' id='line_1_76' title="bbox 1652 2983 2851 3049; baseline 0.003 -3"><span class='ocrx_word' id='word_1_349' title='bbox 1652 2983 1873 3048; x_wconf 88' lang='lat' dir='ltr'><strong>mino:</strong></span> <span class='ocrx_word' id='word_1_350' title='bbox 1898 2983 2273 3047; x_wconf 88' lang='lat' dir='ltr'><strong>benedicite</strong></span> <span class='ocrx_word' id='word_1_351' title='bbox 2302 3004 2533 3048; x_wconf 90' lang='lat' dir='ltr'><strong>omnes</strong></span> <span class='ocrx_word' id='word_1_352' title='bbox 2552 2986 2851 3049; x_wconf 88' lang='lat' dir='ltr'><strong>volucres</strong></span> 
     </span>
     <span class='ocr_line' id='line_1_77' title="bbox 1652 3071 2851 3139; baseline 0.003 -3"><span class='ocrx_word' id='word_1_353' title='bbox 1652 3071 1773 3136; x_wconf 89' lang='lat' dir='ltr'><strong>celi</strong></span> <span class='ocrx_word' id='word_1_354' title='bbox 1822 3071 2115 3136; x_wconf 88' lang='lat' dir='ltr'><strong>domino.</strong></span> <span class='ocrx_word' id='word_1_355' title='bbox 2204 3072 2593 3137; x_wconf 90' lang='lat' dir='ltr'><strong>Benedicite</strong></span> <span class='ocrx_word' id='word_1_356' title='bbox 2616 3094 2851 3139; x_wconf 90' lang='lat' dir='ltr'><strong>omnes</strong></span> 
     </span>
     <span class='ocr_line' id='line_1_78' title="bbox 1653 3161 2849 3243; baseline 0.002 -19"><span class='ocrx_word' id='word_1_357' title='bbox 1653 3161 1863 3224; x_wconf 91' lang='lat' dir='ltr'><strong>bestie</strong></span> <span class='ocrx_word' id='word_1_358' title='bbox 1894 3169 1963 3223; x_wconf 88' lang='lat' dir='ltr'><strong>et</strong></span> <span class='ocrx_word' id='word_1_359' title='bbox 2008 3180 2247 3243; x_wconf 88' lang='lat' dir='ltr'><strong>pecora</strong></span> <span class='ocrx_word' id='word_1_360' title='bbox 2291 3161 2603 3226; x_wconf 90' lang='lat' dir='ltr'><strong>domino:</strong></span> <span class='ocrx_word' id='word_1_361' title='bbox 2650 3163 2849 3226; x_wconf 89' lang='lat' dir='ltr'><strong>bene-</strong></span> 
     </span>
     <span class='ocr_line' id='line_1_79' title="bbox 1653 3247 2849 3336; baseline 0.003 -24"><span class='ocrx_word' id='word_1_362' title='bbox 1653 3249 1857 3312; x_wconf 89' lang='lat' dir='ltr'><strong>dicite</strong></span> <span class='ocrx_word' id='word_1_363' title='bbox 1930 3248 2045 3311; x_wconf 85' lang='lat' dir='ltr'><strong>filii</strong></span> <span class='ocrx_word' id='word_1_364' title='bbox 2135 3247 2480 3313; x_wconf 88' lang='lat' dir='ltr'><strong>hominum</strong></span> <span class='ocrx_word' id='word_1_365' title='bbox 2556 3251 2849 3336; x_wconf 77' lang='lat' dir='ltr'><strong>domino,</strong></span> 
     </span>
     <span class='ocr_line' id='line_1_80' title="bbox 1653 3337 2851 3405; baseline 0.003 -5"><span class='ocrx_word' id='word_1_366' title='bbox 1653 3337 2221 3402; x_wconf 88' lang='lat' dir='ltr'><strong>Benedicatisrael</strong></span> <span class='ocrx_word' id='word_1_367' title='bbox 2240 3339 2551 3401; x_wconf 81' lang='lat' dir='ltr'><strong>domino⁸</strong></span> <span class='ocrx_word' id='word_1_368' title='bbox 2574 3361 2589 3403; x_wconf 91' lang='lat'><strong>:</strong></span> <span class='ocrx_word' id='word_1_369' title='bbox 2622 3339 2851 3405; x_wconf 90' lang='lat' dir='ltr'><strong>laudet</strong></span> 
     </span>
     <span class='ocr_line' id='line_1_81' title="bbox 1653 3425 2849 3508; baseline 0.004 -20"><span class='ocrx_word' id='word_1_370' title='bbox 1653 3434 1723 3488; x_wconf 88' lang='lat' dir='ltr'><strong>et</strong></span> <span class='ocrx_word' id='word_1_371' title='bbox 1786 3425 2238 3508; x_wconf 81' lang='lat' dir='ltr'><strong>superexaltet</strong></span> <span class='ocrx_word' id='word_1_372' title='bbox 2290 3446 2442 3489; x_wconf 90' lang='lat' dir='ltr'><strong>eum</strong></span> <span class='ocrx_word' id='word_1_373' title='bbox 2493 3429 2559 3490; x_wconf 89' lang='lat' dir='ltr'><strong>in</strong></span> <span class='ocrx_word' id='word_1_374' title='bbox 2609 3427 2849 3494; x_wconf 88' lang='lat' dir='ltr'><strong>secula.</strong></span> 
     </span>
     <span class='ocr_line' id='line_1_82' title="bbox 1653 3514 2849 3581; baseline 0.003 -3"><span class='ocrx_word' id='word_1_375' title='bbox 1653 3514 2042 3578; x_wconf 88' lang='lat' dir='ltr'><strong>Benedicite</strong></span> <span class='ocrx_word' id='word_1_376' title='bbox 2130 3517 2507 3579; x_wconf 88' lang='lat' dir='ltr'><strong>sacerdotes</strong></span> <span class='ocrx_word' id='word_1_377' title='bbox 2592 3515 2849 3581; x_wconf 90' lang='lat' dir='ltr'><strong>domini</strong></span> 
     </span>
     <span class='ocr_line' id='line_1_83' title="bbox 1653 3601 2850 3669; baseline 0.003 -3"><span class='ocrx_word' id='word_1_378' title='bbox 1653 3602 1931 3666; x_wconf 90' lang='lat' dir='ltr'><strong>domino</strong></span> <span class='ocrx_word' id='word_1_379' title='bbox 1954 3624 1969 3666; x_wconf 73' lang='grc' dir='ltr'><strong>ε</strong></span> <span class='ocrx_word' id='word_1_380' title='bbox 2015 3601 2387 3666; x_wconf 90' lang='lat' dir='ltr'><strong>benedicite</strong></span> <span class='ocrx_word' id='word_1_381' title='bbox 2406 3604 2573 3667; x_wconf 89' lang='lat' dir='ltr'><strong>servi</strong></span> <span class='ocrx_word' id='word_1_382' title='bbox 2594 3604 2850 3669; x_wconf 89' lang='lat' dir='ltr'><strong>domini</strong></span> 
     </span>
     <span class='ocr_line' id='line_1_84' title="bbox 1654 3690 2851 3774; baseline 0.004 -21"><span class='ocrx_word' id='word_1_383' title='bbox 1654 3690 1946 3754; x_wconf 90' lang='lat' dir='ltr'><strong>domino.</strong></span> <span class='ocrx_word' id='word_1_384' title='bbox 2036 3690 2425 3755; x_wconf 90' lang='lat' dir='ltr'><strong>Benedicite</strong></span> <span class='ocrx_word' id='word_1_385' title='bbox 2472 3693 2737 3774; x_wconf 89' lang='lat' dir='ltr'><strong>spiritus</strong></span> <span class='ocrx_word' id='word_1_386' title='bbox 2780 3705 2851 3759; x_wconf 90' lang='lat' dir='ltr'><strong>et</strong></span> 
     </span>
     <span class='ocr_line' id='line_1_85' title="bbox 1653 3779 2851 3860; baseline 0.004 -18"><span class='ocrx_word' id='word_1_387' title='bbox 1653 3779 1875 3842; x_wconf 88' lang='lat' dir='ltr'><strong>anime</strong></span> <span class='ocrx_word' id='word_1_388' title='bbox 1904 3779 2231 3860; x_wconf 88' lang='lat' dir='ltr'><strong>justorum</strong></span> <span class='ocrx_word' id='word_1_389' title='bbox 2293 3779 2605 3846; x_wconf 89' lang='lat' dir='ltr'><strong>domino:</strong></span> <span class='ocrx_word' id='word_1_390' title='bbox 2651 3783 2851 3847; x_wconf 85' lang='lat' dir='ltr'><strong>bene·</strong></span> 
     </span>
     <span class='ocr_line' id='line_1_86' title="bbox 1654 3867 2851 3936; baseline 0.005 -6"><span class='ocrx_word' id='word_1_391' title='bbox 1654 3867 1854 3932; x_wconf 87' lang='lat' dir='ltr'><strong>dicite</strong></span> <span class='ocrx_word' id='word_1_392' title='bbox 1914 3869 2127 3932; x_wconf 90' lang='lat' dir='ltr'><strong>sancti</strong></span> <span class='ocrx_word' id='word_1_393' title='bbox 2188 3877 2255 3933; x_wconf 92' lang='lat' dir='ltr'><strong>et</strong></span> <span class='ocrx_word' id='word_1_394' title='bbox 2314 3869 2597 3933; x_wconf 88' lang='lat' dir='ltr'><strong>humiles</strong></span> <span class='ocrx_word' id='word_1_395' title='bbox 2647 3872 2851 3936; x_wconf 88' lang='lat' dir='ltr'><strong>corde</strong></span> 
     </span>
     <span class='ocr_line' id='line_1_87' title="bbox 1653 3955 2851 4024; baseline 0.004 -5"><span class='ocrx_word' id='word_1_396' title='bbox 1653 3957 1945 4020; x_wconf 79' lang='lat' dir='ltr'><strong>domino,</strong></span> <span class='ocrx_word' id='word_1_397' title='bbox 2033 3955 2419 4021; x_wconf 86' lang='lat' dir='ltr'><strong>Benedicite</strong></span> <span class='ocrx_word' id='word_1_398' title='bbox 2443 3960 2683 4023; x_wconf 88' lang='lat' dir='ltr'><strong>anania</strong></span> <span class='ocrx_word' id='word_1_399' title='bbox 2702 3981 2851 4024; x_wconf 89' lang='lat' dir='ltr'><strong>aza-</strong></span> 
     </span>
     <span class='ocr_line' id='line_1_88' title="bbox 1655 4043 2851 4114; baseline 0.006 -8"><span class='ocrx_word' id='word_1_400' title='bbox 1655 4045 1752 4108; x_wconf 90' lang='lat' dir='ltr'><strong>ria</strong></span> <span class='ocrx_word' id='word_1_401' title='bbox 1798 4043 2027 4108; x_wconf 89' lang='lat' dir='ltr'><strong>misael</strong></span> <span class='ocrx_word' id='word_1_402' title='bbox 2086 4045 2400 4110; x_wconf 87' lang='lat' dir='ltr'><strong>domino:</strong></span> <span class='ocrx_word' id='word_1_403' title='bbox 2454 4046 2721 4112; x_wconf 88' lang='lat' dir='ltr'><strong>laudate</strong></span> <span class='ocrx_word' id='word_1_404' title='bbox 2782 4058 2851 4114; x_wconf 89' lang='lat' dir='ltr'><strong>et</strong></span> 
     </span>
     <span class='ocr_line' id='line_1_89' title="bbox 1654 4131 2848 4214; baseline 0.005 -18"><span class='ocrx_word' id='word_1_405' title='bbox 1654 4131 2153 4214; x_wconf 86' lang='lat' dir='ltr'><strong>superexaltate</strong></span> <span class='ocrx_word' id='word_1_406' title='bbox 2238 4155 2389 4197; x_wconf 89' lang='lat' dir='ltr'><strong>eum</strong></span> <span class='ocrx_word' id='word_1_407' title='bbox 2468 4136 2534 4197; x_wconf 89' lang='lat' dir='ltr'><strong>in</strong></span> <span class='ocrx_word' id='word_1_408' title='bbox 2608 4138 2848 4204; x_wconf 90' lang='lat' dir='ltr'><strong>secula.</strong></span> 
     </span>
     <span class='ocr_line' id='line_1_90' title="bbox 1655 4221 2849 4305; baseline 0.006 -22"><span class='ocrx_word' id='word_1_409' title='bbox 1655 4221 2143 4284; x_wconf 89' lang='lat' dir='ltr'><strong>Benedicamus</strong></span> <span class='ocrx_word' id='word_1_410' title='bbox 2204 4232 2461 4305; x_wconf 90' lang='lat' dir='ltr'><strong>patrem</strong></span> <span class='ocrx_word' id='word_1_411' title='bbox 2524 4234 2591 4288; x_wconf 92' lang='lat' dir='ltr'><strong>et</strong></span> <span class='ocrx_word' id='word_1_412' title='bbox 2638 4224 2849 4290; x_wconf 88' lang='lat' dir='ltr'><strong>filium</strong></span> 
     </span>
     <span class='ocr_line' id='line_1_91' title="bbox 1655 4308 2851 4393; baseline 0.006 -20"><span class='ocrx_word' id='word_1_413' title='bbox 1655 4330 1808 4374; x_wconf 86' lang='lat' dir='ltr'><strong>cum</strong></span> <span class='ocrx_word' id='word_1_414' title='bbox 1840 4318 2072 4374; x_wconf 88' lang='lat' dir='ltr'><strong>sancto</strong></span> <span class='ocrx_word' id='word_1_415' title='bbox 2090 4308 2363 4393; x_wconf 88' lang='lat' dir='ltr'><strong>spiritu:</strong></span> <span class='ocrx_word' id='word_1_416' title='bbox 2408 4311 2750 4378; x_wconf 88' lang='lat' dir='ltr'><strong>laudemus</strong></span> <span class='ocrx_word' id='word_1_417' title='bbox 2782 4323 2851 4380; x_wconf 89' lang='lat' dir='ltr'><strong>et</strong></span> 
     </span>
    </p>

    <p class='ocr_par' dir='ltr' id='par_1_9' title="bbox 1657 4444 2847 4627">
     <span class='ocr_line' id='line_1_92' title="bbox 1753 4444 2299 4508; baseline 0.005 -15"><span class='ocrx_word' id='word_1_418' title='bbox 1753 4445 1775 4474; x_wconf 83' lang='lat'>⁸</span> <span class='ocrx_word' id='word_1_419' title='bbox 1808 4444 2043 4494; x_wconf 53' lang='lat' dir='ltr'><strong>Danielis</strong></span> <span class='ocrx_word' id='word_1_420' title='bbox 2064 4457 2093 4508; x_wconf 88' lang='lat'>3</span> <span class='ocrx_word' id='word_1_421' title='bbox 2114 4459 2129 4490; x_wconf 90' lang='lat'><strong>.·</strong></span> <span class='ocrx_word' id='word_1_422' title='bbox 2162 4445 2229 4496; x_wconf 79' lang='lat' dir='ltr'><strong>E.</strong></span> <span class='ocrx_word' id='word_1_423' title='bbox 2243 4446 2299 4496; x_wconf 85' lang='lat' dir='ltr'><strong>G.</strong></span> 
     </span>
     <span class='ocr_line' id='line_1_93' title="bbox 1657 4511 2847 4627; baseline 0.007 -68"><span class='ocrx_word' id='word_1_424' title='bbox 1657 4514 1775 4627; x_wconf 49' lang='lat' dir='ltr'><strong>Da:</strong></span> <span class='ocrx_word' id='word_1_425' title='bbox 1790 4511 2051 4626; x_wconf 40' lang='grc' dir='ltr'><strong>ὲρμέν</strong></span> <span class='ocrx_word' id='word_1_426' title='bbox 2086 4511 2369 4562; x_wconf 69' lang='lat' dir='ltr'><strong>‘Catuicum</strong></span> <span class='ocrx_word' id='word_1_427' title='bbox 2384 4514 2545 4565; x_wconf 72' lang='lat' dir='ltr'><strong>trium</strong></span> <span class='ocrx_word' id='word_1_428' title='bbox 2556 4521 2847 4580; x_wconf 73' lang='lat' dir='ltr'><strong>puerorum.</strong></span> 
     </span>
    </p>

    <p class='ocr_par' dir='ltr' id='par_1_10' title="bbox 1759 4595 2241 4695">
     <span class='ocr_line' id='line_1_94' title="bbox 1759 4595 2241 4695; baseline 0.006 -3"><span class='ocrx_word' id='word_1_429' title='bbox 1759 4648 1775 4674; x_wconf 65' lang='grc' dir='ltr'><em>τ</em></span> <span class='ocrx_word' id='word_1_430' title='bbox 1809 4595 2009 4692; x_wconf 60' lang='grc' dir='ltr'><strong>ῑζιζιέειζ</strong></span> <span class='ocrx_word' id='word_1_431' title='bbox 2040 4645 2101 4694; x_wconf 88' lang='lat' dir='ltr'><strong>G.</strong></span> <span class='ocrx_word' id='word_1_432' title='bbox 2116 4643 2241 4695; x_wconf 79' lang='lat' dir='ltr'><strong>W.s</strong></span> 
     </span>
    </p>

    <p class='ocr_par' dir='ltr' id='par_1_11' title="bbox 1754 4709 2351 4762">
     <span class='ocr_line' id='line_1_95' title="bbox 1754 4709 2351 4762; baseline 0.007 -4"><span class='ocrx_word' id='word_1_433' title='bbox 1754 4711 1775 4741; x_wconf 81' lang='lat'>⁸</span> <span class='ocrx_word' id='word_1_434' title='bbox 1807 4709 2098 4760; x_wconf 86' lang='lat' dir='ltr'><strong>dominum:</strong></span> <span class='ocrx_word' id='word_1_435' title='bbox 2133 4711 2351 4762; x_wconf 90' lang='lat' dir='ltr'>G.W.S.</span> 
     </span>
    </p>
   </div>
  </div>
 </body>
</html>
