3375 5100
1138 406 1191 461 S
1198 405 1464 462 UFFRA
1472 407 1613 462 GJA
1672 408 1722 463 C
1721 408 1887 465 ONS
1889 409 2000 465 UE
2005 409 2061 464 T
2053 410 2130 465 Α.

909 515 1067 571 939

356 640 598 704 opera:
644 622 735 687 da
758 624 959 687 servis
984 624 1115 686 tuis
1145 622 1327 687 illam
1348 643 1550 706 quam

359 712 647 775 mundus
678 713 839 775 dare
868 732 1003 775 non
1036 721 1258 794 potest
1277 732 1509 794 pacem
1536 732 1552 775 z

2175 520 2332 574 940

1654 624 1872 687 moria
1901 625 1982 689 de
2007 646 2188 689 cruce
2208 647 2232 688 .·
2261 635 2326 689 et
2353 624 2672 689 memoria
2696 626 2871 689 beate

1656 713 1874 777 marie
1893 712 1918 751 ⁹
1979 724 2283 778 mutatur
2339 724 2418 778 ut
2460 716 2726 797 plenius
2773 716 2871 779 ibi

358 809 436 864 ut
458 810 527 864 et
558 801 761 864 corda
792 809 1023 863 nostra
1056 800 1393 864 mandatis
1420 800 1553 864 tuis
1642 811 1845 884 patet.

357 889 587 953 dedita
610 898 679 953 et
708 888 999 953 hostium
1034 889 1299 953 sublata
1328 887 1553 952 formi-

355 978 550 1043 dine:
618 988 923 1060 tempora
956 978 1092 1042 sint
1133 988 1249 1041 tua
1297 987 1553 1060 protec-

354 1068 538 1130 tione
554 1066 933 1148 tranquilla.
1307 1066 1555 1130 Oratio.

353 1155 769 1287 Fidelium
801 1155 966 1219 deus
996 1153 1294 1217 omnium
1326 1156 1555 1217 condi-

487 1253 595 1307 tor
650 1252 721 1307 et
780 1245 1161 1325 redemptor
1205 1244 1556 1309 animabus

353 1333 655 1396 omnium
678 1333 694 1371 ¹
718 1332 1115 1396 famulorum
1128 1331 1554 1396 famularum-

354 1441 486 1502 que
517 1430 782 1484 tuarum
804 1422 1259 1485 remissionem
1282 1430 1551 1485 cuncto-

354 1530 501 1573 rum
532 1509 752 1574 tribue
782 1520 1207 1592 peccatorum
1232 1517 1308 1574 ut
1338 1508 1554 1573 indul-

352 1600 649 1680 gentiam
712 1618 914 1681 quam
968 1618 1234 1679 semper
1279 1607 1551 1679 optave-

354 1696 508 1750 runt
540 1686 667 1768 piis
697 1687 1292 1769 supplicationibus
1323 1707 1551 1751 conse-

352 1784 658 1857 quantur.
1303 1774 1549 1839 Oratio.

490 1865 746 1928 mnium
772 1871 1153 1927 sanctorum
1186 1864 1211 1901 ²
1242 1864 1551 1927 interces-

488 1954 784 2016 sionibus
845 1973 1205 2034 quesumus
1280 1953 1553 2015 domine

348 2042 566 2123 gratia
597 2050 714 2105 tua
743 2061 863 2104 nos
910 2061 1173 2122 semper
1203 2050 1549 2124 protegat:

349 2138 421 2195 et
472 2130 843 2194 christianis
885 2130 1229 2193 omnibus³
1272 2130 1550 2194 viventi-

350 2219 475 2281 bus
507 2228 707 2300 atque
753 2217 1084 2282 defunctis
1117 2217 1551 2282 misericordi-

348 2328 459 2369 am
516 2316 702 2371 tuam
764 2307 1013 2388 ubique
1062 2308 1431 2389 pretende:
1478 2315 1553 2370 ut

348 2396 647 2459 viventes
708 2396 794 2459 ab
844 2394 1153 2459 omnibus
1202 2396 1552 2478 impugna-

351 2484 643 2548 tionibus
674 2484 927 2549 defensi
961 2493 1077 2547 tua
1110 2485 1553 2568 opitulatione

349 2573 729 2638 salventur:
778 2583 849 2638 et
894 2573 1191 2637 defuncti
1224 2575 1553 2637 remissio-

351 2682 506 2725 nem
538 2664 841 2726 omnium
872 2683 1142 2726 suorum
1176 2673 1556 2726 mereantur

347 2751 651 2833 accipere
682 2761 1125 2833 peccatorum.
1176 2751 1301 2814 Per
1332 2751 1556 2817 Chris—

347 2847 494 2902 tum
527 2839 873 2903 dominum
908 2850 1227 2904 nostrum.
1282 2839 1557 2904 Amen.⁴

342 2927 401 2990 F
404 2928 675 2992 idelium
686 2929 907 2993 anime
917 2949 1035 3010 per
1046 2929 1559 2992 misericordiam

345 3016 453 3078 dei
488 3017 554 3080 in
585 3037 752 3099 pace
783 3017 1216 3099 requiescant.
1285 3017 1528 3082 amem-'³

348 3109 415 3182 (s
448 3104 835 3187 Sequuntur
858 3105 1191 3188 suffragia
1219 3115 1538 3169 consueta.

342 3195 408 3258 A
461 3194 638 3276 festo
694 3203 911 3258 sancte
939 3193 1269 3258 trinitatis
1298 3215 1501 3275 usque
1528 3194 1554 3232 ⁶

342 3284 695 3347 adventum
739 3283 997 3346 domini
1005 3281 1226 3366 fiant⁷
1258 3281 1560 3346 memorie

351 3382 680 3452 sequentes
722 3371 862 3435 nisi
900 3371 1159 3454 quando
1169 3371 1268 3454 fit
1291 3371 1555 3435 serviti-

344 3480 460 3522 um
499 3481 643 3524 cum
690 3460 1011 3543 regimine
1050 3461 1233 3525 chori
1250 3483 1276 3524 .·
1318 3481 1397 3524 ac
1436 3460 1557 3522 eti-

340 3569 453 3611 am
498 3558 654 3630 post
690 3561 954 3620 octavas
997 3549 1335 3632 epiphanie
1361 3568 1561 3630 usque

341 3636 442 3699 ad
449 3637 849 3702 dominicam
856 3639 1157 3721 primam
1189 3637 1553 3720 quadrage-

338 3725 505 3789 sime
548 3727 807 3810 preter8
852 3727 1026 3810 quod
1063 3726 1399 3790 omittitur
1424 3747 1553 3789 me-

436 3911 451 3940 ¹
494 3911 779 3962 ‘omnium’
803 3927 905 3964 om.
934 3929 947 3963 :
982 3911 1035 3963 S.

435 3979 456 4008 ²
493 3983 723 4028 ‘tuorum
742 3979 755 4004 ’
775 3977 877 4028 add
902 3998 915 4029 ε
952 3979 1013 4028 E.
1023 3979 1087 4030 G.

433 4045 455 4074 ⁸
486 4059 581 4109 pro
610 4050 623 4074 ⁶
642 4045 875 4095 omnibus
896 4046 909 4070 ⁸
931 4045 1031 4095 tuis
1056 4063 1067 4094 ε
1105 4045 1165 4094 E.
1174 4045 1240 4096 G.

434 4112 453 4141 ⁴
488 4111 955 4228 ‘phyma-“25²3''
968 4113 1234 4162 secundum
1251 4127 1396 4161 usum
1414 4111 1542 4160 Ebo-

333 4191 701 4293 racc-nstogerba
740 4215 779 4294 'a
840 4213 877 4273 ‘⁸‘
904 4215 1156 4294 fssidelium
1173 4243 1205 4268 ”
1258 4259 1418 4310 usque
1473 4243 1539 4293 ad

336 4309 551 4358 “Amen
568 4309 625 4334 ”⁹
651 4326 753 4360 om.
778 4327 791 4361 ε
826 4310 960 4360 E.G.

428 4378 449 4406 ⁸
486 4376 613 4424 ‘ad’
636 4377 771 4425 add:
803 4377 1001 4426 E.G.S.

435 4445 455 4472 ’
494 4446 509 4470 ⁶
525 4443 599 4491 ad
616 4443 1079 4522 matutinas-’‘add:
1104 4444 1169 4493 E.
1182 4443 1241 4494 G.

427 4511 450 4605 ἶ
470 4517 577 4624 ’3ἲὲ
597 4509 991 4626 2323‘511252325-
1023 4509 1091 4625 (Ξῖ-,ζ
1106 4575 1165 4626 G.

412 4643 449 4674 ¹⁰
490 4646 504 4670 ³
518 4649 690 4692 sancta
708 4643 721 4665 '
741 4659 835 4692 om.
854 4658 871 4691 .·
903 4643 959 4691 E
968 4643 1043 4693 .G.

1790 889 1898 952 De
1923 902 2151 955 sancta
2173 891 2220 929 ¹⁰
2278 912 2470 955 cruce.
2566 891 2692 955 Per
2729 891 2864 974 sig-

1659 998 1819 1041 num
1852 981 2060 1043 crucis
2090 981 2176 1044 de
2207 980 2486 1044 inimicis
2517 980 2722 1045 libera
2743 1001 2864 1045 nos

1659 1067 1970 1131 dominus
1994 1068 2036 1105 ¹¹
2083 1078 2325 1132 noster.
2478 1069 2860 1134 Versiculus.

1662 1156 1904 1221 Omnis
1923 1165 2097 1219 terra
2128 1158 2360 1221 adoret
2391 1166 2462 1221 te
2490 1158 2724 1221 deus,¹²
2772 1159 2862 1222 Et

1659 1244 1906 1327 psallat
1959 1245 2120 1310 tibi:
2165 1246 2497 1329 psalmum
2532 1247 2710 1311 dicat
2743 1266 2861 1309 no-

1659 1334 1826 1396 mini
1859 1342 1996 1397 tu0.
2610 1335 2860 1399 Oratio,

1658 1424 1934 1553 Deus
1995 1422 2109 1505 qui
2185 1422 2508 1505 unigeniti
2585 1422 2700 1487 filii
2764 1424 2861 1488 tui

1815 1511 2071 1574 domini
2133 1513 2340 1575 nostri
2399 1512 2560 1593 Jesu
2613 1511 2857 1577 Christi

1658 1600 1959 1682 precioso
1989 1601 2313 1683 sanguine
2357 1599 2616 1664 vivifice
2646 1602 2858 1664 crucis

1658 1687 1984 1751 vexillum
2078 1689 2474 1753 sanctificari
2549 1689 2856 1753 voluisti:

1660 1776 1952 1840 concede
2034 1797 2432 1859 quesumus:
2553 1798 2668 1841 eos
2744 1778 2858 1861 qui

1656 1866 1960 1946 ejusdem
2020 1876 2250 1929 sancte
2301 1866 2514 1930 crucis
2561 1866 2859 1948 gaudent

1658 1952 1912 2016 honore
1940 1976 1955 2017 :
2001 1962 2120 2017 tua
2150 1974 2511 2036 quesumus
2533 1954 2579 1993 ¹³
2610 1955 2858 2038 ubique

1654 2042 2070 2124 protectione
2090 2043 2496 2124 gaudeant.¹⁴
2527 2063 2647 2126 per
2697 2064 2860 2108 eun-

1654 2132 1812 2195 dem
1844 2130 2202 2196 Christum.

1788 2219 1895 2282 De
1921 2220 2191 2283 domina
2215 2228 2320 2283 an'.
2397 2220 2610 2284 Beata
2643 2230 2858 2285 mater

1657 2316 1727 2371 et
1760 2308 2042 2390 innupta
2070 2309 2256 2390 virgo
2309 2308 2599 2391 gloriosa
2629 2310 2859 2391 regina

1658 2398 1890 2459 mundi
1939 2397 2275 2460 intercede
2335 2418 2456 2479 pro
2515 2396 2707 2460 nobis
2769 2398 2856 2461 ad

1657 2484 2022 2549 dominum.
2047 2503 2094 2574 γ
2117 2486 2276 2549 Post
2286 2487 2620 2569 partum.¹⁶
2635 2484 2678 2525 ¹⁶
2709 2486 2856 2552 Oro.

1668 2575 2048 2709 Concede
2080 2596 2201 2639 nos
2220 2575 2505 2639 famulos
2524 2585 2676 2639 tuos
2698 2597 2860 2659 que-

1793 2683 2022 2728 sumus
2052 2665 2323 2728 domine
2348 2664 2510 2728 deus
2539 2675 2862 2747 perpetua

1663 2753 1906 2816 mentis
1938 2763 2006 2816 et
2058 2755 2350 2835 corporis
2383 2755 2668 2818 sanitate
2699 2774 2861 2835 gau-

1661 2842 1820 2906 dere
1867 2851 1934 2905 et
1974 2842 2260 2924 gloriose
2283 2839 2329 2880 ¹⁷
2390 2843 2585 2906 beate
2655 2844 2862 2906 marie

1662 2951 1926 3013 semper
1986 2931 2258 3013 virginis
2300 2931 2769 2994 intercessione
2817 2951 2858 2994 a

1663 3019 1952 3101 presenti
1985 3018 2246 3083 liberari
2271 3020 2540 3083 tristitia
2588 3027 2656 3084 et
2681 3020 2856 3082 sutu-

1662 3127 1736 3170 ra
1767 3107 2012 3190 perfrui
2043 3107 2257 3171 letitia
2286 3128 2407 3189 per
2439 3107 2858 3174 Christum.¹⁸

1793 3195 1901 3259 De
1925 3197 2228 3278 apostolis
2276 3205 2384 3260 an.
2477 3195 2686 3260 Orate
2732 3217 2855 3278 pro

1662 3282 1858 3346 nobis
1917 3285 2130 3348 sancti
2191 3285 2300 3348 dei
2363 3285 2650 3366 apostoli
2698 3304 2858 3348 vera

1661 3372 1894 3436 mundi
1927 3372 2182 3437 lumina
2194 3381 2380 3455 petre
2405 3382 2608 3455 atque
2640 3372 2858 3455 paule.

1660 3477 1708 3547 γ
1744 3461 1824 3524 In
1856 3481 2126 3525 omnem
2150 3459 2467 3525 terram.¹⁹
2606 3460 2861 3527 Oratio.

1811 3551 2015 3612 xaudi
2093 3571 2216 3614 nos
2313 3550 2476 3613 deus
2551 3549 2862 3614 salutaris

1809 3648 2034 3703 noster
2061 3659 2076 3702 ε
2120 3648 2190 3703 et
2220 3637 2676 3720 apostolorum
2707 3648 2856 3702 tuo—

1656 3747 1803 3790 rum
1867 3727 2036 3810 petri
2098 3736 2166 3791 et
2224 3727 2407 3811 pauli
2481 3747 2606 3791 nos
2665 3737 2854 3792 tuere

1727 3913 1770 4010 :²
1801 3927 1894 4007 pro
1923 3911 2188 4002 ‘’dominns
2203 3911 2216 3936 '
2239 3911 2390 3962 dens:
2435 3911 2494 3962 E.
2505 3911 2722 3963 G.W.S.

1729 4047 1770 4144 ¹¹:
1801 3979 2487 4162 ριὲἓοεζιὲζιὶὲυξὲῖῳέοςυε
2509 4063 2522 4094 =
2558 4045 2618 4095 E.
2628 4045 2782 4096 G.W.
2793 4045 2848 4096 S.

1727 4180 1768 4210 ¹⁸
1803 4128 1982 4243 *8ῗίῃο
1998 4149 2239 4228 inviolata
2261 4147 2576 4242 permansisti
2594 4178 2609 4201 '
2628 4177 2728 4226 add
2753 4196 2765 4227 ε
2785 4179 2849 4228 Ε.

1729 4245 1768 4275 ¹⁸
1807 4246 1921 4294 ‘Ra
1948 4245 2046 4322 Dei
2065 4245 2280 4310 genitrix
2298 4245 2310 4268 ’
2343 4245 2481 4294 add:
2517 4245 2576 4294 E.
2587 4244 2650 4294 G.
2681 4244 2853 4308 [inter-

1641 4312 1768 4409 0...
1789 4311 2052 4442 gazzi?
2075 4311 2270 4428 322³.

1724 4447 1761 4476 ¹⁸
1800 4449 1814 4472 ‘
1832 4443 2092 4494 dominum
2138 4452 2376 4494 nostmm.

1639 4511 1774 4608 ΗΕ
1797 4581 1812 4605 ‘
1827 4577 1978 4626 exivit
2001 4592 2151 4626 sonus
2173 4591 2359 4626 eorum.
2401 4577 2488 4625 Re.
2531 4575 2596 4624 Et
2615 4575 2668 4624 in
2692 4575 2843 4624 fines’

1637 4643 1738 4694 add
1763 4662 1776 4693 ε
1815 4643 1948 4695 E.G.
2001 4644 2156 4708 [orbis
2181 4652 2309 4694 terre
2331 4643 2484 4693 verba
2506 4657 2678 4693 eorum
2701 4661 2714 4692 z
2751 4643 2844 4706 E.]

2472 4443 2640 4492 Amen
2661 4442 2674 4466 ’
2705 4443 2806 4492 add
2835 4461 2852 4494 =
