3375 5100
321 558 386 632 {I
443 552 694 618 Tabula
718 553 735 591 ¹
767 572 1090 619 annorum
1134 553 1570 619 communium
1599 563 1665 619 et
1692 553 2119 621 bissextilium
2144 578 2168 620 .·
2214 555 2681 639 literarumque
2706 554 2817 621 do-

317 642 726 707 minicalium
747 652 900 725 quot
918 643 1116 707 anm}-
1141 642 1540 708 currentium
1556 667 1580 707 .·
1615 644 1923 707 revolutio
1952 645 2136 728 cujus
2162 653 2260 708 est
2264 655 2416 728 post
2434 666 2655 711 annos.
2688 646 2819 710 28.²

306 742 455 812 post
480 752 636 813 quos
673 731 771 795 ad
804 741 997 815 caput
1031 732 1314 816 q’usdem
1352 752 1497 797 cum
1541 732 1741 797 annis
1784 743 1937 797 tunc
1980 734 2385 799 currentibus
2425 736 2775 798 revertitur
2794 756 2821 798 .·

314 820 622 903 sequitur.

492 948 557 1011 A
681 966 730 1030 g
846 946 882 1009 s
989 946 1036 1010 d
1153 968 1189 1011 c
1309 948 1355 1013 b
1472 949 1537 1012 A
1664 946 1700 1011 f
1810 968 1847 1011 e
1966 946 2013 1011 d
2133 968 2169 1011 c
2287 948 2351 1011 A
2477 967 2526 1031 g
2642 946 2677 1011 f

513 1166 552 1211 e
680 1166 718 1211 c
836 1066 882 1212 g
981 1147 1046 1213 A
1157 1168 1206 1231 g
1325 1168 1362 1212 e
1481 1068 1535 1211 ἕ
1653 1169 1692 1214 c
1809 1148 1857 1212 b
1965 1167 2013 1231 g
2131 1048 2179 1210 i?
2308 1167 2348 1211 e
2465 1147 2512 1211 d
2631 1148 2679 1212 b

502 1247 549 1311 d
1155 1248 1190 1313 f
1796 1248 1862 1313 A
2465 1268 2504 1313 c

317 1390 384 1465 (s
433 1386 514 1450 In
554 1386 787 1452 tabula
831 1386 1034 1472 igitur
1061 1388 1168 1453 vel
1210 1388 1378 1453 serie
1422 1387 1759 1453 literarum
1807 1387 2305 1453 dominicalium
2353 1388 2772 1473 superposita
2793 1390 2821 1429 ⁸

316 1496 566 1540 annum
597 1476 702 1541 vel
735 1497 1157 1542 communem
1186 1477 1292 1541 vel
1339 1477 1795 1543 bissextilem:
1840 1478 2100 1541 literam
2148 1478 2308 1541 item
2347 1477 2817 1543 dominicalem

313 1564 592 1646 singulis
621 1566 814 1630 annis
843 1565 972 1630 hoc
1000 1574 1200 1649 pacto
1221 1566 1500 1631 faciliter
1521 1565 1832 1631 invenies,
1878 1566 2168 1629 Primam
2193 1586 2437 1649 nempe
2460 1566 2721 1631 literam
2745 1568 2815 1631 in

315 1654 761 1737 suprascripta
780 1655 805 1692 ⁴
835 1656 1002 1719 serie
1032 1674 1164 1737 que
1193 1664 1295 1719 est
1323 1654 1411 1720 Α.
1443 1656 1670 1738 accipe
1715 1664 1784 1718 et
1811 1655 1903 1719 da
1932 1654 2027 1717 illi
2058 1674 2307 1719 annum
2340 1654 2589 1720 salutis.
2630 1656 2813 1735 1486.

319 1741 641 1823 Sequenti
688 1741 876 1807 litere
924 1762 1056 1825 que
1103 1752 1206 1807 est
1249 1764 1312 1826 g.
1360 1743 1450 1808 da
1505 1746 1686 1824 1487.
1732 1753 1802 1807 et
1844 1742 2083 1806 iterum
2132 1744 2565 1826 sequentibus
2610 1743 2815 1808 literis

315 1829 629 1894 videlicet
667 1828 710 1895 f.
757 1850 810 1895 e.
854 1830 958 1895 da.
1001 1833 1188 1911 1488.
1218 1833 1445 1915 sicque
1485 1832 1800 1914 deinceps
1837 1831 2320 1914 progrediendo
2348 1851 2697 1916 quousque
2727 1832 2814 1895 ad

317 1936 666 1982 numerum
705 1919 862 1983 anni
885 1918 910 1956 ⁶
952 1920 1313 1984 currentis⁶
1345 1920 1666 2003 propositi
1685 1918 1711 1957 ⁷
1742 1919 2131 2003 pervenies,¹¹
2190 1920 2367 2003 Quia
2397 1920 2590 1984 litera
2618 1940 2818 2003 super

316 2025 520 2088 quam
552 2007 733 2071 cadit
755 2006 908 2071 talis
937 2028 1250 2072 numerus
1282 2009 1440 2073 anni
1470 2007 1793 2092 propositi
1820 2008 1943 2071 erit
1965 2007 2158 2071 litera
2177 2006 2612 2073 dominicalis
2662 2008 2815 2091 Que

315 2094 372 2157 si
403 2096 598 2159 unica
627 2098 941 2161 occurrit:
983 2116 1234 2161 annum
1276 2115 1703 2161 communem
1745 2116 1890 2161 esse
1920 2095 2269 2179 intelliges,
2326 2096 2400 2161 Si
2429 2096 2684 2179 duplex
2716 2096 2815 2160 bi-

317 2183 672 2249 sextilem.⁹
741 2184 834 2249 Et
878 2195 1040 2249 tunc
1084 2186 1262 2268 prior
1306 2186 1376 2249 id
1421 2196 1525 2251 est
1560 2185 1858 2268 superior
1898 2203 2107 2268 usque
2153 2185 2240 2248 ad
2285 2184 2528 2248 festum
2564 2185 2815 2249 mathie

315 2271 603 2354 apostoli
652 2272 834 2337 utilis
893 2274 1034 2339 erit.
1129 2274 1410 2339 Inferior
1433 2274 1480 2314 ¹⁰
1532 2283 1759 2339 autem
1808 2274 1898 2337 ad
1940 2272 2263 2358 reliquam
2285 2273 2327 2312 ¹¹
2354 2274 2509 2337 anni
2554 2282 2813 2357 partem

314 2362 944 2427 accommodabitur.

317 2528 382 2603 {I
440 2523 689 2590 Tabula
731 2524 1016 2590 clavium
1031 2524 1358 2607 festorum
1390 2523 1726 2592 mobilium
1752 2524 2077 2608 simulque
2102 2522 2293 2588 aurei
2319 2524 2579 2588 numeri
2598 2545 2623 2588 .·
2666 2522 2816 2588 sub-

291 2613 524 2696 juncti
563 2614 874 2679 revolutio
913 2616 1100 2698 cujus
1133 2624 1230 2678 est
1255 2623 1408 2698 post
1439 2635 1660 2679 annos.
1710 2613 1859 2696 19.¹²
1872 2623 2027 2697 post
2053 2634 2210 2696 quos
2251 2633 2395 2676 cum
2440 2611 2636 2677 annis
2666 2622 2821 2676 tunc

311 2703 715 2767 currentibus
740 2713 984 2786 semper
1011 2703 1109 2767 ad
1127 2703 1412 2786 ejusdem
1442 2704 1811 2788 regreditur
1836 2701 2122 2768 initium.
2214 2701 2549 2784 Sequitur.

1091 2839 1319 2908 Claves
1333 2841 1661 2923 festorum
1694 2838 2045 2904 mobilium.

319 2969 416 3019 12.
443 2969 544 3034 31.
571 2969 672 3018 20.
701 2969 802 3035 39.
828 2955 931 3018 28.
965 2967 1058 3034 17.
1094 2955 1196 3035 36.
1229 2965 1331 3034 25.
1373 2969 1466 3034 14
1504 2969 1606 3035 33.
1632 2968 1737 3018 22.
1770 2969 1864 3017 11.
1893 2969 1993 3032 30.
2028 2969 2122 3034 19.
2150 2954 2251 3033 38.
2276 2952 2432 3017 20.¹⁸
2458 2964 2553 3033 15.
2581 2967 2683 3033 34.
2708 2967 2813 3033 23.

338 3067 391 3136 5.
463 3054 523 3119 6.
593 3069 650 3136 7.
723 3055 780 3119 8.
848 3071 907 3137 9.
967 3071 1199 3120 10.11.
1237 3070 1604 3135 12.13.14
1640 3054 1863 3135 15.16.
1900 3067 1992 3134 17.
2029 3053 2123 3118 18.
2157 3070 2252 3135 19.
2323 3069 2373 3118 1.
2472 3067 2533 3118 2.
2604 3069 2661 3134 3.
2727 3071 2789 3134 4.

1256 3184 1580 3230 ‘mnu
1609 3185 1875 3250 5713.an

315 3322 380 3396 {I
427 3317 644 3382 Simili
677 3326 996 3401 computo
1027 3326 1102 3383 ut
1131 3316 1384 3382 dictum
1415 3325 1519 3381 est
1548 3315 1634 3380 de
1678 3316 1873 3380 litera
1914 3315 2297 3380 dominicali
2342 3315 2546 3380 etiam
2579 3314 2815 3398 depre-

309 3406 602 3471 hendere
633 3416 826 3490 potes
847 3407 892 3445 ¹⁴
923 3406 1178 3470 clavem
1211 3405 1530 3470 festorum
1568 3405 1935 3470 mobilium.
2004 3405 2184 3468 Nam
2216 3403 2501 3468 clavium
2534 3425 2813 3468 numero

310 3495 528 3578 primo
569 3496 684 3577 qui
714 3494 1025 3560 videlicet
1055 3503 1155 3558 est
1195 3511 1290 3560 12.
1324 3495 1412 3558 da
1460 3513 1710 3558 annum
1752 3493 1937 3573 1486.
2030 3493 2354 3576 Sequenti
2386 3512 2665 3557 numero
2696 3493 2811 3575 qui

311 3593 413 3647 est
446 3600 546 3664 31.
577 3584 666 3647 da
706 3586 889 3665 1487.
921 3585 1149 3666 sicque
1193 3582 1505 3666 deinceps
1549 3602 1815 3665 semper
1851 3582 2151 3664 singulos
2181 3601 2491 3645 numeros
2523 3581 2809 3645 clavium

311 3673 788 3737 accommoda:
834 3674 1047 3737 donec
1079 3671 1455 3754 perduceris
1500 3672 1586 3734 ad
1625 3690 1975 3735 numerum
2008 3671 2163 3734 anni
2196 3671 2537 3753 propositi.
2628 3671 2809 3733 Nam

311 3761 425 3826 ubi
469 3779 684 3824 annus
732 3770 886 3825 tuus
934 3761 1312 3844 propositus
1359 3759 1588 3824 sedem
1635 3759 1965 3823 inveniet:
2031 3757 2163 3823 illic
2212 3777 2561 3822 numerum
2607 3756 2812 3822 clavis

310 3849 783 3932 deprehendes.
875 3849 1022 3915 Sub
1068 3869 1204 3932 quo
1252 3849 1569 3914 continuo
1607 3867 1846 3913 aureus
1896 3867 2209 3912 numerus
2257 3867 2379 3930 pro
2427 3865 2601 3911 nova
2654 3845 2813 3912 luna

310 3938 698 4021 reperienda
729 3937 956 4002 valens
985 3937 1353 4021 apparebit.

407 4112 422 4142 ¹
457 4111 611 4161 Hanc
621 4113 869 4176 paginam
890 4127 984 4162 om.
999 4130 1018 4163 .·
1038 4111 1244 4162 E.C.L.
1733 4113 1753 4141 ⁸
1784 4110 2007 4161 invenies
2031 4129 2045 4161 ε
2078 4111 2148 4160 Ν.

404 4179 424 4208 ²
463 4177 586 4228 ‘28'
607 4193 701 4227 om.
725 4195 744 4228 .·
779 4179 848 4228 K.
1734 4179 1755 4208 ⁸
1786 4175 2124 4227 bissextilem:
2162 4177 2229 4227 K.

405 4246 426 4276 ⁸
457 4245 750 4308 supposita:
785 4243 852 4294 N.
1714 4244 1751 4276 ¹0
1786 4243 2037 4294 Interiora
2072 4243 2215 4294 K.N.

405 4312 425 4342 ⁴
456 4310 700 4374 suprascr-i
739 4317 880 4360 tura:
917 4309 1061 4362 NK.
1711 4311 1745 4340 ¹¹
1782 4325 1875 4375 pro
1926 4309 2066 4362 ‘reL’
2112 4309 2417 4375 quamlibet:
2477 4309 2546 4361 N.
2616 4309 2791 4360 huam-

403 4379 424 4408 ⁸
462 4375 682 4426 ‘tui'ad
743 4393 756 4425 t
792 4377 860 4427 N.
1609 4375 1735 4426 lire:
1770 4377 1837 4426 K.

403 4445 424 4473 ⁸
456 4443 506 4492 A
557 4441 854 4508 ‘deinceps’
889 4457 1045 4508 usque
1094 4443 1158 4492 ad
1202 4440 1473 4492 ‘currentis
1495 4441 1506 4462 ⁹
1712 4444 1751 4475 ¹³
1790 4447 1803 4470 ⁴
1825 4442 2027 4504 19'om.
2051 4460 2069 4492 :
2104 4443 2173 4493 K.

306 4525 434 4560 om.:
471 4510 538 4560 K.
1711 4511 1748 4540 ¹⁸
1781 4508 2152 4574 pro‘20’16:
2188 4509 2253 4558 N.

407 4581 424 4606 ⁷
457 4592 548 4639 pro
580 4575 848 4640 ‘propositi
867 4575 877 4588 ⁹
901 4575 1114 4640 depositi
1142 4593 1153 4623 :
1179 4575 1246 4624 K.
1712 4577 1749 4608 ¹⁸
1782 4584 1945 4640 potest
1971 4595 1983 4624 :
2018 4575 2163 4626 N.K.

1418 4673 1693 4737 (15)
