3375 5100
1553 322 1708 379 DIE
1755 320 2186 381 DOMINICA

1135 432 1290 489 753

603 536 946 603 deduxisti
979 560 1104 605 me.
1198 539 1528 618 Quoniam
1560 540 1819 604 circun-

605 628 934 691 dederunt
959 648 1066 691 me
1097 647 1294 693 canes
1329 629 1552 692 multi:
1599 628 1819 691 consi·

605 716 798 779 lium¹
855 716 1362 799 malignantium
1395 717 1658 781 obsedit
1690 734 1817 779 me.

605 804 950 869 Foderunt
999 826 1236 869 manus
1291 826 1474 869 meas
1507 816 1574 869 et
1605 806 1815 887 pedes

607 914 832 957 meos:
923 894 1511 959 dinumeraverunt
1586 895 1816 957 omnia

601 1000 756 1045 ossa
804 1001 968 1047 mea.
1059 982 1201 1065 Ipsi
1251 1004 1406 1047 vero
1438 983 1817 1047 considera-

603 1079 840 1133 verunt
870 1080 939 1134 et
991 1070 1420 1153 inspexerunt
1451 1090 1598 1135 me:
1643 1071 1813 1135 divi-

603 1168 830 1222 serunt
889 1159 1013 1222 sibi
1059 1161 1459 1223 vestimenta
1505 1177 1695 1223 mea:
1741 1168 1813 1223 et

603 1267 804 1329 super
860 1257 1114 1311 vestem
1191 1266 1409 1311 meam
1491 1249 1813 1311 miserunt

603 1344 868 1399 sortem.
970 1337 1066 1399 Tu
1114 1346 1338 1400 autem
1394 1337 1664 1399 domine
1726 1354 1811 1399 ne

603 1422 1013 1505 elongaveris
1046 1425 1366 1488 auxilium
1387 1434 1576 1488 tuum
1599 1446 1638 1489 a
1659 1444 1765 1488 me
1790 1446 1808 1487 ι

601 1511 688 1575 ad
721 1512 1171 1577 defensionem
1218 1534 1436 1577 meam
1486 1514 1811 1596 conspice.

603 1600 789 1664 Erue
841 1622 884 1664 a
949 1601 1201 1665 framea
1275 1604 1440 1667 deus
1516 1602 1810 1665 animam

605 1709 865 1755 meam:
909 1699 978 1753 et
1002 1691 1088 1753 de
1105 1710 1304 1754 manu
1327 1691 1510 1754 canis
1540 1692 1809 1754 unicam

604 1798 840 1843 meam.
936 1777 1142 1843 Salva
1163 1800 1270 1843 me
1302 1800 1390 1842 ex
1411 1800 1524 1842 ore
1556 1778 1765 1843 leonis
1794 1799 1811 1843 ε

603 1875 673 1929 et
704 1888 745 1931 a
775 1867 1080 1931 cornibus
1111 1867 1520 1931 unicornium
1547 1867 1809 1931 humili-

599 1964 811 2019 tatem
873 1974 1110 2021 meam.
1201 1956 1510 2020 Narrabo
1563 1974 1809 2019 nomen

599 2052 789 2107 tuum
836 2046 1146 2109 fratribus
1207 2046 1409 2109 meis:
1456 2045 1522 2107 in
1586 2045 1809 2108 medio

600 2132 872 2196 ecclesie
905 2133 1192 2197 laudabo
1216 2143 1300 2196 te.
1398 2132 1524 2212 Qui
1557 2134 1809 2196 timetis

599 2221 946 2285 dominum
999 2221 1268 2286 laudate
1316 2242 1503 2285 eum:
1551 2224 1811 2285 univer-

600 2329 747 2372 sum
767 2329 994 2374 semen
1020 2310 1221 2393 jacob
1250 2309 1617 2393 glorificate
1635 2329 1805 2374 eum.

610 2398 672 2461 T
668 2399 872 2462 imeat
903 2419 1054 2462 eum
1087 2419 1284 2463 omne
1315 2419 1542 2462 semen
1577 2398 1808 2463 israel:

595 2488 916 2571 quoniam
964 2508 1098 2552 non
1129 2488 1378 2572 sprevit
1427 2507 1643 2571 neque
1690 2486 1807 2550 de-

599 2579 823 2660 spexit
867 2577 1404 2660 deprecationem
1481 2576 1807 2660 pauperia

597 2666 749 2729 Nec
779 2667 1018 2729 avertit
1048 2665 1286 2730 faciem
1334 2684 1524 2729 suam
1570 2685 1614 2728 a
1657 2683 1807 2730 me:

599 2764 667 2817 et
695 2773 847 2816 cum
874 2751 1230 2818 clamarem
1278 2755 1364 2818 ad
1413 2773 1564 2817 eum
1597 2773 1807 2817 exau-

599 2843 764 2906 divit
812 2862 936 2906 me.
1025 2843 1236 2926 Apud
1275 2853 1344 2907 te
1376 2842 1520 2907 laus
1553 2862 1704 2906 mea
1736 2843 1805 2905 in

597 2929 872 2994 ecclesia
919 2951 1204 3014 magna:
1251 2940 1410 2996 vota
1457 2949 1608 2994 mea
1657 2930 1803 2994 red-

596 3019 754 3082 dam
777 3019 842 3081 in
868 3029 1226 3103 conspectu
1241 3021 1618 3084 timentium
1633 3039 1802 3084 eum.

597 3107 833 3171 Edent
879 3128 1201 3191 pauperes
1233 3118 1302 3173 et
1332 3108 1809 3172 saturabuntur

593 3205 662 3260 et
723 3196 1087 3261 laudabunt
1131 3197 1518 3261 dominum:
1562 3197 1673 3278 qui
1708 3215 1807 3260 re-

595 3287 864 3368 quirunt
895 3306 1047 3350 eum
1079 3287 1304 3351 vivent
1335 3284 1537 3349 corda
1567 3304 1804 3348 eorum

596 3375 662 3437 in
695 3375 987 3438 seculum
1033 3375 1252 3439 seculi.
1341 3373 1807 3438 Reminiscen-

592 3472 701 3526 tur
730 3471 798 3526 et
821 3472 1288 3527 convertentur
1306 3463 1390 3527 ad
1412 3463 1757 3526 dominum
1788 3483 1803 3526 z

595 3553 877 3615 universi
911 3551 1076 3615 fines
1121 3562 1310 3616 terre.
1431 3551 1532 3614 Et
1565 3551 1805 3613 adora-

595 3641 761 3704 bunt
793 3642 860 3704 in
887 3650 1244 3723 conspectu
1279 3640 1455 3722 ejus:
1503 3639 1803 3703 universe

591 3728 842 3792 familie
901 3731 1221 3811 gentium.
1319 3727 1647 3807 Quoniam
1682 3728 1802 3791 do-

593 3819 753 3881 mini
787 3827 888 3882 est
922 3838 1237 3901 regnum:
1285 3827 1353 3880 et
1399 3818 1541 3898 ipse
1586 3816 1803 3879 domi-

592 3907 858 3971 nabitur
869 3909 1190 3990 gentium.
1215 3906 1803 3970 Manducaverunt

589 4004 658 4059 et
723 3997 1168 4060 adoraverunt
1227 4014 1458 4058 omnes
1518 3995 1802 4076 pingues

589 4093 802 4148 terre:
854 4085 921 4148 in
966 4093 1326 4167 conspectu
1373 4083 1516 4163 ejus
1557 4084 1802 4146 cadent

588 4193 824 4236 omnes
856 4174 971 4256 qui
1004 4171 1416 4236 descendunt
1449 4171 1514 4233 in
1537 4181 1799 4234 terram.

586 4261 688 4324 Et
710 4261 933 4324 anima
956 4282 1102 4324 mea
1126 4261 1217 4325 illi
1241 4262 1419 4324 vivet
1443 4282 1456 4324 :
1479 4268 1546 4322 et
1566 4278 1793 4322 semen

587 4371 814 4414 meum
835 4349 1076 4414 serviet
1109 4350 1249 4433 ipsi.
1298 4348 1795 4413 Annunciabit²

805 4501 819 4531 ¹
857 4497 1156 4548 concilium:
1193 4497 1325 4547 E.G.

803 4567 824 4594 ²
857 4564 1258 4612 Annunciabitur
1285 4582 1296 4613 :
1325 4563 1610 4612 1⁴3.G.W.S.

2430 432 2577 489 734

1922 540 2198 604 domino
2256 543 2599 623 generatio
2650 548 2971 607 ventura:
3056 550 3115 605 et

1920 631 2420 693 annunciabunt
2450 630 2572 694 celi
2612 629 2951 711 justiciam
2983 630 3117 712 ejus

1919 718 2169 800 populo
2192 720 2306 802 qui
2368 728 2677 783 nascetur
2718 736 2919 802 quem
2970 720 3117 783 fecit

1918 806 2249 871 dominus,
2766 807 3119 871 Psalmus.³

1914 896 2333 1025 Dominus
2394 896 2563 978 regit
2637 914 2745 959 me
2821 906 2891 959 et
2966 895 3121 959 nihil

2073 985 2233 1047 mihi
2284 982 2537 1047 deerit:
2582 985 2649 1047 in
2700 984 2849 1047 loco
2879 1005 3117 1066 pascue

1917 1071 2006 1134 ibi
2040 1092 2148 1136 me
2178 1071 2544 1136 collocavit.
2637 1072 2859 1155 Super
2878 1092 3117 1155 aquam

1916 1159 2287 1225 refectionis
2308 1161 2617 1225 educavit
2636 1180 2744 1223 me
2767 1180 2781 1225 :
2830 1161 3115 1225 animam

1915 1268 2134 1312 meam
2195 1251 2539 1313 convertit.
2652 1250 2955 1313 Deduxit
3018 1270 3118 1313 me

1914 1357 2114 1419 super
2174 1338 2446 1401 semitas
2493 1338 2797 1419 justicie:
2850 1348 3123 1420 propter

1914 1444 2158 1489 nomen
2189 1447 2399 1490 suum.
2492 1426 2673 1489 Nam
2706 1435 2775 1489 et
2802 1427 2856 1489 si
2888 1428 3119 1489 ambu-

1914 1513 2136 1577 lavero
2188 1516 2255 1577 in
2306 1514 2529 1579 medio
2568 1515 2801 1577 umbre
2848 1518 3121 1579 mortis:

1916 1622 2048 1665 non
2110 1603 2366 1667 timebo
2428 1602 2604 1666 mala
2665 1604 2981 1685 quoniam
3046 1613 3115 1666 tu

1916 1710 2177 1755 mecum
2198 1712 2285 1755 es.
2392 1690 2593 1774 Virga
2618 1700 2735 1754 tua
2754 1701 2822 1754 et
2847 1692 3117 1755 baculus

1914 1788 2107 1843 tuus:
2184 1781 2328 1863 ipsa
2380 1800 2487 1843 me
2544 1777 2887 1843 consolata
2944 1790 3117 1844 sunt.

1912 1868 2178 1931 Parasti
2212 1870 2279 1931 in
2326 1876 2685 1950 conspectu
2738 1888 2889 1931 meo
2934 1888 3115 1931 men-

1914 1974 2101 2021 sam:
2146 1958 2459 2021 adversus
2492 1976 2605 2020 eos
2636 1958 2748 2039 qui
2796 1956 3116 2020 tribulant

1914 2064 2038 2109 me.
2129 2045 2571 2127 Impinguasti
2619 2046 2685 2107 in
2738 2044 2887 2108 oleo
2918 2053 3115 2128 caput

1914 2152 2177 2198 meum:
2224 2143 2292 2196 et
2334 2133 2514 2196 calix
2556 2153 2745 2197 meus
2786 2135 3117 2197 inebrians

1912 2242 2114 2303 quam
2168 2222 2498 2305 preclarus
2559 2232 2677 2285 est.
2775 2222 2875 2285 Et
2922 2222 3117 2285 mise-

1914 2311 2193 2374 ricordia
2222 2320 2339 2374 tua
2368 2312 2807 2392 subsequetur
2837 2330 2943 2373 me
2972 2331 3115 2373 om·

1912 2400 2107 2463 nibus
2130 2399 2365 2464 diebus
2392 2398 2529 2463 vite
2553 2418 2718 2463 mee.
2808 2398 2903 2462 Et
2924 2410 2997 2463 ut
3018 2402 3112 2462 in-

1910 2486 2206 2553 habitem
2282 2489 2349 2552 in
2412 2488 2617 2552 domo
2689 2487 2987 2552 domini:
3049 2490 3111 2550 in

1911 2576 2397 2659 longitudinem
2472 2577 2747 2641 dierum.
2890 2576 3117 2641 Gloria

1909 2667 2103 2748 patri.
2756 2665 3121 2730 psalmus}

2110 2753 2267 2817 mini
2300 2762 2401 2816 est
2432 2762 2605 2817 terra
2650 2763 2719 2817 et
2768 2753 3117 2835 plenitudo

2064 2842 2249 2924 ejus:
2297 2843 2475 2905 orbis
2505 2853 2823 2906 terrarum
2857 2852 2925 2906 et
2970 2844 3117 2905 uni·-

1908 2932 2076 2995 versi
2108 2931 2220 3013 qui
2275 2931 2584 2994 habitant
2632 2933 2697 2993 in
2748 2950 2846 2994 eo.
2942 2930 3115 3009 Quia

1910 3020 2051 3102 ipse
2082 3039 2279 3102 super
2326 3021 2533 3082 maria
2578 3019 2883 3082 fundavit
2912 3041 3066 3082 eum
3098 3039 3117 3083 ε

1908 3118 1976 3172 et
2006 3127 2205 3191 super
2233 3107 2505 3172 flumina
2538 3109 2909 3190 preparavit
2938 3127 3121 3172 eum.

1915 3195 2077 3276 Quis
2138 3197 2450 3260 ascendet
2512 3197 2581 3259 in
2644 3205 2942 3259 montem
2990 3197 3118 3259 do-

1910 3285 2113 3349 mini:
2188 3295 2305 3348 aut
2364 3286 2515 3367 quis
2562 3283 2767 3347 stabit
2831 3286 2896 3347 in
2958 3285 3113 3348 loco

1904 3382 2141 3438 sancto
2190 3373 2348 3454 ejus,
2438 3373 2773 3436 Innocens
2805 3373 3117 3436 manibus

1906 3471 1975 3526 et
2006 3463 2257 3526 mundo
2309 3463 2550 3526 corde:
2598 3462 2709 3543 qui
2758 3481 2891 3524 non
2922 3481 3116 3524 acce-

1907 3551 2105 3634 pitin
2136 3569 2309 3614 vano
2369 3553 2661 3614 animam
2713 3569 2939 3613 suam:
2988 3571 3119 3614 nec

1899 3639 2147 3723 juravit
2215 3639 2281 3702 in
2358 3638 2515 3702 dolo
2580 3638 2895 3720 proximo
2968 3657 3117 3702 suo,

1905 3727 1989 3791 H
1993 3728 2051 3791 ic
2170 3727 2447 3810 accipiet
2566 3727 3119 3791 benedictionem

1905 3837 1947 3880 a
2031 3816 2345 3881 domino:
2437 3823 2506 3879 et
2582 3813 3117 3879 misericordiam

1903 3926 1944 3968 a
2050 3905 2181 3968 deo
2290 3901 2565 3968 salutari
2678 3924 2817 3968 suo,
2954 3903 3119 3968 Hec

1904 4003 2005 4057 est
2042 3995 2381 4076 generatio
2441 3994 2855 4075 querentium
2911 4012 3123 4056 eum:

1904 4083 2321 4166 querentium
2394 4080 2629 4144 faciem
2706 4082 2814 4144 dei
2884 4080 3116 4162 jacob.

1904 4173 1965 4235 A
1977 4170 2219 4235 ttollite
2234 4179 2459 4252 portas
2478 4169 2805 4252 principes
2829 4179 3123 4234 vestras:

1904 4269 1970 4324 et
2003 4260 2353 4323 elevamini
2402 4267 2593 4341 porte
2626 4257 2992 4321 eternales:
3047 4269 3125 4321 et

1898 4348 2197 4412 introibit
2258 4367 2377 4410 rex
2436 4347 2665 4430 glorie.
2784 4347 2946 4425 Quis
3009 4357 3127 4412 est

1993 4499 2013 4528 ³
2036 4503 2112 4560 pff.
2146 4509 2241 4548 22:
2268 4497 2331 4546 E.
2346 4496 2401 4545 G.
2465 4495 2595 4560 xxij.
2618 4512 2636 4544 .·
2669 4495 2723 4545 S.

1992 4567 2009 4594 ⁸
2036 4571 2113 4628 pf.
2146 4577 2241 4626 23:
2277 4563 2343 4611 E.
2360 4563 2416 4612 G.
2490 4563 2637 4626 xxiij.
2661 4580 2678 4610 .·
2712 4563 2763 4610 S.
