3375 5100
1025 340 1249 395 SANC
1252 340 1305 395 Τ
1304 338 1543 397 ORUM
1598 338 1984 395 INNOCEN
1983 338 2038 393 T
2031 338 2069 392 I
2072 338 2212 394 ΠΜ.

900 446 1039 503 158

366 550 571 617 timet
609 548 810 617 deum
860 552 1185 635 Hymnus.
1277 554 1561 618 Exultet

378 642 605 705 celum
640 641 969 707 laudibus,
1045 659 1094 728 y
1140 640 1407 708 Dedisti
1450 642 1565 707 he-

380 731 756 795 reditatem.
847 729 933 794 In
984 751 1163 797 evan.
1224 739 1331 796 αῆ.
1425 731 1563 794 Iste

370 827 477 882 est
528 818 871 900 johannes.
974 828 1079 902 p3.
1147 820 1559 883 Benedictus,

376 904 626 971 Oratio,
676 907 1040 971 Ecclesiam
1064 917 1266 972 tuam.
1314 908 1562 971 Memo-

374 994 485 1058 ria
509 995 589 1058 de
611 1004 836 1058 sancta
864 995 1103 1061 Maria
1130 1004 1239 1061 ari.
1290 996 1559 1059 Rubum

374 1102 579 1165 quem
635 1083 891 1147 viderat
940 1104 1221 1168 moyses
1344 1083 1563 1150 Versi-

371 1171 554 1235 culus
598 1181 664 1235 et
702 1172 913 1235 oratio
963 1183 1040 1237 ut
1086 1185 1303 1255 supra.
1415 1171 1563 1235 Me-

374 1259 587 1323 moria
614 1259 697 1322 de
736 1260 1169 1325 innocentibus
1194 1269 1301 1325 αῆ.
1391 1260 1550 1326 Vox

374 1348 443 1412 in
475 1368 661 1412 rama
691 1349 939 1415 audita.

462 1436 586 1500 Ad
594 1438 892 1518 primam
939 1445 1042 1502 ar't'.
1138 1437 1269 1501 Hic
1316 1445 1417 1501 est
1460 1438 1565 1501 di-

372 1524 661 1607 scipulus
695 1524 821 1589 ille.
856 1534 957 1607 pf.
992 1526 1177 1590 Deus
1194 1526 1263 1589 in
1294 1526 1563 1590 nomine

376 1620 513 1675 tuo,
608 1613 735 1677 Ad
754 1613 1091 1695 psalmum
1164 1612 1563 1697 Quicunque

378 1701 547 1769 vult.
656 1710 765 1767 aii.
866 1703 949 1766 de
1031 1701 1341 1767 trinitate.
1472 1703 1573 1765 ad

372 1798 607 1853 ceteras
644 1790 845 1854 horas
882 1798 1073 1854 cetere
1101 1790 1443 1873 antiphone
1484 1789 1565 1854 de

370 1876 691 1942 laudibus.
773 1876 1077 1961 Capitula
1104 1887 1181 1942 ut
1207 1878 1277 1942 in
1307 1879 1416 1943 die
1434 1903 1459 1943 .·
1502 1888 1567 1943 et

370 1965 795 2047 Responson‘a
824 1988 967 2031 cum
998 1966 1166 2031 all’a.

2192 444 2330 499 154

1660 552 1758 687 l
1767 572 1884 636 pse
1912 572 2068 616 vero
2104 551 2384 615 herodes
2425 570 2506 615 eo
2549 558 2856 633 tempore

1766 642 2037 724 quando
2099 660 2321 724 regem
2395 638 2745 722 judeorum
2815 659 2862 703 a

1662 731 1874 811 magis
1897 728 2196 793 audierat
2221 736 2452 792 natum
2477 748 2494 792 ε
2539 747 2854 791 accusan-

1662 818 1840 881 tibus
1870 817 2258 881 adversariis
2287 826 2560 879 vocatus
2603 815 2688 879 ab
2733 814 2858 879 im-

1661 916 1964 989 peratore
2018 925 2272 969 romam
2316 904 2536 968 venit:
2582 914 2652 967 et
2694 911 2854 967 ante

1661 1014 1951 1059 cesarem
2004 992 2464 1058 honestissime
2511 994 2858 1075 purgavit:

1660 1102 2054 1166 quecunque
2085 1082 2210 1147 sibi
2241 1082 2501 1146 fuerant
2545 1079 2809 1163 objecta
2837 1102 2856 1145 :

1660 1180 1730 1235 et
1778 1170 2012 1254 majori
2060 1169 2271 1254 gloria
2323 1169 2412 1234 ab
2462 1171 2858 1252 imperatore

1660 1269 1764 1323 est
1810 1259 2187 1323 exaltatus:
2235 1260 2302 1321 in
2352 1267 2612 1322 tantum
2667 1267 2742 1321 ut
2794 1256 2854 1321 ei

1661 1348 1913 1430 regium
1972 1348 2283 1411 diadema
2353 1348 2710 1411 tribueret:
2787 1355 2860 1410 et

1661 1436 1980 1519 regnandi
2054 1445 2456 1519 potestatem
2518 1436 2586 1498 in
2651 1434 2858 1517 judea

1659 1523 2098 1589 confirmaret.
2186 1525 2302 1589 Re.
2394 1523 2536 1589 Sub
2627 1522 2854 1588 altare.

1660 1630 1708 1698 γ
1752 1613 1928 1677 Vidi.
2511 1611 2724 1675 Lectio
2753 1611 2852 1694 iij.

1659 1702 1842 1833 Et
1890 1720 2044 1765 cum
2097 1709 2250 1784 post
2301 1700 2470 1764 duos
2522 1719 2732 1763 annos
2783 1701 2852 1763 in

1813 1809 2058 1872 magna
2104 1788 2313 1871 gloria
2356 1789 2629 1871 judeam
2679 1797 2856 1853 esset

1662 1898 2000 1942 reversus:
2046 1878 2415 1959 recogitans
2444 1877 2622 1959 quod
2669 1877 2858 1940 audi-

1661 1974 1805 2030 erat
1835 1986 1876 2029 a
1907 1966 2120 2047 magis
2162 1974 2392 2029 natum
2439 1986 2582 2029 esse
2627 1984 2852 2047 regem

376 2057 440 2132 ἦ
470 2053 552 2116 In
575 2054 817 2118 octavis
834 2054 1261 2119 innocentium
1278 2064 1383 2119 αῆ.
1431 2055 1563 2119 Te·
1654 2053 2030 2137 judeorum:
2059 2054 2327 2117 mittens
2340 2052 2609 2118 occidit’
2619 2072 2854 2117 omnes

370 2162 525 2205 cum
556 2142 966 2226 principium.
998 2152 1101 2226 pff.
1136 2143 1331 2207 Dixit
1350 2144 1564 2208 domi-

373 2249 495 2294 nus
520 2232 808 2295 domin0.
829 2241 933 2297 etc,
971 2231 1175 2313 Capit.
1192 2232 1349 2296 Vidi
1364 2252 1565 2315 supra

372 2327 668 2384 montem
699 2340 891 2403 syon.
958 2320 1283 2401 Hymnus.
1357 2320 1563 2386 Sanc-

372 2416 593 2470 torum
614 2409 885 2472 meritis.
948 2426 994 2496 7
1042 2407 1363 2473 Mirabilis
1381 2410 1559 2473 deus,

368 2495 455 2560 In
482 2495 808 2581 evangelio
835 2504 935 2562 aii.
997 2497 1410 2562 InnocenteS.
1465 2506 1559 2580 pff.

372 2583 780 2667 Magnificat.
848 2585 1093 2651 Oratio,
1158 2587 1341 2651 Deus
1371 2587 1475 2668 cuj
1483 2607 1561 2651 us

366 2671 703 2737 hodierna.
792 2673 1119 2738 Memoria
1169 2675 1250 2737 de
1295 2675 1562 2739 domina

366 2769 475 2825 an.
552 2761 963 2827 Germinavit
1024 2763 1218 2827 radix
1268 2773 1377 2828 etc.
1442 2763 1569 2826 Ad

368 2850 733 2914 matutinas
797 2850 1267 2916 invitatorium.
1360 2851 1563 2916 Mira-

368 2936 573 3001 bilem
604 2939 825 3003 deum.
897 2948 999 3021 pf.
1087 2940 1330 3004 Venite
1371 2940 1560 3004 exul-

369 3033 606 3091 temus,
658 3027 983 3108 Hymnus.
1039 3027 1289 3092 Eterna
1314 3027 1558 3094 Christi

370 3134 661 3179 munera.
749 3116 833 3179 In
876 3126 1177 3180 nocturno
1218 3125 1324 3181 αῆ.
1419 3117 1559 3181 He-

370 3202 563 3266 rodes
622 3203 871 3269 videns
945 3213 1049 3287 ps.
1142 3205 1386 3268 Beatus
1442 3206 1557 3270 vir.

364 3300 429 3355 et
453 3292 643 3355 ceteri
657 3292 906 3373 psalmi
914 3292 1035 3375 plu
1043 3292 1359 3356 rimorum
1384 3313 1561 3356 mar-

368 3387 587 3460 tyrum
630 3380 749 3443 sub
776 3381 897 3444 hac
935 3389 1045 3446 aii.
1070 3381 1191 3534 ἶ·
1228 3381 1559 3448 Exultent

359 3467 543 3550 justi.
1135 3470 1287 3534 ectio
1310 3470 1558 3552 prima.

364 3556 467 3689 J
472 3556 651 3638 gitur
700 3556 981 3622 herodes
1035 3559 1277 3623 occidit
1328 3579 1561 3624 omnes

474 3664 712 3726 pueros
743 3645 856 3729 qui
886 3655 1071 3710 erant
1096 3647 1163 3710 in
1186 3646 1519 3713 bethleem
1544 3669 1561 3712 τ

369 3740 439 3795 et
468 3733 776 3797 omnibus
802 3733 1041 3798 finibus
1066 3736 1225 3817 ejus,
1276 3735 1559 3800 Putabat

369 3821 547 3884 enim
589 3821 769 3904 quod
798 3823 855 3886 si
883 3842 1115 3888 omnes
1160 3823 1345 3906 pueri
1390 3825 1560 3888 occi-

366 3909 723 3974 derentur:
767 3930 937 3975 unus
989 3931 1189 3994 quem
1242 3913 1562 3994 querebat

366 3997 649 4062 evadere
722 4019 856 4062 non
923 4008 1165 4081 posset.
1258 4001 1459 4067 Unde
1519 4021 1561 4064 a

364 4085 620 4150 bimatu
681 4095 747 4150 et
809 4085 979 4152 infra
1050 4108 1289 4172 pueros
1361 4087 1558 4170 jussit

360 4174 699 4238 occidere:
745 4176 873 4240 hoc
917 4185 1021 4240 est
1064 4197 1108 4241 a
1150 4198 1355 4260 puero
1390 4179 1555 4241 duo-

358 4283 504 4326 rum
537 4281 861 4330 annorum
894 4285 1105 4350 usque
1146 4267 1231 4330 ad
1277 4285 1551 4349 puerum

356 4351 549 4415 unius
582 4351 813 4418 noctis,
1236 4353 1450 4418 Lectio
1482 4355 1549 4436 ij.

492 4538 817 4614 ’‘s'’omst
853 4549 920 4600 E.

1148 4552 1167 4580 ²
1200 4551 1333 4602 misit
1355 4551 1619 4603 occidere:
1656 4551 1790 4602 E.G.

1661 2162 1899 2225 pueros
1943 2142 2056 2225 qui
2089 2152 2274 2206 erant
2305 2142 2372 2205 in
2407 2140 2736 2205 bethleem
2782 2150 2854 2205 et

1659 2230 1728 2295 in
1750 2232 2056 2294 omnibus
2080 2228 2320 2293 finibus
2337 2229 2512 2311 ejus:
2536 2230 2856 2293 estimans

1662 2320 1842 2401 quod
1904 2318 2212 2383 omnibus
2264 2318 2496 2382 occisis
2550 2316 2851 2382 Christus

1663 2408 1952 2491 effugere
1975 2428 2110 2471 non
2140 2415 2381 2490 posset.
2828 2407 2843 2422 ‘

1672 2497 1930 2663 Quod
1964 2505 2186 2560 autem
2217 2504 2378 2560 nato
2402 2494 2674 2558 domino
2706 2514 2852 2578 per-

1799 2586 2048 2650 secutio
2065 2585 2240 2668 cepit
2258 2607 2273 2649 :
2309 2584 2717 2666 significatur
2734 2603 2852 2667 per

1659 2695 1861 2738 omne
1889 2683 2154 2756 tempus
2183 2674 2315 2736 vite
2352 2672 2672 2756 presentis
2716 2691 2850 2736 non

1660 2764 1892 2827 deesse
1943 2764 2236 2827 futuros:
2282 2762 2396 2844 qui
2446 2761 2690 2826 electos
2742 2761 2852 2825 dei

1658 2861 2150 2935 persequantur.
2226 2849 2425 2933 Quod
2459 2859 2682 2914 autem
2716 2869 2849 2913 non

1658 2940 1875 3004 solum
1906 2941 1974 3003 in
2005 2938 2378 3004 bethleem:
2415 2939 2532 3002 sed
2557 2939 2757 3002 etiam
2781 2939 2848 3002 in

1657 3028 1967 3092 omnibus
1998 3027 2238 3092 finibus
2268 3026 2411 3109 ejus
2440 3027 2622 3110 pueri
2653 3027 2850 3090 occisi

1658 3125 1813 3180 sunt
1843 3137 1861 3180 ε
1890 3115 2332 3200 significatum
2365 3125 2503 3180 est:
2529 3115 2686 3198 quia
2715 3134 2849 3177 non

1658 3205 1875 3269 solum
1910 3205 1976 3267 in
1995 3204 2200 3286 judea
2219 3203 2397 3268 unde
2415 3202 2688 3268 ecclesia
2718 3203 2848 3266 ori-

1658 3293 1883 3374 ginem
1915 3302 2285 3374 sumpserat
2309 3293 2676 3375 persecutio
2707 3300 2849 3356 erat
2920 3288 2929 3298 “

2031 3381 2150 3444 sed
2212 3381 2413 3445 etiam
2477 3399 2686 3462 usque
2759 3379 2845 3444 ad

2301 3469 2420 3532 Isti
2453 3479 2606 3531 sunt
2634 3469 2848 3532 sancti

2652 3555 2845 3641 yHi

1658 3381 1922 3446 sutura:

1658 3469 1824 3534 fines
1855 3479 2038 3534 terre.
2116 3469 2232 3533 Re.

1658 3559 1772 3641 qui
1826 3578 1960 3622 non
2009 3555 2562 3640 inquinaverunt.⁸

1657 3655 1834 3712 sunt.
2528 3642 2742 3708 Lectio
2785 3663 2848 3708 v.

1657 3738 1836 3868 Et
1918 3733 2097 3817 quod
2180 3731 2490 3797 dominus
2577 3739 2852 3815 propter

1807 3821 2330 3906 persecutionem
2426 3819 2692 3884 herodis
2777 3821 2844 3884 in

1660 3921 1983 3995 egyptum
2045 3909 2252 3993 sugit:
2305 3907 2634 3992 significat
2677 3909 2850 3972 elec-

1660 4009 1768 4064 tos
1796 4000 2016 4083 sepius
2069 3997 2392 4062 malorum
2425 3996 2848 4081 improbitate

1657 4088 1794 4153 suis
1811 4087 2201 4171 effugandos
2230 4087 2496 4150 sedibus
2520 4085 2624 4150 vel
2644 4087 2846 4150 etiam

1656 4176 1864 4241 exilio
1923 4176 2358 4241 damnandos
2453 4175 2590 4240 Ubi
2650 4176 2846 4239 simul

1654 4265 2038 4348 exemplum
2106 4265 2310 4330 datur
2377 4262 2686 4328 fidelibus
2763 4283 2848 4327 ne

1652 4354 1962 4420 dubitent
2008 4354 2256 4418 rabiem
2310 4351 2844 4436 persequentium

2007 4555 2026 4582 ⁸
2058 4551 2503 4617 coinquinaverunt
2525 4565 2540 4599 ε
2575 4550 2634 4600 E.
2643 4550 2706 4600 G.
