3375 5100
1127 370 1428 425 TERTIA
1482 370 1958 428 ADVENTUS.

849 479 952 536 53

303 595 377 649 ut
409 586 944 668 congratulatura
972 586 1058 650 de
1095 586 1274 650 dono
1305 586 1486 670 quod

302 694 686 738 conservam
763 675 1092 757 accepisse
1152 675 1488 739 didicerat.

301 761 418 826 Re.
465 749 812 826 Videbunt
839 773 1072 844 gentes
1098 763 1350 844 justum
1383 772 1486 826 tu-

302 871 446 914 um:
477 859 544 914 et
573 851 792 914 cuncti
825 872 1010 934 reges
1043 851 1364 933 inclytum
1383 860 1486 914 tu-

302 959 432 1002 um.
525 939 618 1002 Et
669 940 1013 1003 vocabitur
1062 940 1186 1003 tibi
1241 959 1482 1003 nomen

302 1046 550 1091 novum
585 1029 766 1109 quod
798 1049 873 1091 os
904 1028 1154 1092 domini
1187 1029 1485 1092 nomina-

298 1117 414 1179 vit.
495 1131 544 1202 γ
589 1116 680 1179 Et
713 1117 838 1178 eris
870 1136 1112 1180 corona
1158 1115 1364 1198 glorie
1419 1118 1484 1180 in

303 1224 504 1267 manu
535 1204 788 1267 domini
817 1226 832 1268 ;
864 1214 931 1268 et
961 1206 1270 1268 diadema
1300 1205 1481 1287 regni

302 1293 369 1355 in
405 1313 605 1356 manu
638 1293 744 1355 dei
780 1294 896 1357 tui.
988 1293 1080 1357 Et
1124 1293 1484 1357 vocabitur.

303 1380 548 1444 Gloria.
613 1380 704 1444 Et
723 1381 1079 1446 vocabitur.
1132 1399 1181 1466 γ
1213 1382 1484 1445 Emitte.

299 1470 386 1533 In
417 1468 722 1532 laudibus
1113 1470 1485 1551 antiphona.

313 1559 768 1691 Constantes
871 1565 1084 1621 estote
1175 1559 1484 1622 videbitis

421 1645 740 1708 auxilium
793 1645 1045 1709 domini
1095 1667 1291 1728 super
1340 1667 1479 1712 v03.

291 1741 392 1815 pf.
423 1733 752 1798 Miserere.
838 1734 971 1798 Αῇ.
1031 1733 1146 1798 Ad
1179 1745 1247 1798 te
1275 1736 1488 1799 domi·

305 1843 392 1886 ne
445 1822 658 1886 levavi
695 1823 998 1886 animam
1058 1843 1277 1887 meam
1338 1824 1487 1887 veni

300 1919 371 1974 et
445 1911 626 1993 eripe
703 1931 808 1974 me
897 1912 1165 1975 domine
1256 1911 1342 1975 ad
1419 1920 1486 1974 te

302 1998 590 2080 confugi.
679 2008 779 2081 pf.
855 1999 1147 2063 Domine
1221 2001 1484 2070 exaudi.

304 2087 433 2171 (ij.)
523 2096 627 2150 ar‘t'.
703 2088 870 2150 Veni
915 2088 1184 2152 domine
1241 2097 1310 2152 et
1354 2088 1488 2151 noli

300 2177 564 2239 tardare
638 2175 867 2239 relaxa
953 2177 1242 2240 facinora
1308 2176 1486 2259 plebi

301 2272 419 2328 tue
499 2264 704 2327 israel.
829 2273 930 2346 pf.
1064 2265 1249 2328 Deus
1323 2265 1486 2328 deus

307 2373 513 2416 meus,
555 2353 690 2415 Αῆ.
739 2352 922 2416 Deus
954 2373 993 2415 a
1015 2352 1237 2416 libano
1267 2355 1486 2416 veniet

306 2450 376 2505 et
405 2440 719 2522 splendor
739 2441 881 2523 ejus
905 2443 1074 2505 sicut
1096 2442 1317 2505 lumen
1342 2443 1481 2505 erit.

297 2538 394 2613 pf.
445 2529 734 2593 Domine
809 2529 1046 2595 audivi.
1163 2539 1267 2595 αῆ.
1334 2530 1484 2614 Ego

307 2628 529 2682 autem
565 2620 648 2681 ad
680 2619 1023 2682 dominum
1071 2620 1385 2702 aspiciam
1417 2628 1484 2683 et

307 2704 682 2789 expectabo
711 2708 910 2771 deum
935 2707 1326 2771 salvatorem
1349 2728 1484 2770 me-

307 2816 442 2859 um.
515 2804 616 2877 pff.
666 2795 984 2859 Laudate.
1097 2796 1482 2877 Capitulum.

310 2884 489 2948 Ecce
565 2883 708 2946 dies
772 2885 1082 2947 veniunt:
1157 2884 1483 2964 Hymnus.

307 2973 470 3036 Vox
528 2971 720 3035 clara.
827 2988 876 3059 γ
917 2972 1074 3036 Vox
1120 2972 1484 3037 clamantis

307 3062 394 3125 In
424 3080 602 3123 evan.
687 3068 792 3123 aii.
871 3060 982 3123 Ex
1013 3080 1148 3144 quo
1179 3062 1354 3124 facta
1384 3070 1486 3125 est

305 3170 446 3213 vox
491 3148 904 3212 salutationis
950 3158 1064 3213 tue
1109 3150 1177 3212 in
1223 3148 1487 3213 auribus

312 3238 476 3300 meis
508 3237 832 3300 exultavit
885 3237 952 3300 in
995 3238 1240 3319 gaudio
1270 3236 1487 3301 infans

308 3327 376 3388 in
447 3333 632 3388 utero
707 3344 875 3388 me0.
1005 3324 1311 3390 Alleluia.
1385 3334 1488 3407 pi.

311 3413 727 3478 Benedictus,
1243 3414 1486 3479 Oratio.

310 3502 642 3637 Excita
665 3502 932 3564 domine
969 3521 1326 3583 quesumus
1371 3522 1486 3585 po-

459 3590 736 3653 tentiam
783 3599 969 3654 tuam
1015 3600 1085 3653 et
1117 3592 1267 3653 veni
1299 3598 1372 3653 ut
1417 3590 1485 3653 hi

311 3678 458 3763 qui¹
522 3687 638 3741 tua
696 3677 943 3761 pietate
1001 3678 1344 3742 confidunt
1403 3678 1490 3742 ab

311 3766 496 3831 omni
537 3768 728 3829 citius
774 3766 1170 3830 adversitate
1213 3766 1489 3831 liberen-

312 3864 438 3920 tur.
531 3853 665 3937 Qui
717 3854 901 3918 vivis,
1007 3854 1329 3919 Memorio
1388 3855 1489 3918 di-

312 3952 553 4008 cantur
591 3943 715 4006 Ad
751 3943 944 4007 horas
987 3953 1065 4005 ut
1101 3955 1304 4026 supra
1347 3964 1492 4006 cum

312 4030 599 4097 oratione
623 4032 1010 4096 dominicali.

403 4120 529 4183 Ad
560 4129 851 4202 vesperas
899 4120 970 4184 in
1016 4118 1341 4203 evangelio
1386 4128 1492 4183 aii.

317 4209 382 4275 O
456 4210 598 4272 sine
669 4207 1102 4290 kyrieleyson.
1250 4209 1495 4274 Oratio.

313 4298 571 4363 Aurem
603 4306 807 4372 tuam,
838 4305 945 4360 etc.
1033 4296 1246 4361 Nulla
1273 4316 1497 4379 sequa-

315 4398 434 4451 tur
459 4386 786 4450 memoria.

489 4552 652 4605 '‘in’
679 4554 814 4604 add:
851 4552 1076 4606 E.G.w.

1327 4554 1348 4585 ²
1379 4550 1544 4603 illum:
1581 4552 1806 4604 E.G.W.

2137 481 2233 533 54

1590 590 1656 666 ([
1704 585 2003 651 sabbato.
2096 585 2461 649 Secundum
2491 585 2718 652 lucam.

1586 676 1893 805 Anno
1952 673 2448 758 quintodecimo
2510 676 2767 758 imperii

1754 763 1995 844 tyberii
2066 763 2303 826 cesaris
2373 775 2767 846 procurante

1588 852 1821 934 pontio
1852 850 2061 934 pilato
2087 851 2398 933 judeam:
2440 852 2768 917 tetrarcha

1587 949 1812 1003 autem
1864 939 2102 1021 galilee
2149 938 2410 1002 herode.
2486 941 2761 1004 Factum

1587 1037 1688 1092 est
1718 1028 1989 1100 verbum
2027 1028 2277 1091 domini
2308 1048 2506 1110 super
2527 1028 2764 1110 johan-

1587 1137 1739 1179 nem
1773 1116 2069 1179 zacharie
2106 1115 2315 1179 filium
2370 1117 2435 1179 in
2485 1118 2763 1181 deserto,

1587 1205 1680 1268 Et
1711 1204 1977 1287 reliqua.
2472 1205 2761 1288 Lertioj.

1680 1293 1931 1358 Omelia
1961 1291 2131 1357 beati
2144 1293 2440 1375 gregorii
2450 1303 2630 1375 pape.

1583 1381 2134 1512 Redemptoris
2213 1401 2552 1464 precursor
2625 1402 2761 1464 quo

1732 1479 2031 1553 tempore
2152 1470 2426 1533 verbum
2543 1471 2760 1553 predi-

1585 1558 1865 1621 cationis
1944 1559 2305 1640 acceperit:
2396 1568 2765 1622 memorato

1585 1667 1858 1710 romane
1932 1647 2284 1729 reipublice
2343 1647 2636 1730 principe
2696 1655 2764 1710 et

1579 1734 1779 1817 judee
1848 1736 2110 1816 regibus
2179 1736 2564 1816 designatur
2608 1755 2761 1798 cum

1585 1822 1859 1887 dicitur:
1977 1823 2183 1886 Anno
2272 1824 2765 1905 quintodecimo

1587 1911 1840 1993 imperii
1874 1911 2112 1993 tyberii
2143 1913 2381 1974 cesaris
2412 1922 2534 1975 etc.
2599 1913 2654 1974 F
2656 1932 2763 1976 ac-

1586 2009 1731 2062 tum
1787 2007 1889 2062 est
1934 1999 2206 2062 verbum
2268 1999 2519 2062 domini
2568 2021 2766 2082 super

1579 2086 1943 2170 johannem
2019 2086 2315 2151 zacharie
2403 2086 2611 2151 filium
2695 2089 2763 2150 in

1585 2177 1863 2239 desert0.
1995 2175 2109 2238 Re.
2188 2175 2441 2238 Emitte
2514 2195 2761 2256 agnum

1585 2264 1854 2328 domine
1914 2263 2397 2327 dominatorem
2447 2272 2617 2327 terre
2676 2265 2763 2327 de

1584 2362 1773 2435 petra
1803 2351 2059 2415 deserti.
2162 2350 2277 2415 Ad
2310 2361 2605 2414 montem
2630 2350 2764 2414 filie

1584 2461 1771 2522 syon.
1860 2455 1909 2526 γ
1954 2439 2250 2505 Ostende
2282 2441 2471 2503 nobis
2493 2440 2763 2502 domine
2814 2480 2821 2489 ·

1585 2528 2103 2593 misericordiam
2166 2536 2402 2593 tuam:
2463 2537 2531 2593 et
2590 2528 2763 2592 salu-

1582 2627 1723 2681 tare
1768 2627 1957 2682 tuum
1999 2618 2086 2682 da
2118 2618 2325 2682 nobiS.
2411 2617 2527 2680 Ad
2576 2637 2762 2681 mon-

1581 2715 1739 2771 tem.
2449 2705 2663 2768 Lectio
2695 2706 2762 2787 ij.

1595 2794 1829 2961 Quia
1886 2794 2063 2858 enim
2142 2794 2353 2857 illud²
2426 2794 2763 2876 predicare

1719 2882 2026 2946 veniebat
2067 2884 2181 2965 qui
2206 2904 2294 2945 ex
2325 2883 2531 2965 judea
2569 2903 2765 2965 quos-

1583 2972 1742 3035 dam
1794 2980 1861 3034 et
1912 2969 2155 3035 multos
2200 2992 2289 3034 ex
2332 2972 2639 3053 gentibus
2671 2992 2767 3033 re-

1585 3060 1973 3141 dempturus
2048 3067 2205 3123 erat.
2348 3060 2470 3122 Per
2542 3079 2766 3140 regem

1583 3149 1883 3231 gentium
1933 3155 2001 3210 et
2048 3148 2375 3230 principes
2416 3146 2766 3229 judeorum

1585 3236 2051 3319 predicationis
2096 3235 2237 3317 ejus
2296 3244 2597 3317 tempora
2657 3237 2769 3299 de-

1587 3326 1947 3407 signantur.
2014 3324 2529 3406 Responsorium.
2608 3323 2770 3387 Ger-

1589 3415 2005 3477 minaverunt
2056 3414 2273 3495 campi
2325 3412 2575 3475 heremi
2623 3432 2771 3493 ger-

1589 3521 1745 3565 men
1820 3500 2040 3564 odoris
2119 3499 2326 3564 israel.
2401 3500 2559 3582 quia
2619 3520 2773 3563 ecce

1589 3590 1755 3653 deus
1802 3597 2025 3651 noster
2067 3608 2217 3651 cum
2263 3588 2502 3651 virtute
2531 3588 2769 3651 veniet.

1591 3678 1683 3741 Et
1714 3676 2023 3760 splendor
2052 3675 2193 3757 ejus
2222 3695 2373 3739 cum
2406 3696 2502 3738 e0.
2578 3692 2625 3760 γ
2659 3676 2771 3738 Ex

1588 3786 1755 3848 syon
1803 3765 2052 3847 species
2101 3764 2356 3827 decoris
2399 3763 2576 3845 ejus:
2609 3764 2773 3826 deus

1591 3861 1818 3917 noster
1902 3851 2247 3915 manifeste
2337 3852 2575 3915 veniet.
2682 3852 2777 3915 Et

1593 3941 1925 4025 splendor.
2426 3939 2646 4003 Lectio
2678 3940 2774 4015 iij.

1591 4029 1993 4164 Sequitur
2051 4028 2217 4093 sicut
2294 4030 2610 4112 scriptum
2680 4039 2781 4093 est

1607 4164 1612 4169 -
1736 4118 1802 4180 in
1878 4115 2046 4180 libro
2116 4137 2491 4181 sermonum
2552 4118 2783 4200 ysaie⁸

1598 4206 1966 4290 prophete:
2040 4206 2201 4269 Vox
2288 4206 2637 4270 clamantis
2712 4208 2782 4270 in

1599 4296 1899 4360 deserto:
1969 4304 2198 4378 parate
2257 4295 2433 4358 viam
2487 4295 2785 4358 domini:

1603 4392 1814 4447 rectas
1844 4382 2042 4448 facite
2075 4384 2347 4447 semitas
2379 4382 2536 4465 ejus.
2622 4382 2789 4448 Om-

2124 4554 2143 4583 ³
2178 4550 2348 4601 Esaie:
2383 4552 2447 4602 G.
