3375 5100
1394 342 1501 398 IN
1532 341 2130 416 DEPOSIYIONE:

1072 454 1182 507 171

544 557 716 622 sicut
745 560 875 622 deo
903 579 1099 623 vero:
1150 559 1486 642 myrrham
1518 559 1742 642 sepul-

544 656 689 710 ture
725 647 885 728 ejuS.
936 647 1104 711 all’a.
1189 657 1291 729 pf.
1330 648 1738 730 Magnificat.

550 734 796 798 Oratio.
832 735 1017 798 Deus
1060 735 1173 818 qui
1218 736 1555 800 hodierna.
1644 737 1743 799 Et

526 821 670 904 fiat
698 824 1008 886 memoria
1037 825 1119 886 de
1155 833 1374 887 sancto
1402 823 1742 887 Edwardo

546 919 805 974 tantum
837 911 936 974 ad
973 923 1267 992 vesperas
1286 933 1311 974 .·
1355 911 1495 974 nisi
1534 911 1740 974 domi-

546 999 694 1060 nica
737 999 961 1080 suerit
1032 1001 1105 1062 in
1176 999 1459 1063 crastino
1484 1022 1508 1063 .·
1582 1000 1742 1081 quia

546 1096 701 1150 tunc
736 1086 903 1168 fict¹
969 1097 1229 1150 tantum
1292 1087 1607 1150 memoria
1664 1088 1745 1150 dc

543 1184 764 1238 sancto
810 1175 1113 1238 willelmo
1132 1199 1157 1239 .·
1216 1184 1283 1238 et
1331 1175 1401 1236 in
1447 1175 1743 1238 secundis

545 1263 823 1345 vesperis
864 1263 1079 1326 sancti
1125 1262 1422 1327 willelmi
1445 1263 1585 1346 fiat
1613 1285 1742 1326 mc-

544 1351 757 1414 moria
804 1350 885 1414 dc
925 1361 1145 1414 sancto
1188 1353 1257 1414 E
1257 1351 1543 1415 dwardo.
1633 1360 1742 1415 aii.

544 1439 811 1520 Justurn
884 1439 1189 1504 deduxit.
1323 1456 1370 1525 y
1460 1439 1742 1503 Amavit

544 1546 717 1590 eum.
1492 1528 1741 1592 Orati0.

558 1615 1062 1749 Omnipotens
1124 1617 1526 1699 sempiterne
1578 1617 1744 1678 deus

682 1704 796 1785 qui
845 1703 1301 1768 beatissimum
1356 1724 1579 1787 regem
1626 1705 1744 1768 ed-

546 1791 844 1854 wardum
878 1791 1319 1857 confessorem
1352 1802 1540 1856 tuum
1573 1799 1742 1856 eter-

548 1879 775 1942 nitatis
793 1879 1002 1961 gloria
1023 1890 1091 1943 et
1108 1880 1357 1944 honore
1372 1880 1700 1944 coronasti
1725 1901 1741 1943 :

549 1966 652 2029 fac
685 1987 804 2030 nos
836 1986 1195 2048 quesumus
1237 1969 1331 2033 ita
1360 1988 1513 2033 eum
1543 1988 1742 2032 vene-

546 2054 673 2118 rari
706 2055 772 2118 in
804 2057 1032 2120 terris:
1078 2067 1153 2120 ut
1183 2077 1335 2121 cum
1356 2077 1437 2120 eo
1469 2075 1746 2138 regnare

548 2143 881 2225 possimus
907 2144 975 2207 in
1008 2144 1181 2209 celis,
1278 2147 1403 2209 Per
1430 2145 1608 2208 dom.

638 2236 704 2310 ff
748 2232 1080 2314 Depositio
1149 2235 1364 2297 sancti
1446 2231 1751 2296 edwardi

549 2320 736 2402 regit.

547 2407 674 2470 Ad
704 2417 903 2472 matu.
936 2408 1237 2473 invitato.
1280 2409 1513 2490 Justus
1556 2407 1750 2470 flore-

548 2497 665 2561 bit.
740 2505 843 2579 ΡΞ.
874 2497 1117 2561 Venite
1161 2506 1227 2560 et
1250 2508 1449 2560 cetera
1478 2495 1559 2559 de
1582 2516 1748 2559 com-

549 2584 743 2647 muni
769 2584 968 2647 unius
1011 2584 1391 2668 confessoris
1442 2606 1567 2647 non
1583 2594 1747 2665 pon-

552 2672 767 2755 tificis.
1462 2673 1674 2735 Lectio
1683 2673 1748 2754 j.

552 2762 687 2891 In
718 2760 953 2823 diebus
1007 2761 1173 2825 illis:
1226 2761 1548 2825 Kuntone
1593 2780 1748 2842 rege

643 2848 839 2912 rebus
869 2849 1178 2913 humanis
1210 2859 1534 2931 exempto
1562 2870 1575 2913 :
1624 2849 1748 2911 fili-

554 2936 740 3019 isque
770 2936 913 3018 ejus
959 2938 1313 3001 immatura
1360 2947 1571 3000 morte
1602 2957 1748 3020 pre-

559 3024 808 3106 reptis:
857 3026 1033 3107 angli
1082 3026 1321 3090 danico
1360 3026 1523 3107 jugo
1555 3026 1746 3107 quasi

554 3111 643 3175 ab
689 3114 1043 3195 egyptiaca
1095 3115 1407 3178 servitute
1454 3114 1749 3177 liberati:

557 3200 827 3263 beatum
906 3203 1289 3266 edwardum
1379 3204 1447 3265 in
1523 3222 1748 3283 regem

558 3288 915 3370 elegerunt.
1007 3291 1228 3374 Quem
1276 3311 1427 3355 cum
1484 3310 1749 3353 summo

556 3375 808 3440 honore
878 3378 1351 3461 archiepiscopi
1422 3378 1752 3442 cantuari-

557 3466 733 3528 ensis
794 3474 862 3530 et
922 3467 1339 3530 eboracensis
1400 3487 1551 3530 cum
1607 3466 1753 3528 uni-

556 3554 759 3617 versis
856 3553 991 3619 sere
1096 3555 1315 3637 anglie
1423 3555 1752 3636 episcopis

556 3653 894 3707 unxerunt
1000 3652 1071 3707 et
1180 3651 1749 3707 consecraverunt.

558 3730 973 3795 Confirmato
1002 3752 1161 3795 vero
1191 3732 1399 3814 ipsius
1432 3731 1749 3813 imperio:

555 3820 997 3901 omnibusque
1088 3841 1352 3884 summa
1432 3840 1597 3901 pace
1672 3839 1751 3882 ac

558 3908 993 3989 prosperitate
1077 3907 1511 3991 compositis:
1602 3927 1752 3989 pro-

558 4014 741 4056 ceres
816 3994 903 4057 de
974 3998 1388 4060 successione
1466 3995 1752 4059 soliciti:

560 4101 783 4163 regem
840 4082 924 4145 de
970 4102 1181 4147 uxore
1229 4084 1535 4148 ducenda
1595 4104 1753 4147 con-

559 4170 854 4232 veniunt.
1416 4172 1633 4234 Lectio
1681 4171 1752 4253 ij.

558 4260 832 4395 Rege
855 4256 1053 4339 igitur
1066 4278 1409 4340 procerum
1425 4259 1754 4323 voluntati

707 4355 1033 4428 oportune
1065 4356 1133 4411 et
1164 4348 1539 4430 importune
1565 4348 1754 4411 insis-

694 4536 709 4565 ¹
746 4535 835 4585 aaz
854 4551 874 4585 .·
905 4536 972 4586 E.
987 4535 1047 4587 G.

1567 4539 1587 4567 ²
1624 4537 1819 4587 vincere
1836 4555 1850 4587 :
1885 4538 1966 4586 W.

2382 453 2515 508 172

1839 561 2130 626 tentium
2205 577 2602 624 consensum
2679 559 3046 641 prebente:

1840 648 2242 731 querebatur
2269 648 2459 729 virgo
2503 667 2636 731 que
2667 650 2838 712 tanti
2871 650 3044 731 regis

1841 738 2048 818 digna
2077 744 2254 800 esset
2291 735 2781 818 complexibus.
2877 737 3046 802 Erat

1841 825 2012 888 inter
2086 833 2394 907 potentes
2469 823 2692 905 anglie
2762 825 3040 906 quidam

1839 913 2340 995 potentissimus
2369 931 2594 974 comes
2633 911 3038 976 Godwinus:

1841 1020 1976 1064 non
2009 1019 2402 1081 magnarum
2435 1019 2674 1082 opum:
2705 1001 2825 1063 sed
2857 1010 3040 1064 astu-

1841 1090 1933 1152 tie
1991 1087 2380 1169 singularis:
2429 1107 2788 1170 regumque
2849 1089 3033 1171 regni

1841 1175 2156 1259 proditor.
2250 1174 2385 1240 Sed
2447 1176 2618 1239 sicut
2676 1177 2872 1258 spina
2931 1197 3034 1239 ro-

1841 1284 1984 1328 sam
2017 1262 2249 1346 genuit
2299 1264 2648 1345 godwinus
2699 1263 3037 1346 edgidam.

1845 1352 2210 1416 Godwinus
2260 1372 2418 1414 vero
2461 1352 2690 1415 volens
2735 1353 3034 1416 animum

1844 1441 2016 1522 regis
2077 1440 2204 1502 sibi
2257 1441 2464 1502 artius
2521 1440 2846 1504 vincire:²
2897 1443 3040 1523 egit

1843 1549 1963 1610 per
2001 1529 2249 1591 amicos
2295 1527 2599 1609 regisque
2651 1530 3038 1592 secretarios

1844 1627 1919 1681 ut
1977 1615 2184 1679 filiam
2245 1615 2477 1678 suam⁸
2529 1616 2725 1698 regiis
2787 1617 3040 1699 nuptiis

1844 1704 2154 1786 copulare
2184 1703 2584 1785 dignaretur.
2693 1703 2908 1768 Lectio
2939 1705 3038 1788 iij.

1842 1793 2064 1924 Hi
2125 1801 2350 1854 autem
2415 1792 2530 1873 qui
2591 1791 2866 1855 domino
2913 1813 3036 1856 suo

2020 1880 2244 1943 artiori
2292 1878 2682 1942 inherebant
2717 1890 2990 1962 aspectu
3021 1903 3036 1944 ε

1843 1967 2288 2051 proditionem
2335 1968 2597 2031 comitis
2643 1988 2846 2049 quam
2877 1989 3038 2051 sepe

1841 2056 2103 2121 fuerant
2132 2057 2393 2138 experti
2425 2055 2780 2136 plurimum
2813 2057 3036 2119 formi-

1844 2145 2115 2207 dantes:
2201 2142 2326 2206 hoc
2403 2145 2620 2225 ipsum
2695 2163 3036 2226 perneces-

1844 2233 2090 2296 sarium
2139 2233 2276 2312 regi
2324 2230 2830 2296 arbitrabantur.
2923 2233 3038 2295 Ex

1846 2321 2187 2402 utriusque
2233 2320 2435 2400 igitur
2478 2320 2722 2382 divitiis
2771 2331 3042 2402 paratur

1848 2408 2146 2490 nuptiale
2207 2407 2624 2472 convivium:
2699 2409 3041 2490 complent

1847 2495 2198 2580 pontifices
2258 2505 2788 2561 sacramentum:
2850 2505 2920 2560 et
2972 2497 3039 2560 in

1847 2587 2146 2667 reginam
2170 2584 2394 2666 puella
2415 2594 2782 2649 coronatur.
2863 2586 3040 2651 Con-

1847 2673 2264 2753 yenientibus
2313 2674 2513 2754 igitur
2559 2673 2628 2735 in
2673 2694 2878 2737 unum
2919 2694 3042 2737 rex

1848 2771 1917 2825 et
1966 2763 2194 2843 regina
2234 2762 2319 2825 de
2368 2761 2676 2824 castitate
2717 2763 3046 2825 servanda

1847 2850 2312 2933 paciscuntur:
2402 2848 2481 2911 fit
2555 2848 2670 2911 illa
2743 2849 3042 2930 conjunx

1849 2946 2076 3001 mente
2129 2957 2262 3000 non
2317 2956 2550 3001 carne:
2605 2937 2715 3000 ille
2767 2940 3046 3001 maritus

1851 3027 2119 3089 nomine
2152 3045 2282 3087 non
2317 3044 2534 3107 opere.

1849 3115 1945 3178 M
1938 3114 2076 3177 edic
2159 3113 2445 3176 lectiones
2522 3114 2604 3175 de
2687 3112 3046 3196 epiphania.

1857 3202 2091 3265 Sermo
2178 3201 2351 3264 beati
2436 3201 2504 3263 F
2499 3201 2784 3285 algentii
2883 3202 3048 3283 epis-

1850 3290 1997 3372 copi.
2681 3290 2894 3353 Lectio
2924 3290 3048 3373 iiij.

2035 3377 2195 3441 ostis
2216 3377 2581 3441 charissimi
2606 3377 2861 3441 fratres:
2891 3380 3050 3459 quia

2033 3466 2176 3529 dies
2231 3467 2356 3529 iste
2403 3467 2516 3547 qui
2571 3467 2764 3529 nobis
2813 3466 2882 3528 in
2931 3466 3053 3529 ho-

1853 3574 2081 3618 norem
2102 3555 2354 3617 domini
2379 3575 2497 3635 per
2521 3573 2732 3617 annos
2756 3554 3052 3636 singulos

1853 3643 2262 3707 celebratur:
2327 3662 2442 3705 ore
2509 3652 2898 3707 cunctorum
2975 3641 3052 3704 fi-

1852 3731 2102 3795 delium
2164 3729 2515 3812 epiphania
2586 3729 3050 3794 venerabiliter

1855 3827 2296 3901 nuncupatur.
2399 3818 2491 3881 Et
2566 3821 2724 3900 quia
2782 3839 3054 3900 grecum

1853 3907 2174 3991 probatur
2199 3927 2342 3969 esse
2366 3906 2795 3971 vocabulum:
2830 3907 3056 3971 multis

1855 4006 1959 4059 est
1991 3995 2212 4058 latinis
2244 3996 2676 4076 incognitum.
2751 3994 2968 4058 Lectio
2997 4017 3058 4058 v.

1854 4086 1959 4215 J
1970 4084 2100 4146 nde
2161 4091 2263 4145 est
2325 4084 2504 4166 quod
2570 4104 2811 4147 nomen
2879 4084 3059 4147 istud

1967 4191 2202 4234 omnes
2247 4172 2521 4251 quidem
2563 4172 2750 4235 latini
2803 4172 3059 4235 dicunt:

1855 4261 1973 4324 sed
2007 4279 2142 4322 non
2167 4279 2400 4322 omnes
2426 4260 2851 4324 inveniuntur
2869 4280 3066 4323 nosse

1857 4348 2038 4431 quod
2101 4348 2346 4411 dicunt.
2461 4349 2750 4411 Proinde
2807 4346 3062 4411 bonum

2339 4542 2360 4571 ³
2399 4542 2570 4587 ‘suam
2591 4538 2604 4561 ’
2627 4555 2754 4589 om.:
2793 4539 2923 4590 E.G.
