3375 5100
1029 363 1346 423 SANCTJ
1382 315 1504 419 ἑο
1516 360 1811 420 WARDJ
1847 363 2111 420 ποτε.

834 470 969 530 178

304 575 423 644 est
480 585 558 643 ut
617 576 838 642 cuncti
898 579 1013 663 qui
1086 578 1266 642 diem
1324 577 1517 641 hodi-

316 687 553 732 ernum
604 667 1033 750 epiphaniam
1088 675 1516 749 nuncupant:

316 765 392 820 et
451 775 567 820 cur
632 755 759 818 hoc
834 755 1094 819 dicatur
1168 757 1517 836 ignorant:

316 851 807 907 sacramentum
840 843 972 906 diei
1002 842 1198 925 hujus
1230 842 1519 906 nominis

318 932 867 1014 interpretatione
898 940 1321 1013 cognoscant.

478 1020 631 1083 ebet
691 1019 869 1082 enim
938 1019 1069 1083 diei
1162 1017 1401 1102 [Lectio
1430 1019 1515 1100 vj.

476 1106 673 1187 hujus
716 1107 1079 1171 solennitas
1124 1127 1167 1170 a
1212 1105 1519 1170 fidelibus

315 1195 679 1260 celebrari:
754 1203 824 1258 et
883 1194 1037 1258 ideo
1100 1194 1517 1258 solennitatis

310 1304 519 1348 causa
551 1303 685 1346 non
718 1283 921 1346 debet
952 1283 1253 1365 ignorari.
1315 1282 1515 1345 Hunc

318 1391 481 1454 ergo
512 1371 691 1434 diem
722 1372 894 1434 sicut
924 1372 1221 1434 diximus
1244 1370 1517 1453 epipha-

318 1461 499 1523 niam
575 1467 773 1523 vocat
844 1459 1204 1523 christiana
1270 1459 1517 1539 religi0.

320 1547 705 1631 Epiphania
793 1567 951 1610 vero
1047 1547 1518 1629 interpretatur

318 1636 785 1700 manifestatio.
904 1633 1335 1716 Responsoria
1439 1635 1521 1697 de

312 1723 659 1806 epiphania
685 1732 879 1805 super
918 1723 1170 1786 medias
1212 1722 1514 1787 lectiones.

316 1813 433 1876 Re.
484 1812 881 1876 Illuminare.
973 1811 1089 1874 Re.
1142 1811 1397 1876 Omnes
1428 1810 1514 1875 de

316 1902 498 1965 saba.
588 1901 701 1964 Re.
737 1900 922 1982 Magi
969 1900 1263 1963 veniunt.
1358 1899 1513 1981 Sep-

316 1990 487 2052 tima
537 1988 715 2053 lectio
764 1987 847 2050 a'e
892 1987 1275 2070 expositione
1321 2007 1515 2050 evan-

305 2077 477 2159 gelii
534 2076 879 2140 secundum
938 2076 1167 2140 lucam.
1292 2076 1513 2139 Nemo

318 2165 623 2229 accendit
676 2163 1028 2229 lucernam.
1126 2163 1380 2229 Omelia
1440 2172 1519 2227 ut

313 2254 391 2316 ‚in
421 2253 763 2317 communi.
1126 2251 1341 2316 Lectio
1371 2251 1511 2334 viij.

314 2345 419 2474 J
425 2351 653 2406 nterea
706 2361 827 2404 rex
880 2349 1150 2405 sanctus
1203 2361 1328 2404 evo
1368 2339 1510 2421 jam

423 2431 643 2513 gravis
735 2429 969 2495 militie
1068 2449 1185 2492 sue
1263 2429 1513 2510 stipen-

315 2517 443 2582 diis
489 2517 865 2602 parabatur.
980 2515 1262 2583 Obitum
1317 2536 1511 2581 suum

314 2606 516 2689 longe
602 2614 763 2670 ante
858 2607 1201 2688 prescivit:
1291 2605 1468 2668 unde
1492 2605 1511 2642 ¹

314 2704 386 2759 et
442 2703 599 2778 post
662 2694 1001 2758 modicum
1062 2694 1150 2757 ad
1224 2694 1509 2775 patriam

313 2785 745 2866 profecturus
859 2783 1109 2846 Verum
1151 2780 1291 2863 jam
1356 2801 1510 2845 con-

312 2881 635 2936 structam
696 2870 877 2935 beati
937 2870 1108 2953 petri
1166 2869 1508 2934 basilicam

311 2980 519 3042 quam
586 2960 730 3042 ipse
804 2966 1275 3022 renovaverat:
1353 2966 1511 3021 ante

310 3048 569 3111 obitum
647 3065 841 3111 suum
912 3046 1126 3111 voluit
1198 3045 1507 3110 dedicari.

312 3136 637 3218 Cogitans
656 3155 815 3217 ergo
826 3143 902 3199 ut
922 3133 1261 3198 solennius
1284 3142 1510 3216 posset

310 3224 613 3288 exhiberi
675 3224 821 3305 ipsa
879 3222 1333 3287 consecratio:
1388 3221 1505 3286 de-

306 3312 517 3376 crevit
546 3312 614 3375 in
646 3311 754 3375 die
786 3321 1167 3376 sanctorum
1192 3310 1505 3375 innocen-

306 3402 481 3463 tium
542 3400 739 3464 istam
808 3398 1261 3464 celebritatem
1321 3418 1505 3462 com-

306 3489 493 3571 pleri.
533 3503 543 3512 ·
588 3488 727 3555 Sed
773 3488 839 3550 in
871 3489 1017 3570 ipsa
1060 3496 1257 3552 nocte
1288 3486 1507 3551 domi-

306 3578 457 3641 nice
486 3576 855 3641 nativitatis
884 3574 1066 3639 febre
1112 3574 1460 3657 corripitur
1486 3595 1502 3640 :

306 3672 378 3728 et
439 3684 601 3728 mox
663 3664 919 3728 instans
980 3663 1303 3728 festivitas
1358 3684 1503 3727 ver-

304 3753 473 3817 titur
522 3754 589 3816 in
637 3752 955 3817 dolorem.
1047 3752 1503 3815 Veruntamen

304 3841 516 3905 tribus
580 3841 817 3906 diebus
890 3839 975 3903 de
1047 3840 1195 3923 ipso
1270 3839 1505 3903 morbo

303 3928 723 4012 triumphans
782 3928 953 3992 inter
1026 3929 1375 4011 episcopos
1436 3936 1503 3992 et

300 4036 609 4101 proceres
688 4018 755 4080 in
844 4017 1149 4080 convivio
1254 4014 1504 4098 regalia

304 4107 746 4169 instrumenta
791 4106 1125 4169 sustinens
1186 4124 1339 4168 cum
1384 4104 1505 4168 ali-

302 4214 444 4276 qua
476 4194 821 4258 alacritate
852 4194 1115 4258 resedit.
1212 4192 1385 4257 Lect.
1422 4192 1507 4257 ix.

315 4281 827 4416 Illucescebat
880 4282 1081 4364 igitur
1127 4288 1509 4345 sanctorum

425 4370 878 4436 innocentium
924 4370 1221 4453 jocunda
1266 4369 1513 4435 festivi-

524 4536 541 4565 ¹
576 4548 671 4599 pro
710 4536 724 4561 ‘
742 4532 875 4581 unde
893 4532 907 4555 ’
932 4532 1051 4583 illo:
1087 4532 1151 4584 G.

2167 472 2294 525 174

1617 583 1725 640 tas
1803 575 2482 659 convenientibusque
2563 575 2816 659 episco-

1620 666 1722 746 pis
1769 667 2105 747 peragitur
2151 686 2338 729 sacra
2378 665 2816 728 dedicationis

1620 751 2000 816 solennitas,
2125 753 2358 819 Sciens
2419 754 2620 834 igitur
2692 772 2815 815 rex

1620 841 1779 921 quia
1829 841 2390 924 appropinquavit
2449 840 2612 904 hora
2671 841 2816 922 ejus

1620 938 1696 992 ut
1748 930 2057 992 transiret
2105 931 2190 992 de
2243 929 2370 993 hoc
2425 929 2678 992 mundo
2727 929 2812 992 ad

1622 1015 2006 1081 Christum:
2045 1017 2241 1098 jubet
2285 1037 2440 1080 suos
2481 1039 2520 1080 a
2551 1015 2817 1080 fletibus

1620 1112 2007 1186 temperare.
2152 1106 2232 1169 In
2310 1105 2584 1170 ecclesia
2658 1125 2816 1169 vero

1618 1192 1800 1257 beati
1837 1193 2005 1276 petri
2038 1214 2238 1275 quam
2287 1215 2328 1257 a
2365 1192 2815 1258 fundamentis

1618 1279 1763 1362 ipse
1823 1289 2322 1347 construxerat:
2405 1281 2815 1364 sepulturam

1618 1369 1745 1431 sibi
1807 1368 1946 1433 fieri
2006 1369 2399 1453 postulavit:
2488 1389 2818 1451 suumque

1618 1457 1971 1521 transitum
2019 1458 2336 1522 dominici
2395 1458 2687 1540 corporis
2749 1466 2818 1522 et

1618 1547 1962 1627 sanguinis
2021 1547 2448 1629 perceptione
2515 1545 2814 1610 munivit.

1617 1632 1870 1696 Totum
1903 1654 1975 1697 se
2019 1635 2293 1698 demum
2335 1635 2817 1698 commendans

1618 1721 1748 1784 deo
1763 1723 1826 1784 in
1849 1721 1981 1785 fide
1996 1721 2240 1787 Christi
2261 1743 2470 1787 senex
2493 1732 2561 1787 et
2580 1723 2816 1805 plenus

1617 1809 1876 1873 dierum
1899 1810 2209 1892 migravit
2239 1831 2274 1874 e
2290 1812 2531 1876 seculo,
2625 1811 2814 1876 Obiit

1618 1907 1845 1961 autem
1921 1899 2136 1980 pridie
2213 1919 2427 1963 nonas
2495 1899 2814 1980 januarii:

1614 2004 1794 2050 anno
1817 1987 2286 2050 incarnationis
2326 1987 2618 2051 domini:
2667 1987 2816 2050 mil-

1616 2072 1852 2137 lesimo
1904 2075 2327 2156 sexagesimo
2383 2085 2619 2138 sexto:
2667 2095 2810 2158 reg-

1616 2169 1890 2224 naturus
1923 2161 1988 2224 in
2022 2162 2164 2225 celo
2211 2182 2362 2226 cum
2413 2163 2660 2226 sanctis
2693 2182 2812 2244 per

1614 2268 1768 2313 eum
1801 2249 1914 2331 qui
1937 2250 2100 2313 vivit
2130 2258 2198 2313 et
2229 2259 2464 2332 regnat
2487 2249 2553 2312 in
2587 2250 2812 2314 secula

1614 2338 1797 2401 deuS.
1895 2335 2114 2403 Cetera
2142 2339 2224 2400 de
2262 2337 2588 2401 communi
2614 2337 2813 2402 unius

1613 2425 1996 2505 consesson‘s
2069 2447 2196 2488 non
2255 2425 2584 2509 pontificis
2665 2447 2811 2489 cum

1612 2512 1901 2578 oratione
1930 2514 2205 2598 propria
2255 2524 2320 2579 et
2373 2515 2687 2579 memoria
2733 2514 2816 2578 de

1612 2602 1955 2684 epiphania
2013 2613 2076 2667 et
2131 2604 2211 2667 de
2265 2604 2578 2669 domina?
2691 2604 2820 2667 Ad

1599 2691 1899 2772 primam
1973 2692 2088 2757 Re.
2147 2693 2306 2775 Jesu
2386 2692 2663 2758 Christe.
2761 2709 2811 2778 γ

1614 2778 1750 2861 Qui
1777 2781 2162 2862 apparuisti.
2224 2802 2368 2844 cum
2395 2781 2559 2845 all’a.
2605 2791 2810 2845 cetera

1612 2868 1710 2930 ad
1736 2867 1934 2931 boras
1977 2869 2060 2932 de
2101 2869 2428 2933 communi
2469 2890 2614 2933 cum
2662 2890 2808 2933 ora-

1613 2955 1784 3019 tione
1815 2956 2107 3039 propria.
2194 2958 2322 3022 Ad
2360 2968 2654 3039 vesperas
2699 2966 2806 3023 aii.

1608 3043 1800 3108 Ante
1858 3045 2217 3110 luciferum.
2293 3055 2395 3127 pff.
2453 3046 2650 3110 Dixit
2689 3047 2808 3110 do-

1612 3132 1850 3196 minuS.
1967 3155 2113 3197 cum
2159 3134 2381 3197 ceteris·
2437 3133 2811 3217 antiphonis

1607 3229 1671 3283 et
1699 3220 1984 3301 psalmis
2024 3222 2440 3304 sequentibus.
2503 3232 2703 3285 cetera
2732 3224 2814 3286 de

1606 3309 1936 3373 communi
1981 3330 2128 3373 cum
2175 3310 2476 3375 oratione.
2569 3311 2807 3376 Omni·

1607 3405 1850 3480 potens
1917 3400 2336 3481 sempiterne.
2470 3398 2806 3461 Memoria

1608 3485 1692 3547 de
1738 3486 2079 3569 epiphania
2122 3495 2185 3550 et
2225 3486 2305 3549 de
2344 3485 2626 3549 domina.
2720 3486 2812 3549 Si

1593 3572 1850 3653 festum
1931 3573 2211 3656 alicujus
2295 3572 2511 3636 sancti
2594 3571 2804 3635 trium

1607 3661 1943 3725 lectionum
1975 3661 2166 3741 infra
2195 3671 2453 3723 octavas
2479 3660 2764 3724 evenerit
2779 3684 2806 3724 .·

1606 3758 1872 3811 tantum
1912 3748 2056 3831 fiat
2101 3748 2183 3811 de
2223 3767 2292 3811 eo
2351 3747 2663 3811 memoria
2713 3748 2815 3811 ad

1608 3847 1909 3917 vesperas
1935 3845 2000 3899 et
2024 3836 2122 3899 ad
2159 3834 2523 3899 matutinas
2548 3835 2689 3899 sive
2711 3837 2808 3901 sit

1604 3924 1935 3988 dominica
1961 3924 2102 3988 sive
2131 3945 2272 3988 non.

1699 4017 1765 4091 ff
1808 4011 2060 4075 Diebus
2103 4014 2293 4093 infra
2336 4020 2610 4078 octavas·
2703 4014 2803 4079 in·

1608 4101 2012 4165 vitatorium.
2125 4102 2429 4167 Christus
2495 4104 2806 4185 apparuit

1610 4189 1820 4253 nobiS.
1925 4189 2172 4254 Venite
2231 4191 2604 4255 adoremuS.
2701 4200 2806 4273 pf.

1608 4278 1872 4344 Venite.
1957 4278 2284 4359 Hymnus.
2330 4278 2400 4342 A
2431 4288 2620 4362 patre
2662 4280 2807 4342 uni-

1612 4367 1892 4450 genituS.
1993 4368 2146 4432 Una
2175 4377 2432 4432 tantum
2455 4367 2807 4450 antiphona

1955 4530 1977 4561 ¹
2007 4528 2278 4579 dominica:
2326 4528 2392 4578 E.
2407 4528 2466 4580 G.
