3375 5100
1329 262 1875 320 SEPTEMBRIS.

884 372 1033 428 597

2154 372 2311 428 598

353 486 494 543 tam
528 477 668 561 ipse
699 494 900 561 quam
949 478 1166 543 omnis
1218 479 1549 545 exercitus
1648 485 1925 542 averunt
1975 475 2143 541 servi
2196 478 2369 541 illius
2421 476 2507 540 ad
2549 475 2845 557 hospicia

354 569 470 649 qui
533 578 1010 649 cooperuerunt
1068 568 1305 632 faciem
1377 577 1548 632 terre

355 657 526 720 sicut
597 654 862 719 locuste,
982 656 1357 721 Audientes
1424 655 1546 719 hec

354 743 470 807 filii
525 744 714 807 israel
747 744 1136 815 ‚timuerunt
1209 744 1401 810 valde
1475 752 1545 809 et

351 832 737 915 congregati
767 842 924 896 sunt
949 853 1178 897 omnes
1209 834 1295 897 ad
1327 834 1540 897 oziam

353 930 423 985 et
511 920 869 986 dixerunt:
958 922 1330 986 Tradamus
1421 942 1544 985 nos

351 1018 590 1092 sponte
621 1010 687 1072 in
721 1030 954 1073 manus
977 1008 1348 1074 holofernis,
1397 1010 1542 1074 Me-

352 1098 476 1161 lius
507 1106 608 1161 est
637 1099 816 1161 enim
866 1106 941 1163 ut
987 1100 1229 1181 captivi
1271 1098 1540 1163 benedi-

350 1205 581 1249 camus
631 1186 906 1251 domino
957 1187 1290 1252 viventes:
1338 1207 1539 1269 quam

353 1274 709 1338 moriamur
739 1284 808 1339 et
859 1275 1064 1340 simus
1113 1275 1540 1357 obprobrium

351 1363 532 1426 omni
582 1363 778 1427 carni.
847 1363 965 1429 Re.
1034 1364 1538 1429 Tribulationes.

351 1460 428 1513 ut
453 1461 654 1533 supra
685 1450 756 1513 in
773 1452 1135 1533 precedenti
1159 1451 1452 1517 historia.

347 1539 803 1670 Respondit
848 1541 1042 1605 ozias,
1164 1540 1406 1625 [Lectio
1451 1540 1548 1622 iij,

498 1627 695 1710 Equo
743 1629 967 1693 animo
1013 1638 1226 1693 estote
1272 1628 1543 1693 fratres:

348 1724 418 1779 et
469 1713 592 1779 hos
623 1716 912 1799 quinque
943 1716 1085 1780 dies
1113 1726 1545 1800 expectemus

349 1804 863 1867 misericordiam
943 1826 984 1869 a
1057 1805 1344 1869 domino,
1469 1804 1541 1871 Si

351 1900 578 1955 autem
611 1893 956 1957 transactis
987 1894 1280 1975 quinque
1308 1893 1543 1957 diebus

349 2000 484 2043 non
541 1982 794 2045 venerit
853 1980 1044 2045 nobis
1103 1982 1544 2062 adjutorium:

351 2066 628 2131 facimus
656 2068 672 2105 ¹
705 2090 836 2151 que
867 2069 1149 2133 dixistis,
1239 2070 1543 2133 Audiens

353 2154 476 2219 hec
503 2154 722 2237 judith
753 2158 988 2221 vidua:
1037 2158 1216 2222 misit
1245 2159 1331 2222 ad
1363 2178 1543 2240 pres-

351 2243 622 2325 byteros
664 2254 732 2309 et
777 2246 952 2310 dixit
1011 2246 1128 2311 eis,
1222 2248 1544 2310 Dicamus

352 2331 588 2396 flentes
655 2333 928 2398 domino
1011 2344 1087 2399 ut
1177 2335 1540 2399 secundum

348 2420 760 2486 voluntatem
809 2442 998 2486 suam
1052 2424 1144 2486 sic
1198 2424 1396 2488 faciat
1427 2444 1545 2487 no·

349 2508 604 2574 biscum
637 2511 1148 2576 misericordiam
1195 2532 1428 2578 suam:
1476 2520 1544 2578 et

351 2608 537 2663 orate
569 2609 642 2663 ut
673 2599 940 2664 firmum
965 2600 1165 2665 faciat
1195 2601 1543 2666 consilium

353 2707 578 2750 meum
630 2687 953 2754 dominus,
999 2689 1117 2753 Re.
1186 2691 1546 2755 Benedixit

351 2783 423 2839 te
479 2777 788 2839 dominus
838 2777 908 2840 in
967 2778 1210 2841 virtute
1258 2799 1380 2842 sua
1428 2779 1544 2861 qui

350 2884 470 2945 per
500 2873 566 2928 te
596 2865 682 2929 ad
716 2864 995 2929 nihilum
1045 2866 1301 2948 redegit
1331 2867 1548 2932 inimi-

348 2972 467 3016 cos
523 2962 798 3017 nostros,
923 2954 1021 3020 Ut
1080 2975 1214 3018 non
1282 2955 1548 3020 deficiat

348 3039 490 3104 laus
521 3050 638 3105 tua
667 3042 753 3105 de
780 3061 893 3104 ore
916 3042 1278 3108 hominum,
1324 3061 1368 3130 y
1420 3045 1546 3108 Be-

350 3130 653 3194 nedictus
712 3130 1022 3194 dominus
1099 3131 1212 3213 qui
1298 3134 1544 3198 creavit

348 3216 566 3282 celum
622 3227 691 3282 et
770 3228 1053 3284 terram:
1127 3220 1286 3301 quia
1343 3220 1543 3286 hodie

347 3325 591 3370 nomen
645 3317 833 3372 tuum
895 3308 988 3372 ita
1077 3308 1542 3392 magnificavit,

354 3395 472 3459 Ut.
1171 3397 1386 3460 Lectio
1417 3399 1539 3481 iiij.

364 3484 507 3615 Τ
526 3503 656 3547 unc
709 3483 932 3567 judith
962 3504 1158 3548 orans
1187 3486 1535 3551 dominum

525 3574 824 3637 transivit
855 3581 1080 3655 portas
1110 3576 1256 3657 ipsa
1283 3584 1352 3639 et
1375 3575 1536 3640 abra

356 3659 498 3741 ejus
526 3683 542 3724 :
589 3671 657 3724 et
686 3673 1108 3728 occurrerunt
1137 3663 1198 3726 ei
1229 3663 1535 3746 explora-

347 3760 522 3813 tores
580 3751 1022 3832 assyriorum:
1069 3760 1136 3814 et
1197 3753 1536 3818 duxerunt

345 3858 492 3901 eam
521 3839 610 3902 ad
641 3838 1138 3903 tabernaculum
1163 3839 1536 3907 holofernis,

347 3927 724 4008 Statimque
771 3936 1004 4010 captus
1057 3937 1158 3994 est
1216 3930 1285 3993 in
1335 3931 1540 3994 oculis

343 4015 478 4078 suis
522 4014 936 4080 holofernes:
983 4017 1282 4101 bibitque
1311 4019 1538 4083 vinum

347 4103 629 4167 multum
663 4105 860 4168 nimis
891 4125 1024 4169 una
1075 4105 1182 4170 die
1215 4117 1540 4189 quantum

347 4212 688 4275 nunquam
751 4192 1006 4258 biberat
1067 4195 1134 4258 in
1193 4197 1331 4259 vita
1404 4217 1541 4261 sua,

353 4281 448 4346 Ut
479 4290 704 4346 autem
735 4302 882 4346 sero
911 4281 1162 4347 sactum
1194 4294 1295 4350 est
1319 4284 1545 4349 festin-

885 4458 898 4490 ¹
937 4457 1210 4511 faciemus:
1249 4460 1330 4510 W.

1647 586 1787 630 sua.
1882 568 2092 631 Erant
2144 575 2366 630 autem
2420 585 2652 629 omnes
2690 564 2839 627 sati-

1645 656 1785 737 gati
1820 675 1861 720 a
1889 655 2083 719 vino:
2130 664 2402 737 eratque
2433 653 2667 736 Judith
2698 652 2841 716 sola

1645 744 1713 805 in
1766 742 2081 809 cubiculo,
2208 743 2410 806 Porro
2470 741 2840 805 holofernes

1637 830 1910 913 jacebat
1940 832 2007 895 in
2040 832 2213 895 lecto
2266 831 2470 894 nimia
2520 831 2837 895 ebrietate

1641 920 1913 1002 sopitus,
1958 919 2076 985 Re.
2151 920 2293 984 Nos
2354 918 2558 983 alium
2619 918 2837 983 deum,

1638 1018 1717 1071 ut
1746 1018 1961 1089 supra,
2535 1005 2748 1070 Lectio
2777 1027 2835 1071 v,

1637 1097 1762 1230 S
1780 1098 1929 1161 tetit
1942 1105 2167 1161 autem
2193 1095 2415 1179 judith
2426 1103 2581 1159 ante
2594 1094 2841 1159 lectum

1780 1184 2135 1249 holofernis
2170 1206 2365 1249 orans
2395 1204 2546 1247 cum
2580 1182 2839 1265 lachry-

1643 1272 1809 1337 mis:
1856 1283 1926 1337 et
1985 1275 2285 1339 oratione
2334 1271 2510 1337 facta
2561 1270 2840 1337 accessit

1643 1362 1730 1425 ad
1764 1362 2141 1426 columnam
2172 1382 2303 1445 que
2332 1370 2474 1425 erat
2518 1361 2603 1424 ad
2637 1369 2841 1442 caput

1646 1449 1799 1514 lecti
1830 1452 1972 1533 ejus
2000 1472 2015 1516 :
2061 1460 2141 1515 et·
2160 1450 2518 1533 pugionem
2552 1448 2694 1530 ejus
2724 1448 2838 1530 qui

1640 1539 1713 1610 in
1746 1560 1827 1601 ea
1885 1539 2127 1623 ligatus
2158 1538 2493 1621 pendebat
2547 1536 2841 1601 exolvit:

1645 1636 1715 1690 et
1778 1626 2215 1709 apprehendit
2273 1645 2533 1690 comam
2605 1624 2843 1708 capitis
2866 1659 2879 1669 ·

1645 1714 1789 1796 ejus
1820 1724 1888 1778 et
1911 1715 2229 1798 percussit
2259 1714 2361 1778 bis
2384 1715 2491 1777 ἰιι2
2518 1715 2838 1777 cervicem

1643 1802 1787 1885 ejus
1817 1813 1885 1867 et
1924 1803 2205 1869 abscidit
2250 1812 2451 1885 caput
2494 1803 2655 1884 ejus,
2748 1801 2843 1865 Et

1645 1893 1953 1956 exierunt
1980 1891 2111 1955 due
2123 1892 2310 1973 quasi
2336 1892 2421 1954 ad
2442 1891 2838 1954 orationem:

1645 1989 1715 2043 et
1774 1988 2191 2044 transeuntes
2250 1989 2466 2043 castra
2517 1985 2840 2042 venerunt

1645 2068 1732 2131 ad
1795 2078 2057 2150 portam
2117 2068 2445 2131 civitatis:
2521 2076 2591 2131 et
2660 2066 2840 2129 dixit

1638 2155 1861 2239 judith
1892 2178 1933 2219 a
1965 2156 2161 2239 longe
2205 2156 2589 2221 custodibus
2622 2174 2841 2218 muro-

1645 2264 1809 2309 rum.
1908 2244 2189 2327 Aperite
2250 2254 2477 2327 portas
2523 2243 2841 2325 quoniam

1644 2333 1995 2397 nobiscum
2048 2341 2150 2397 est
2209 2332 2417 2396 deus:
2491 2332 2606 2414 qui
2683 2331 2842 2394 fecit

1641 2422 1957 2486 virtutem
1988 2423 2057 2485 in
2100 2420 2306 2485 israel,
2355 2421 2470 2483 Re.
2518 2420 2842 2483 Domina-

1641 2520 1751 2577 tor
1798 2510 2067 2574 domine
2128 2510 2420 2574 celorum
2482 2518 2549 2573 et
2623 2517 2835 2573 terre:

1643 2609 1904 2666 creator
1964 2619 2286 2682 aquarum
2349 2619 2469 2662 rex
2539 2599 2838 2662 universe

1645 2697 1961 2753 creature.
2023 2687 2294 2752 Exaudi
2314 2687 2682 2751 orationem
2707 2707 2841 2750 ser-

1645 2797 1879 2842 vorum
1953 2785 2237 2841 tuorum.
2288 2793 2332 2862 γ
2387 2775 2494 2839 Tu
2570 2774 2841 2838 domine

1644 2867 1751 2930 cui
1780 2865 2130 2929 humilium
2162 2884 2423 2947 semper
2453 2873 2519 2927 et
2540 2884 2847 2927 mansue-

1645 2964 1866 3018 torum
1912 2953 2160 3036 placuit
2212 2953 2606 3036 deprecatio,
2700 2952 2842 3015 Ex·-

1646 3044 1803 3107 audi
1824 3043 2190 3107 orationem
2212 3061 2566 3106 servorum,
2583 3039 2721 3104 Lec,
2755 3040 2842 3123 vj.

1657 3134 1894 3267 Cum
1977 3131 2319 3194 audissent
2375 3129 2495 3193 viri
2554 3128 2840 3192 civitatis

1784 3239 2014 3284 vocem
2059 3219 2327 3301 judith:
2403 3216 2841 3281 accendentes

1641 3309 1994 3372 luminaria
2022 3315 2341 3370 venerunt
2372 3308 2455 3370 ad
2490 3305 2670 3369 illam
2698 3305 2845 3368 uni-

1638 3398 1824 3462 versi,
1919 3396 2009 3459 Et
2054 3394 2389 3478 proferens
2420 3395 2505 3466 de
2535 3413 2693 3476 pera
2724 3413 2847 3456 sua

1648 3495 1848 3569 caput
1862 3483 2251 3548 holofernis:
2284 3481 2574 3546 ostendit
2594 3480 2719 3544 illis
2743 3481 2843 3544 di-

1637 3595 1827 3639 cens:
1862 3575 2036 3637 Ecce
2059 3580 2261 3654 caput
2283 3569 2641 3634 holofernis
2664 3569 2845 3652 prin-

1630 3663 1797 3746 cipis
1809 3661 2041 3724 militie
2054 3661 2469 3742 assyriorum,
2500 3658 2691 3722 Tunc
2702 3678 2845 3720 om-

1635 3753 1737 3816 nis
1769 3749 2055 3834 populus
2100 3750 2453 3812 adorantes
2499 3746 2845 3810 dominum

1633 3841 1957 3910 dixerunt
2006 3838 2097 3902 ad
2148 3857 2336 3901 eam:
2386 3835 2743 3899 Benedixit
2774 3844 2843 3898 te

1639 3929 1951 3993 dominus
1976 3928 2041 3990 in
2065 3925 2308 3989 virtute
2338 3945 2459 3988 sua
2486 3946 2500 3988 :
2548 3924 2705 4006 quia
2724 3943 2843 4006 per

1641 4027 1711 4082 te
1770 4017 1857 4080 ad
1914 4015 2189 4079 nihilum
2237 4014 2493 4096 redegit
2542 4013 2843 4076 inimicos

1644 4115 1923 4171 nostros,
2050 4104 2249 4166 Porro
2309 4103 2487 4166 ozias
2539 4103 2843 4184 princeps

1644 4194 1876 4279 populi
1908 4192 2099 4258 israel
2131 4191 2305 4255 dixit
2352 4191 2439 4254 ad
2481 4211 2669 4255 eam:
2717 4190 2848 4253 Be-

1647 4283 1911 4349 nedicta
1942 4303 2013 4346 es
2044 4291 2115 4346 tu
2150 4279 2286 4344 filia
2330 4301 2371 4343 a
2415 4279 2689 4343 domino
2719 4279 2853 4343 deo

2018 4459 2039 4489 ²
2078 4456 2182 4507 ‘in’
2208 4473 2343 4506 om.:
2381 4455 2447 4506 N.
