<?xml version="1.0" encoding="UTF-8"?>
<!DOCTYPE html PUBLIC "-//W3C//DTD XHTML 1.0 Transitional//EN"
    "http://www.w3.org/TR/xhtml1/DTD/xhtml1-transitional.dtd">
<html xmlns="http://www.w3.org/1999/xhtml" xml:lang="en" lang="en">
 <head>
  <title>
</title>
<meta http-equiv="Content-Type" content="text/html;charset=utf-8" />
  <meta name='ocr-system' content='tesseract 3.04.00' />
  <meta name='ocr-capabilities' content='ocr_page ocr_carea ocr_par ocr_line ocrx_word'/>
</head>
<body>
  <div class='ocr_page' id='page_1' title='image "./publicationssur05unkngoog_0423.png"; bbox 0 0 3375 5100; ppageno 0'>
   <div class='ocr_carea' id='block_1_1' title="bbox 973 150 2430 316">
    <p class='ocr_par' dir='ltr' id='par_1_1' title="bbox 973 150 2430 316">
     <span class='ocr_line' id='line_1_1' title="bbox 1369 150 1994 208; baseline 0.002 -2"><span class='ocrx_word' id='word_1_1' title='bbox 1369 150 1522 207; x_wconf 85' lang='lat' dir='ltr'>DIE</span> <span class='ocrx_word' id='word_1_2' title='bbox 1569 150 1897 208; x_wconf 83' lang='lat' dir='ltr'><em>DOMINI</em></span> <span class='ocrx_word' id='word_1_3' title='bbox 1894 151 1945 207; x_wconf 88' lang='lat' dir='ltr'><em>C</em></span> <span class='ocrx_word' id='word_1_4' title='bbox 1938 150 1994 206; x_wconf 80' lang='lat' dir='ltr'><em>A</em></span> 
     </span>
     <span class='ocr_line' id='line_1_2' title="bbox 973 258 2430 316; baseline 0 -2"><span class='ocrx_word' id='word_1_5' title='bbox 973 258 1124 315; x_wconf 76' lang='lat'>‘729</span> <span class='ocrx_word' id='word_1_6' title='bbox 2274 259 2430 316; x_wconf 79' lang='lat'>780</span> 
     </span>
    </p>
   </div>
   <div class='ocr_carea' id='block_1_2' title="bbox 449 364 3007 1586">
    <p class='ocr_par' dir='ltr' id='par_1_2' title="bbox 449 364 2999 1160">
     <span class='ocr_line' id='line_1_3' title="bbox 449 364 2985 451; baseline -0.003 -16"><span class='ocrx_word' id='word_1_7' title='bbox 449 378 519 435; x_wconf 87' lang='lat' dir='ltr'>et</span> <span class='ocrx_word' id='word_1_8' title='bbox 547 366 776 433; x_wconf 90' lang='lat' dir='ltr'>omnia</span> <span class='ocrx_word' id='word_1_9' title='bbox 805 385 1198 451; x_wconf 87' lang='lat' dir='ltr'>quecunque</span> <span class='ocrx_word' id='word_1_10' title='bbox 1243 364 1444 432; x_wconf 84' lang='lat' dir='ltr'>faciet</span> <span class='ocrx_word' id='word_1_11' title='bbox 1473 388 1660 451; x_wconf 87' lang='lat' dir='ltr'>pros·</span> <span class='ocrx_word' id='word_1_12' title='bbox 1759 366 1863 431; x_wconf 87' lang='lat' dir='ltr'>lus</span> <span class='ocrx_word' id='word_1_13' title='bbox 1908 364 2033 449; x_wconf 89' lang='lat' dir='ltr'>ipsi</span> <span class='ocrx_word' id='word_1_14' title='bbox 2080 365 2149 429; x_wconf 90' lang='lat' dir='ltr'>in</span> <span class='ocrx_word' id='word_1_15' title='bbox 2180 364 2307 430; x_wconf 89' lang='lat' dir='ltr'>deo</span> <span class='ocrx_word' id='word_1_16' title='bbox 2336 365 2497 449; x_wconf 84' lang='lat' dir='ltr'>ejus,</span> <span class='ocrx_word' id='word_1_17' title='bbox 2598 364 2702 429; x_wconf 88' lang='lat' dir='ltr'>Tu</span> <span class='ocrx_word' id='word_1_18' title='bbox 2742 374 2985 431; x_wconf 88' lang='lat' dir='ltr'>autem</span> 
     </span>
     <span class='ocr_line' id='line_1_4' title="bbox 451 456 2993 542; baseline -0.001 -21"><span class='ocrx_word' id='word_1_19' title='bbox 451 457 878 542; x_wconf 89' lang='lat' dir='ltr'>perabuntur.</span> <span class='ocrx_word' id='word_1_20' title='bbox 968 456 1132 519; x_wconf 89' lang='lat' dir='ltr'>Non</span> <span class='ocrx_word' id='word_1_21' title='bbox 1161 456 1254 519; x_wconf 87' lang='lat' dir='ltr'>sic</span> <span class='ocrx_word' id='word_1_22' title='bbox 1301 456 1486 540; x_wconf 90' lang='lat' dir='ltr'>impii</span> <span class='ocrx_word' id='word_1_23' title='bbox 1525 476 1660 519; x_wconf 88' lang='lat' dir='ltr'>non</span> <span class='ocrx_word' id='word_1_24' title='bbox 1762 456 2034 519; x_wconf 90' lang='lat' dir='ltr'>domine</span> <span class='ocrx_word' id='word_1_25' title='bbox 2062 464 2408 537; x_wconf 89' lang='lat' dir='ltr'>susceptor</span> <span class='ocrx_word' id='word_1_26' title='bbox 2438 475 2625 519; x_wconf 89' lang='lat' dir='ltr'>meus</span> <span class='ocrx_word' id='word_1_27' title='bbox 2666 474 2785 519; x_wconf 57' lang='lat' dir='ltr'>es:</span> <span class='ocrx_word' id='word_1_28' title='bbox 2832 456 2993 537; x_wconf 88' lang='lat' dir='ltr'>glo-</span> 
     </span>
     <span class='ocr_line' id='line_1_5' title="bbox 454 543 2989 628; baseline -0.002 -17"><span class='ocrx_word' id='word_1_29' title='bbox 454 548 588 612; x_wconf 90' lang='lat' dir='ltr'>sic:</span> <span class='ocrx_word' id='word_1_30' title='bbox 653 545 772 609; x_wconf 91' lang='lat' dir='ltr'>sed</span> <span class='ocrx_word' id='word_1_31' title='bbox 821 554 1145 626; x_wconf 85' lang='lat' dir='ltr'><strong>tanquam</strong></span> <span class='ocrx_word' id='word_1_32' title='bbox 1195 544 1412 628; x_wconf 85' lang='lat' dir='ltr'>pulvis</span> <span class='ocrx_word' id='word_1_33' title='bbox 1459 564 1662 627; x_wconf 91' lang='lat' dir='ltr'>quem</span> <span class='ocrx_word' id='word_1_34' title='bbox 1764 545 1861 607; x_wconf 90' lang='lat' dir='ltr'>ria</span> <span class='ocrx_word' id='word_1_35' title='bbox 1894 564 2042 607; x_wconf 89' lang='lat' dir='ltr'>mea</span> <span class='ocrx_word' id='word_1_36' title='bbox 2074 551 2142 606; x_wconf 93' lang='lat' dir='ltr'>et</span> <span class='ocrx_word' id='word_1_37' title='bbox 2166 543 2477 607; x_wconf 87' lang='lat' dir='ltr'>exaltans</span> <span class='ocrx_word' id='word_1_38' title='bbox 2502 554 2705 626; x_wconf 93' lang='lat' dir='ltr'>caput</span> <span class='ocrx_word' id='word_1_39' title='bbox 2730 564 2989 607; x_wconf 78' lang='lat' dir='ltr'>meum.</span> 
     </span>
     <span class='ocr_line' id='line_1_6' title="bbox 458 630 2991 721; baseline -0.001 -22"><span class='ocrx_word' id='word_1_40' title='bbox 458 634 720 721; x_wconf 88' lang='lat' dir='ltr'>projicit</span> <span class='ocrx_word' id='word_1_41' title='bbox 794 639 1036 697; x_wconf 87' lang='lat' dir='ltr'>ventus</span> <span class='ocrx_word' id='word_1_42' title='bbox 1111 652 1152 695; x_wconf 93' lang='lat' dir='ltr'>a</span> <span class='ocrx_word' id='word_1_43' title='bbox 1227 632 1396 697; x_wconf 86' lang='lat' dir='ltr'>facie</span> <span class='ocrx_word' id='word_1_44' title='bbox 1471 642 1662 697; x_wconf 90' lang='lat' dir='ltr'>terre.</span> <span class='ocrx_word' id='word_1_45' title='bbox 1786 630 1964 699; x_wconf 86' lang='lat' dir='ltr'><em>Voce</em></span> <span class='ocrx_word' id='word_1_46' title='bbox 1996 652 2147 695; x_wconf 91' lang='lat' dir='ltr'>mea</span> <span class='ocrx_word' id='word_1_47' title='bbox 2169 633 2254 696; x_wconf 89' lang='lat' dir='ltr'>ad</span> <span class='ocrx_word' id='word_1_48' title='bbox 2282 632 2631 695; x_wconf 89' lang='lat' dir='ltr'>dominum</span> <span class='ocrx_word' id='word_1_49' title='bbox 2657 633 2945 696; x_wconf 79' lang='lat' dir='ltr'>clamavi</span> <span class='ocrx_word' id='word_1_50' title='bbox 2966 653 2991 696; x_wconf 75' lang='lat' dir='ltr'><strong><em>z</em></strong></span> 
     </span>
     <span class='ocr_line' id='line_1_7' title="bbox 459 720 2993 805; baseline -0.003 -16"><span class='ocrx_word' id='word_1_51' title='bbox 459 725 631 790; x_wconf 89' lang='lat' dir='ltr'>Ideo</span> <span class='ocrx_word' id='word_1_52' title='bbox 672 742 807 786; x_wconf 90' lang='lat' dir='ltr'>non</span> <span class='ocrx_word' id='word_1_53' title='bbox 853 729 1202 803; x_wconf 86' lang='lat' dir='ltr'>resurgunt</span> <span class='ocrx_word' id='word_1_54' title='bbox 1235 720 1420 805; x_wconf 90' lang='lat' dir='ltr'>impii</span> <span class='ocrx_word' id='word_1_55' title='bbox 1468 722 1534 785; x_wconf 91' lang='lat' dir='ltr'>in</span> <span class='ocrx_word' id='word_1_56' title='bbox 1561 722 1669 804; x_wconf 87' lang='lat' dir='ltr'>ju·</span> <span class='ocrx_word' id='word_1_57' title='bbox 1770 730 1838 785; x_wconf 91' lang='lat' dir='ltr'>et</span> <span class='ocrx_word' id='word_1_58' title='bbox 1857 720 2203 784; x_wconf 85' lang='lat' dir='ltr'>exaudivit</span> <span class='ocrx_word' id='word_1_59' title='bbox 2228 740 2335 783; x_wconf 89' lang='lat' dir='ltr'>me</span> <span class='ocrx_word' id='word_1_60' title='bbox 2365 721 2451 784; x_wconf 91' lang='lat' dir='ltr'>de</span> <span class='ocrx_word' id='word_1_61' title='bbox 2482 730 2711 785; x_wconf 89' lang='lat' dir='ltr'>monte</span> <span class='ocrx_word' id='word_1_62' title='bbox 2742 732 2993 785; x_wconf 86' lang='lat' dir='ltr'>sancto</span> 
     </span>
     <span class='ocr_line' id='line_1_8' title="bbox 463 808 2997 893; baseline -0.003 -14"><span class='ocrx_word' id='word_1_63' title='bbox 463 814 678 879; x_wconf 90' lang='lat' dir='ltr'>dicio:</span> <span class='ocrx_word' id='word_1_64' title='bbox 725 830 942 893; x_wconf 90' lang='lat' dir='ltr'>neque</span> <span class='ocrx_word' id='word_1_65' title='bbox 989 818 1374 891; x_wconf 84' lang='lat' dir='ltr'><strong>peccatores</strong></span> <span class='ocrx_word' id='word_1_66' title='bbox 1414 810 1482 873; x_wconf 91' lang='lat' dir='ltr'>in</span> <span class='ocrx_word' id='word_1_67' title='bbox 1512 831 1672 874; x_wconf 82' lang='lat' dir='ltr'>con·</span> <span class='ocrx_word' id='word_1_68' title='bbox 1772 830 1912 874; x_wconf 89' lang='lat' dir='ltr'>su0.</span> <span class='ocrx_word' id='word_1_69' title='bbox 2000 808 2159 892; x_wconf 88' lang='lat' dir='ltr'>Ego</span> <span class='ocrx_word' id='word_1_70' title='bbox 2202 809 2482 873; x_wconf 87' lang='lat' dir='ltr'>dormivi</span> <span class='ocrx_word' id='word_1_71' title='bbox 2527 818 2597 872; x_wconf 93' lang='lat' dir='ltr'>et</span> <span class='ocrx_word' id='word_1_72' title='bbox 2628 820 2997 893; x_wconf 88' lang='lat' dir='ltr'>soporatus</span> 
     </span>
     <span class='ocr_line' id='line_1_9' title="bbox 467 894 2997 983; baseline -0.002 -18"><span class='ocrx_word' id='word_1_73' title='bbox 467 902 618 966; x_wconf 89' lang='lat' dir='ltr'>silio</span> <span class='ocrx_word' id='word_1_74' title='bbox 657 900 1006 983; x_wconf 88' lang='lat' dir='ltr'>justorum.</span> <span class='ocrx_word' id='word_1_75' title='bbox 1105 894 1434 976; x_wconf 82' lang='lat' dir='ltr'><strong>Quoniam</strong></span> <span class='ocrx_word' id='word_1_76' title='bbox 1486 900 1673 963; x_wconf 91' lang='lat' dir='ltr'>novit</span> <span class='ocrx_word' id='word_1_77' title='bbox 1774 917 1967 963; x_wconf 87' lang='lat' dir='ltr'>sum:</span> <span class='ocrx_word' id='word_1_78' title='bbox 2022 906 2091 961; x_wconf 89' lang='lat' dir='ltr'>et</span> <span class='ocrx_word' id='word_1_79' title='bbox 2139 898 2497 963; x_wconf 88' lang='lat' dir='ltr'>exurrexi:</span> <span class='ocrx_word' id='word_1_80' title='bbox 2561 898 2721 980; x_wconf 90' lang='lat' dir='ltr'>quia</span> <span class='ocrx_word' id='word_1_81' title='bbox 2765 898 2997 961; x_wconf 89' lang='lat' dir='ltr'>domi-</span> 
     </span>
     <span class='ocr_line' id='line_1_10' title="bbox 469 985 2999 1067; baseline -0.003 -11"><span class='ocrx_word' id='word_1_82' title='bbox 469 990 783 1055; x_wconf 88' lang='lat' dir='ltr'>dominus</span> <span class='ocrx_word' id='word_1_83' title='bbox 811 988 988 1050; x_wconf 87' lang='lat' dir='ltr'>viam</span> <span class='ocrx_word' id='word_1_84' title='bbox 1015 985 1392 1067; x_wconf 83' lang='lat' dir='ltr'>justorum:</span> <span class='ocrx_word' id='word_1_85' title='bbox 1437 996 1505 1051; x_wconf 92' lang='lat' dir='ltr'>et</span> <span class='ocrx_word' id='word_1_86' title='bbox 1552 986 1678 1051; x_wconf 88' lang='lat' dir='ltr'>iter</span> <span class='ocrx_word' id='word_1_87' title='bbox 1777 1006 1903 1050; x_wconf 90' lang='lat' dir='ltr'>nus</span> <span class='ocrx_word' id='word_1_88' title='bbox 1956 986 2249 1067; x_wconf 88' lang='lat' dir='ltr'>suscepit</span> <span class='ocrx_word' id='word_1_89' title='bbox 2302 1006 2427 1050; x_wconf 90' lang='lat' dir='ltr'>me.</span> <span class='ocrx_word' id='word_1_90' title='bbox 2518 986 2683 1049; x_wconf 90' lang='lat' dir='ltr'>Non</span> <span class='ocrx_word' id='word_1_91' title='bbox 2728 988 2999 1050; x_wconf 87' lang='lat' dir='ltr'>timebo</span> 
     </span>
     <span class='ocr_line' id='line_1_11' title="bbox 474 1074 2999 1160; baseline -0.002 -17"><span class='ocrx_word' id='word_1_92' title='bbox 474 1078 829 1160; x_wconf 87' lang='lat' dir='ltr'>impiorum</span> <span class='ocrx_word' id='word_1_93' title='bbox 861 1075 1119 1158; x_wconf 85' lang='lat' dir='ltr'>peribit.</span> <span class='ocrx_word' id='word_1_94' title='bbox 1315 1074 1676 1140; x_wconf 63' lang='lat' dir='ltr'>psalmus)</span> <span class='ocrx_word' id='word_1_95' title='bbox 1781 1074 1965 1139; x_wconf 91' lang='lat' dir='ltr'>milia</span> <span class='ocrx_word' id='word_1_96' title='bbox 2026 1074 2253 1157; x_wconf 89' lang='lat' dir='ltr'>populi</span> <span class='ocrx_word' id='word_1_97' title='bbox 2314 1075 2763 1139; x_wconf 88' lang='lat' dir='ltr'>circundantis</span> <span class='ocrx_word' id='word_1_98' title='bbox 2823 1096 2937 1138; x_wconf 88' lang='lat' dir='ltr'>me</span> <span class='ocrx_word' id='word_1_99' title='bbox 2972 1096 2999 1138; x_wconf 77' lang='lat' dir='ltr'><em>z</em></span> 
     </span>
    </p>

    <p class='ocr_par' dir='ltr' id='par_1_3' title="bbox 615 1160 3001 1247">
     <span class='ocr_line' id='line_1_12' title="bbox 615 1160 3001 1247; baseline -0.001 -18"><span class='ocrx_word' id='word_1_100' title='bbox 615 1185 772 1230; x_wconf 89' lang='lat' dir='ltr'>uare</span> <span class='ocrx_word' id='word_1_101' title='bbox 824 1163 1230 1227; x_wconf 84' lang='lat' dir='ltr'>fremuerunt</span> <span class='ocrx_word' id='word_1_102' title='bbox 1273 1174 1548 1247; x_wconf 86' lang='lat' dir='ltr'>gentes:</span> <span class='ocrx_word' id='word_1_103' title='bbox 1613 1172 1682 1229; x_wconf 91' lang='lat' dir='ltr'>et</span> <span class='ocrx_word' id='word_1_104' title='bbox 1782 1184 2035 1246; x_wconf 85' lang='lat' dir='ltr'>exurge</span> <span class='ocrx_word' id='word_1_105' title='bbox 2088 1163 2358 1227; x_wconf 90' lang='lat' dir='ltr'>domine</span> <span class='ocrx_word' id='word_1_106' title='bbox 2404 1160 2667 1227; x_wconf 86' lang='lat' dir='ltr'>salvum</span> <span class='ocrx_word' id='word_1_107' title='bbox 2720 1184 2829 1227; x_wconf 90' lang='lat' dir='ltr'>me</span> <span class='ocrx_word' id='word_1_108' title='bbox 2886 1162 3001 1227; x_wconf 85' lang='lat' dir='ltr'>sac</span> 
     </span>
    </p>

    <p class='ocr_par' dir='ltr' id='par_1_4' title="bbox 479 1250 3007 1586">
     <span class='ocr_line' id='line_1_13' title="bbox 613 1250 3007 1337; baseline 0 -22"><span class='ocrx_word' id='word_1_109' title='bbox 613 1251 845 1337; x_wconf 90' lang='lat' dir='ltr'>populi</span> <span class='ocrx_word' id='word_1_110' title='bbox 892 1252 1195 1315; x_wconf 91' lang='lat' dir='ltr'>meditati</span> <span class='ocrx_word' id='word_1_111' title='bbox 1240 1261 1396 1316; x_wconf 89' lang='lat' dir='ltr'>sunt</span> <span class='ocrx_word' id='word_1_112' title='bbox 1443 1254 1682 1318; x_wconf 91' lang='lat' dir='ltr'>inania.</span> <span class='ocrx_word' id='word_1_113' title='bbox 1784 1253 1950 1316; x_wconf 91' lang='lat' dir='ltr'>deus</span> <span class='ocrx_word' id='word_1_114' title='bbox 2012 1272 2215 1316; x_wconf 80' lang='lat' dir='ltr'>meus,</span> <span class='ocrx_word' id='word_1_115' title='bbox 2316 1250 2647 1331; x_wconf 83' lang='lat' dir='ltr'>Quoniam</span> <span class='ocrx_word' id='word_1_116' title='bbox 2710 1262 2783 1316; x_wconf 89' lang='lat' dir='ltr'>tu</span> <span class='ocrx_word' id='word_1_117' title='bbox 2844 1272 3007 1335; x_wconf 88' lang='lat' dir='ltr'>per—</span> 
     </span>
     <span class='ocr_line' id='line_1_14' title="bbox 479 1341 3003 1426; baseline -0.002 -17"><span class='ocrx_word' id='word_1_118' title='bbox 479 1344 865 1409; x_wconf 85' lang='lat' dir='ltr'>Astiterunt</span> <span class='ocrx_word' id='word_1_119' title='bbox 911 1359 1098 1421; x_wconf 87' lang='lat' dir='ltr'>reges</span> <span class='ocrx_word' id='word_1_120' title='bbox 1143 1350 1358 1405; x_wconf 91' lang='lat' dir='ltr'>terre:</span> <span class='ocrx_word' id='word_1_121' title='bbox 1406 1353 1475 1405; x_wconf 92' lang='lat' dir='ltr'>et</span> <span class='ocrx_word' id='word_1_122' title='bbox 1503 1344 1686 1426; x_wconf 89' lang='lat' dir='ltr'>prin·</span> <span class='ocrx_word' id='word_1_123' title='bbox 1786 1341 2045 1407; x_wconf 90' lang='lat' dir='ltr'>cussisti</span> <span class='ocrx_word' id='word_1_124' title='bbox 2078 1360 2311 1403; x_wconf 88' lang='lat' dir='ltr'>omnes</span> <span class='ocrx_word' id='word_1_125' title='bbox 2355 1341 2785 1405; x_wconf 85' lang='lat' dir='ltr'>adversantes</span> <span class='ocrx_word' id='word_1_126' title='bbox 2829 1341 3003 1404; x_wconf 86' lang='lat' dir='ltr'>mihi</span> 
     </span>
     <span class='ocr_line' id='line_1_15' title="bbox 485 1429 3007 1515; baseline -0.002 -19"><span class='ocrx_word' id='word_1_127' title='bbox 485 1433 666 1515; x_wconf 88' lang='lat' dir='ltr'>cipes</span> <span class='ocrx_word' id='word_1_128' title='bbox 697 1437 1145 1493; x_wconf 88' lang='lat' dir='ltr'>convenerunt</span> <span class='ocrx_word' id='word_1_129' title='bbox 1177 1430 1242 1491; x_wconf 92' lang='lat' dir='ltr'>in</span> <span class='ocrx_word' id='word_1_130' title='bbox 1275 1448 1522 1495; x_wconf 88' lang='lat' dir='ltr'>unum:</span> <span class='ocrx_word' id='word_1_131' title='bbox 1571 1430 1691 1494; x_wconf 90' lang='lat' dir='ltr'>ad·</span> <span class='ocrx_word' id='word_1_132' title='bbox 1786 1432 1931 1495; x_wconf 89' lang='lat' dir='ltr'>sine</span> <span class='ocrx_word' id='word_1_133' title='bbox 1982 1449 2221 1493; x_wconf 90' lang='lat' dir='ltr'>causa:</span> <span class='ocrx_word' id='word_1_134' title='bbox 2270 1429 2507 1492; x_wconf 90' lang='lat' dir='ltr'>dentes</span> <span class='ocrx_word' id='word_1_135' title='bbox 2568 1440 3007 1513; x_wconf 86' lang='lat' dir='ltr'>peccatorum</span> 
     </span>
     <span class='ocr_line' id='line_1_16' title="bbox 484 1516 3007 1586; baseline -0.001 0"><span class='ocrx_word' id='word_1_136' title='bbox 484 1540 714 1586; x_wconf 86' lang='lat' dir='ltr'>versus</span> <span class='ocrx_word' id='word_1_137' title='bbox 799 1517 1146 1581; x_wconf 89' lang='lat' dir='ltr'>dominum</span> <span class='ocrx_word' id='word_1_138' title='bbox 1228 1526 1298 1581; x_wconf 90' lang='lat' dir='ltr'>et</span> <span class='ocrx_word' id='word_1_139' title='bbox 1377 1518 1693 1582; x_wconf 90' lang='lat' dir='ltr'>adversus</span> <span class='ocrx_word' id='word_1_140' title='bbox 1791 1517 2175 1584; x_wconf 85' lang='lat' dir='ltr'>contrivisti.</span> <span class='ocrx_word' id='word_1_141' title='bbox 2268 1516 2547 1581; x_wconf 87' lang='lat' dir='ltr'>Domini</span> <span class='ocrx_word' id='word_1_142' title='bbox 2608 1527 2709 1582; x_wconf 92' lang='lat' dir='ltr'>est</span> <span class='ocrx_word' id='word_1_143' title='bbox 2772 1519 2957 1583; x_wconf 87' lang='lat' dir='ltr'>salus</span> <span class='ocrx_word' id='word_1_144' title='bbox 2984 1539 3007 1583; x_wconf 74' lang='grc' dir='ltr'>ε</span> 
     </span>
    </p>
   </div>
   <div class='ocr_carea' id='block_1_3' title="bbox 488 1604 3014 1778">
    <p class='ocr_par' dir='ltr' id='par_1_5' title="bbox 488 1604 3014 1778">
     <span class='ocr_line' id='line_1_17' title="bbox 491 1604 3011 1690; baseline -0.002 -15"><span class='ocrx_word' id='word_1_145' title='bbox 491 1608 830 1675; x_wconf 85' lang='lat' dir='ltr'>Christum</span> <span class='ocrx_word' id='word_1_146' title='bbox 923 1605 1084 1687; x_wconf 70' lang='lat' dir='ltr'>ejus,</span> <span class='ocrx_word' id='word_1_147' title='bbox 1209 1606 1695 1690; x_wconf 90' lang='lat' dir='ltr'>Dirumpamus</span> <span class='ocrx_word' id='word_1_148' title='bbox 1793 1617 1863 1671; x_wconf 93' lang='lat' dir='ltr'>et</span> <span class='ocrx_word' id='word_1_149' title='bbox 1892 1627 2092 1689; x_wconf 89' lang='lat' dir='ltr'>super</span> <span class='ocrx_word' id='word_1_150' title='bbox 2120 1604 2442 1689; x_wconf 90' lang='lat' dir='ltr'>populum</span> <span class='ocrx_word' id='word_1_151' title='bbox 2474 1616 2665 1673; x_wconf 88' lang='lat' dir='ltr'>tuum</span> <span class='ocrx_word' id='word_1_152' title='bbox 2690 1607 3011 1671; x_wconf 89' lang='lat' dir='ltr'>benedic-</span> 
     </span>
     <span class='ocr_line' id='line_1_18' title="bbox 488 1695 3014 1778; baseline -0.002 -16"><span class='ocrx_word' id='word_1_153' title='bbox 488 1695 754 1763; x_wconf 89' lang='lat' dir='ltr'>vincula</span> <span class='ocrx_word' id='word_1_154' title='bbox 811 1714 1082 1758; x_wconf 88' lang='lat' dir='ltr'>eorum:</span> <span class='ocrx_word' id='word_1_155' title='bbox 1144 1703 1214 1758; x_wconf 89' lang='lat' dir='ltr'>et</span> <span class='ocrx_word' id='word_1_156' title='bbox 1271 1696 1699 1778; x_wconf 87' lang='lat' dir='ltr'>projiciamus</span> <span class='ocrx_word' id='word_1_157' title='bbox 1794 1698 1892 1761; x_wconf 92' lang='lat' dir='ltr'>tio</span> <span class='ocrx_word' id='word_1_158' title='bbox 1922 1706 2057 1759; x_wconf 88' lang='lat' dir='ltr'>tua.</span> <span class='ocrx_word' id='word_1_159' title='bbox 2874 1696 3014 1777; x_wconf 52' lang='lat' dir='ltr'>p?</span> 
     </span>
    </p>
   </div>
   <div class='ocr_carea' id='block_1_4' title="bbox 497 1782 3015 1952">
    <p class='ocr_par' dir='ltr' id='par_1_6' title="bbox 497 1782 3015 1952">
     <span class='ocr_line' id='line_1_19' title="bbox 497 1782 3015 1921; baseline -0.002 -70"><span class='ocrx_word' id='word_1_160' title='bbox 497 1808 540 1851; x_wconf 92' lang='lat' dir='ltr'>a</span> <span class='ocrx_word' id='word_1_161' title='bbox 599 1784 793 1848; x_wconf 92' lang='lat' dir='ltr'>nobis</span> <span class='ocrx_word' id='word_1_162' title='bbox 845 1782 1084 1865; x_wconf 86' lang='lat' dir='ltr'>jugum</span> <span class='ocrx_word' id='word_1_163' title='bbox 1145 1783 1457 1865; x_wconf 87' lang='lat' dir='ltr'>ipsorum.</span> <span class='ocrx_word' id='word_1_164' title='bbox 1571 1784 1699 1865; x_wconf 84' lang='lat' dir='ltr'>Qui</span> <span class='ocrx_word' id='word_1_165' title='bbox 1812 1784 2049 1921; x_wconf 79' lang='lat' dir='ltr'>Cum</span> <span class='ocrx_word' id='word_1_166' title='bbox 2098 1784 2471 1847; x_wconf 89' lang='lat' dir='ltr'>invocarem</span> <span class='ocrx_word' id='word_1_167' title='bbox 2517 1783 2865 1849; x_wconf 80' lang='lat' dir='ltr'>exaudivit</span> <span class='ocrx_word' id='word_1_168' title='bbox 2896 1804 3015 1847; x_wconf 88' lang='lat' dir='ltr'>me</span> 
     </span>
     <span class='ocr_line' id='line_1_20' title="bbox 498 1870 3013 1952; baseline -0.002 -13"><span class='ocrx_word' id='word_1_169' title='bbox 498 1874 761 1939; x_wconf 89' lang='lat' dir='ltr'>habitat</span> <span class='ocrx_word' id='word_1_170' title='bbox 791 1873 859 1935; x_wconf 90' lang='lat' dir='ltr'>in</span> <span class='ocrx_word' id='word_1_171' title='bbox 891 1870 1048 1935; x_wconf 90' lang='lat' dir='ltr'>celis</span> <span class='ocrx_word' id='word_1_172' title='bbox 1093 1870 1390 1937; x_wconf 90' lang='lat' dir='ltr'>irridebit</span> <span class='ocrx_word' id='word_1_173' title='bbox 1431 1894 1587 1937; x_wconf 90' lang='lat' dir='ltr'>eos:</span> <span class='ocrx_word' id='word_1_174' title='bbox 1634 1882 1704 1937; x_wconf 91' lang='lat' dir='ltr'>et</span> <span class='ocrx_word' id='word_1_175' title='bbox 1938 1873 2103 1935; x_wconf 85' lang='lat' dir='ltr'>deus</span> <span class='ocrx_word' id='word_1_176' title='bbox 2145 1872 2406 1952; x_wconf 86' lang='lat' dir='ltr'>justicie</span> <span class='ocrx_word' id='word_1_177' title='bbox 2454 1893 2641 1937; x_wconf 89' lang='lat' dir='ltr'>mee:</span> <span class='ocrx_word' id='word_1_178' title='bbox 2686 1874 2755 1936; x_wconf 91' lang='lat' dir='ltr'>in</span> <span class='ocrx_word' id='word_1_179' title='bbox 2797 1874 3013 1937; x_wconf 87' lang='lat' dir='ltr'>tribu-</span> 
     </span>
    </p>
   </div>
   <div class='ocr_carea' id='block_1_5' title="bbox 501 1959 3050 4174">
    <p class='ocr_par' dir='ltr' id='par_1_7' title="bbox 501 1959 3047 4046">
     <span class='ocr_line' id='line_1_21' title="bbox 501 1959 3017 2028; baseline -0.002 0"><span class='ocrx_word' id='word_1_180' title='bbox 501 1963 814 2028; x_wconf 88' lang='lat' dir='ltr'>dominus</span> <span class='ocrx_word' id='word_1_181' title='bbox 843 1959 1281 2025; x_wconf 89' lang='lat' dir='ltr'>subsannabit</span> <span class='ocrx_word' id='word_1_182' title='bbox 1311 1982 1444 2027; x_wconf 81' lang='lat' dir='ltr'>eoS.</span> <span class='ocrx_word' id='word_1_183' title='bbox 1519 1961 1708 2025; x_wconf 87' lang='lat' dir='ltr'>Tunc</span> <span class='ocrx_word' id='word_1_184' title='bbox 1807 1961 2055 2026; x_wconf 89' lang='lat' dir='ltr'>latione</span> <span class='ocrx_word' id='word_1_185' title='bbox 2085 1961 2379 2025; x_wconf 89' lang='lat' dir='ltr'>dilatasti</span> <span class='ocrx_word' id='word_1_186' title='bbox 2412 1962 2592 2026; x_wconf 87' lang='lat' dir='ltr'>mihi.</span> <span class='ocrx_word' id='word_1_187' title='bbox 2674 1962 3017 2025; x_wconf 87' lang='lat' dir='ltr'>Miserere</span> 
     </span>
     <span class='ocr_line' id='line_1_22' title="bbox 505 2050 3018 2134; baseline -0.002 -17"><span class='ocrx_word' id='word_1_188' title='bbox 505 2054 814 2134; x_wconf 89' lang='lat' dir='ltr'>loquetur</span> <span class='ocrx_word' id='word_1_189' title='bbox 843 2050 929 2113; x_wconf 89' lang='lat' dir='ltr'>ad</span> <span class='ocrx_word' id='word_1_190' title='bbox 962 2068 1076 2112; x_wconf 90' lang='lat' dir='ltr'>eos</span> <span class='ocrx_word' id='word_1_191' title='bbox 1107 2050 1173 2112; x_wconf 89' lang='lat' dir='ltr'>in</span> <span class='ocrx_word' id='word_1_192' title='bbox 1207 2050 1303 2113; x_wconf 86' lang='lat' dir='ltr'>ira</span> <span class='ocrx_word' id='word_1_193' title='bbox 1332 2071 1492 2115; x_wconf 88' lang='lat' dir='ltr'>sua:</span> <span class='ocrx_word' id='word_1_194' title='bbox 1537 2059 1608 2114; x_wconf 88' lang='lat' dir='ltr'>et</span> <span class='ocrx_word' id='word_1_195' title='bbox 1639 2051 1709 2113; x_wconf 90' lang='lat' dir='ltr'>in</span> <span class='ocrx_word' id='word_1_196' title='bbox 1810 2050 1982 2115; x_wconf 89' lang='lat' dir='ltr'>mei:</span> <span class='ocrx_word' id='word_1_197' title='bbox 2024 2060 2091 2113; x_wconf 90' lang='lat' dir='ltr'>et</span> <span class='ocrx_word' id='word_1_198' title='bbox 2116 2051 2361 2114; x_wconf 90' lang='lat' dir='ltr'>exaudi</span> <span class='ocrx_word' id='word_1_199' title='bbox 2382 2052 2749 2114; x_wconf 89' lang='lat' dir='ltr'>orationem</span> <span class='ocrx_word' id='word_1_200' title='bbox 2770 2070 3018 2113; x_wconf 86' lang='lat' dir='ltr'>meam.</span> 
     </span>
     <span class='ocr_line' id='line_1_23' title="bbox 507 2137 3021 2222; baseline -0.001 -17"><span class='ocrx_word' id='word_1_201' title='bbox 507 2142 728 2205; x_wconf 82' lang='lat' dir='ltr'>surore</span> <span class='ocrx_word' id='word_1_202' title='bbox 757 2158 880 2201; x_wconf 93' lang='lat' dir='ltr'>suo</span> <span class='ocrx_word' id='word_1_203' title='bbox 911 2138 1335 2202; x_wconf 87' lang='lat' dir='ltr'>conturbabit</span> <span class='ocrx_word' id='word_1_204' title='bbox 1357 2160 1486 2203; x_wconf 78' lang='lat' dir='ltr'>eos,</span> <span class='ocrx_word' id='word_1_205' title='bbox 1549 2140 1712 2221; x_wconf 89' lang='lat' dir='ltr'>Ego</span> <span class='ocrx_word' id='word_1_206' title='bbox 1810 2137 1975 2203; x_wconf 87' lang='lat' dir='ltr'>Filii</span> <span class='ocrx_word' id='word_1_207' title='bbox 2039 2138 2386 2203; x_wconf 88' lang='lat' dir='ltr'>hominum</span> <span class='ocrx_word' id='word_1_208' title='bbox 2436 2159 2783 2222; x_wconf 90' lang='lat' dir='ltr'>usquequo</span> <span class='ocrx_word' id='word_1_209' title='bbox 2828 2138 3021 2222; x_wconf 88' lang='lat' dir='ltr'>gravi</span> 
     </span>
     <span class='ocr_line' id='line_1_24' title="bbox 510 2226 3023 2311; baseline -0.002 -16"><span class='ocrx_word' id='word_1_210' title='bbox 510 2237 738 2295; x_wconf 88' lang='lat' dir='ltr'>autem</span> <span class='ocrx_word' id='word_1_211' title='bbox 794 2226 1196 2291; x_wconf 84' lang='lat' dir='ltr'>constitutus</span> <span class='ocrx_word' id='word_1_212' title='bbox 1256 2248 1403 2291; x_wconf 90' lang='lat' dir='ltr'>sum</span> <span class='ocrx_word' id='word_1_213' title='bbox 1460 2248 1580 2291; x_wconf 90' lang='lat' dir='ltr'>rex</span> <span class='ocrx_word' id='word_1_214' title='bbox 1625 2227 1714 2290; x_wconf 92' lang='lat' dir='ltr'>ab</span> <span class='ocrx_word' id='word_1_215' title='bbox 1815 2226 2055 2292; x_wconf 90' lang='lat' dir='ltr'>corde:</span> <span class='ocrx_word' id='word_1_216' title='bbox 2103 2236 2177 2291; x_wconf 89' lang='lat' dir='ltr'>ut</span> <span class='ocrx_word' id='word_1_217' title='bbox 2225 2228 2385 2311; x_wconf 89' lang='lat' dir='ltr'>quid</span> <span class='ocrx_word' id='word_1_218' title='bbox 2435 2226 2711 2309; x_wconf 88' lang='lat' dir='ltr'>diligitis</span> <span class='ocrx_word' id='word_1_219' title='bbox 2758 2229 3023 2291; x_wconf 86' lang='lat' dir='ltr'>vanita-</span> 
     </span>
     <span class='ocr_line' id='line_1_25' title="bbox 513 2315 3021 2399; baseline -0.002 -16"><span class='ocrx_word' id='word_1_220' title='bbox 513 2339 594 2383; x_wconf 93' lang='lat' dir='ltr'>eo</span> <span class='ocrx_word' id='word_1_221' title='bbox 625 2334 824 2399; x_wconf 89' lang='lat' dir='ltr'>super</span> <span class='ocrx_word' id='word_1_222' title='bbox 851 2334 1022 2395; x_wconf 88' lang='lat' dir='ltr'>syon</span> <span class='ocrx_word' id='word_1_223' title='bbox 1068 2325 1362 2379; x_wconf 90' lang='lat' dir='ltr'>montem</span> <span class='ocrx_word' id='word_1_224' title='bbox 1409 2326 1716 2380; x_wconf 85' lang='lat' dir='ltr'>sanctum</span> <span class='ocrx_word' id='word_1_225' title='bbox 1816 2326 1995 2381; x_wconf 89' lang='lat' dir='ltr'>tem:</span> <span class='ocrx_word' id='word_1_226' title='bbox 2086 2324 2154 2379; x_wconf 91' lang='lat' dir='ltr'>et</span> <span class='ocrx_word' id='word_1_227' title='bbox 2228 2315 2503 2399; x_wconf 89' lang='lat' dir='ltr'>queritis</span> <span class='ocrx_word' id='word_1_228' title='bbox 2578 2317 3021 2381; x_wconf 89' lang='lat' dir='ltr'>mendacium.</span> 
     </span>
     <span class='ocr_line' id='line_1_26' title="bbox 515 2404 3027 2488; baseline -0.001 -18"><span class='ocrx_word' id='word_1_229' title='bbox 515 2406 698 2488; x_wconf 82' lang='lat' dir='ltr'>ejus:</span> <span class='ocrx_word' id='word_1_230' title='bbox 745 2404 1094 2487; x_wconf 89' lang='lat' dir='ltr'>predicans</span> <span class='ocrx_word' id='word_1_231' title='bbox 1139 2415 1526 2487; x_wconf 89' lang='lat' dir='ltr'>preceptum</span> <span class='ocrx_word' id='word_1_232' title='bbox 1558 2404 1723 2487; x_wconf 83' lang='lat' dir='ltr'>ejuS.</span> <span class='ocrx_word' id='word_1_233' title='bbox 1820 2404 1915 2469; x_wconf 90' lang='lat' dir='ltr'>Et</span> <span class='ocrx_word' id='word_1_234' title='bbox 1976 2404 2211 2469; x_wconf 87' lang='lat' dir='ltr'>scitote</span> <span class='ocrx_word' id='word_1_235' title='bbox 2274 2405 2591 2487; x_wconf 89' lang='lat' dir='ltr'>quoniam</span> <span class='ocrx_word' id='word_1_236' title='bbox 2648 2404 3027 2469; x_wconf 87' lang='lat' dir='ltr'>mirificavit</span> 
     </span>
     <span class='ocr_line' id='line_1_27' title="bbox 519 2492 3025 2561; baseline -0.001 -1"><span class='ocrx_word' id='word_1_237' title='bbox 519 2494 856 2561; x_wconf 90' lang='lat' dir='ltr'>Dominus</span> <span class='ocrx_word' id='word_1_238' title='bbox 887 2492 1062 2556; x_wconf 91' lang='lat' dir='ltr'>dixit</span> <span class='ocrx_word' id='word_1_239' title='bbox 1085 2494 1171 2557; x_wconf 92' lang='lat' dir='ltr'>ad</span> <span class='ocrx_word' id='word_1_240' title='bbox 1199 2513 1305 2557; x_wconf 91' lang='lat' dir='ltr'>me</span> <span class='ocrx_word' id='word_1_241' title='bbox 1330 2492 1502 2559; x_wconf 88' lang='lat' dir='ltr'>filius</span> <span class='ocrx_word' id='word_1_242' title='bbox 1534 2514 1723 2558; x_wconf 90' lang='lat' dir='ltr'>meus</span> <span class='ocrx_word' id='word_1_243' title='bbox 1821 2493 2134 2560; x_wconf 90' lang='lat' dir='ltr'>dominus</span> <span class='ocrx_word' id='word_1_244' title='bbox 2178 2504 2483 2558; x_wconf 87' lang='lat' dir='ltr'>sanctum</span> <span class='ocrx_word' id='word_1_245' title='bbox 2515 2514 2709 2559; x_wconf 85' lang='lat' dir='ltr'>suum</span> <span class='ocrx_word' id='word_1_246' title='bbox 2744 2516 2760 2560; x_wconf 74' lang='grc' dir='ltr'><strong><em>ε</em></strong></span> <span class='ocrx_word' id='word_1_247' title='bbox 2807 2494 3025 2558; x_wconf 89' lang='lat' dir='ltr'>domi-</span> 
     </span>
     <span class='ocr_line' id='line_1_28' title="bbox 519 2579 3031 2664; baseline -0.001 -16"><span class='ocrx_word' id='word_1_248' title='bbox 519 2605 591 2648; x_wconf 87' lang='lat' dir='ltr'>es</span> <span class='ocrx_word' id='word_1_249' title='bbox 623 2594 696 2648; x_wconf 91' lang='lat' dir='ltr'>tu</span> <span class='ocrx_word' id='word_1_250' title='bbox 725 2604 741 2648; x_wconf 90' lang='lat'>:</span> <span class='ocrx_word' id='word_1_251' title='bbox 787 2601 916 2664; x_wconf 89' lang='lat' dir='ltr'>ego</span> <span class='ocrx_word' id='word_1_252' title='bbox 945 2579 1144 2645; x_wconf 90' lang='lat' dir='ltr'>hodie</span> <span class='ocrx_word' id='word_1_253' title='bbox 1173 2584 1372 2664; x_wconf 91' lang='lat' dir='ltr'>genui</span> <span class='ocrx_word' id='word_1_254' title='bbox 1405 2593 1488 2648; x_wconf 90' lang='lat' dir='ltr'>te.</span> <span class='ocrx_word' id='word_1_255' title='bbox 1553 2583 1727 2647; x_wconf 88' lang='lat' dir='ltr'>Pos-</span> <span class='ocrx_word' id='word_1_256' title='bbox 1824 2603 1950 2648; x_wconf 87' lang='lat' dir='ltr'>nus</span> <span class='ocrx_word' id='word_1_257' title='bbox 1980 2583 2296 2647; x_wconf 89' lang='lat' dir='ltr'>exaudiet</span> <span class='ocrx_word' id='word_1_258' title='bbox 2328 2603 2435 2646; x_wconf 91' lang='lat' dir='ltr'>me</span> <span class='ocrx_word' id='word_1_259' title='bbox 2468 2603 2621 2646; x_wconf 89' lang='lat' dir='ltr'>cum</span> <span class='ocrx_word' id='word_1_260' title='bbox 2654 2583 3031 2646; x_wconf 89' lang='lat' dir='ltr'>clamavero</span> 
     </span>
     <span class='ocr_line' id='line_1_29' title="bbox 521 2671 3029 2755; baseline -0.001 -18"><span class='ocrx_word' id='word_1_261' title='bbox 521 2673 666 2737; x_wconf 90' lang='lat' dir='ltr'>tula</span> <span class='ocrx_word' id='word_1_262' title='bbox 724 2692 765 2733; x_wconf 92' lang='lat' dir='ltr'>a</span> <span class='ocrx_word' id='word_1_263' title='bbox 826 2689 933 2732; x_wconf 89' lang='lat' dir='ltr'>me</span> <span class='ocrx_word' id='word_1_264' title='bbox 981 2680 1051 2732; x_wconf 92' lang='lat' dir='ltr'>et</span> <span class='ocrx_word' id='word_1_265' title='bbox 1096 2671 1275 2734; x_wconf 88' lang='lat' dir='ltr'>dabo</span> <span class='ocrx_word' id='word_1_266' title='bbox 1321 2672 1444 2736; x_wconf 90' lang='lat' dir='ltr'>tibi</span> <span class='ocrx_word' id='word_1_267' title='bbox 1491 2681 1729 2755; x_wconf 87' lang='lat' dir='ltr'>gentes</span> <span class='ocrx_word' id='word_1_268' title='bbox 1826 2673 1914 2737; x_wconf 89' lang='lat' dir='ltr'>ad</span> <span class='ocrx_word' id='word_1_269' title='bbox 1974 2692 2147 2735; x_wconf 89' lang='lat' dir='ltr'>eum.</span> <span class='ocrx_word' id='word_1_270' title='bbox 2253 2671 2626 2736; x_wconf 87' lang='lat' dir='ltr'>Irascimini</span> <span class='ocrx_word' id='word_1_271' title='bbox 2693 2681 2761 2735; x_wconf 90' lang='lat' dir='ltr'>et</span> <span class='ocrx_word' id='word_1_272' title='bbox 2823 2671 3029 2736; x_wconf 90' lang='lat' dir='ltr'>nolite</span> 
     </span>
     <span class='ocr_line' id='line_1_30' title="bbox 525 2760 3031 2845; baseline -0.001 -21"><span class='ocrx_word' id='word_1_273' title='bbox 525 2760 965 2824; x_wconf 85' lang='lat' dir='ltr'>hereditatem</span> <span class='ocrx_word' id='word_1_274' title='bbox 997 2767 1223 2822; x_wconf 84' lang='lat' dir='ltr'>tuam:</span> <span class='ocrx_word' id='word_1_275' title='bbox 1271 2771 1337 2824; x_wconf 92' lang='lat' dir='ltr'>et</span> <span class='ocrx_word' id='word_1_276' title='bbox 1370 2762 1729 2842; x_wconf 88' lang='lat' dir='ltr'>possessio·</span> <span class='ocrx_word' id='word_1_277' title='bbox 1828 2780 2103 2845; x_wconf 90' lang='lat' dir='ltr'>peccare</span> <span class='ocrx_word' id='word_1_278' title='bbox 2152 2780 2283 2843; x_wconf 90' lang='lat' dir='ltr'>que</span> <span class='ocrx_word' id='word_1_279' title='bbox 2335 2760 2555 2826; x_wconf 89' lang='lat' dir='ltr'>dicitis</span> <span class='ocrx_word' id='word_1_280' title='bbox 2607 2761 2674 2823; x_wconf 90' lang='lat' dir='ltr'>in</span> <span class='ocrx_word' id='word_1_281' title='bbox 2720 2760 3031 2824; x_wconf 88' lang='lat' dir='ltr'>cordibus</span> 
     </span>
     <span class='ocr_line' id='line_1_31' title="bbox 529 2847 3029 2932; baseline -0 -19"><span class='ocrx_word' id='word_1_282' title='bbox 529 2869 683 2913; x_wconf 89' lang='lat' dir='ltr'>nem</span> <span class='ocrx_word' id='word_1_283' title='bbox 715 2856 901 2910; x_wconf 91' lang='lat' dir='ltr'>tuam</span> <span class='ocrx_word' id='word_1_284' title='bbox 934 2847 1250 2911; x_wconf 86' lang='lat' dir='ltr'>terminos</span> <span class='ocrx_word' id='word_1_285' title='bbox 1273 2859 1462 2914; x_wconf 90' lang='lat' dir='ltr'>terre.</span> <span class='ocrx_word' id='word_1_286' title='bbox 1507 2851 1733 2932; x_wconf 88' lang='lat' dir='ltr'>Reges</span> <span class='ocrx_word' id='word_1_287' title='bbox 1832 2849 2105 2914; x_wconf 89' lang='lat' dir='ltr'>vestris:</span> <span class='ocrx_word' id='word_1_288' title='bbox 2170 2859 2240 2912; x_wconf 91' lang='lat' dir='ltr'>et</span> <span class='ocrx_word' id='word_1_289' title='bbox 2290 2849 2361 2912; x_wconf 91' lang='lat' dir='ltr'>in</span> <span class='ocrx_word' id='word_1_290' title='bbox 2420 2848 2748 2915; x_wconf 90' lang='lat' dir='ltr'>cubilibus</span> <span class='ocrx_word' id='word_1_291' title='bbox 2799 2848 3029 2913; x_wconf 88' lang='lat' dir='ltr'>vestris</span> 
     </span>
     <span class='ocr_line' id='line_1_32' title="bbox 531 2933 3033 3021; baseline -0 -19"><span class='ocrx_word' id='word_1_292' title='bbox 531 2957 646 3002; x_wconf 88' lang='lat' dir='ltr'>eos</span> <span class='ocrx_word' id='word_1_293' title='bbox 693 2936 760 2998; x_wconf 92' lang='lat' dir='ltr'>in</span> <span class='ocrx_word' id='word_1_294' title='bbox 790 2935 978 3017; x_wconf 89' lang='lat' dir='ltr'>virga</span> <span class='ocrx_word' id='word_1_295' title='bbox 1015 2933 1264 3001; x_wconf 85' lang='lat' dir='ltr'>ferrea:</span> <span class='ocrx_word' id='word_1_296' title='bbox 1311 2946 1379 3001; x_wconf 90' lang='lat' dir='ltr'>et</span> <span class='ocrx_word' id='word_1_297' title='bbox 1410 2947 1733 3021; x_wconf 89' lang='lat' dir='ltr'>tanquam</span> <span class='ocrx_word' id='word_1_298' title='bbox 1832 2937 2378 3020; x_wconf 88' lang='lat' dir='ltr'>compungimini.</span> <span class='ocrx_word' id='word_1_299' title='bbox 2488 2937 2877 3002; x_wconf 82' lang='lat' dir='ltr'>Sacrificate</span> <span class='ocrx_word' id='word_1_300' title='bbox 2934 2959 3033 3001; x_wconf 86' lang='lat' dir='ltr'>sa-</span> 
     </span>
     <span class='ocr_line' id='line_1_33' title="bbox 535 3023 3031 3110; baseline -0.001 -18"><span class='ocrx_word' id='word_1_301' title='bbox 535 3047 654 3092; x_wconf 89' lang='lat' dir='ltr'>vas</span> <span class='ocrx_word' id='word_1_302' title='bbox 715 3023 898 3105; x_wconf 89' lang='lat' dir='ltr'>figuli</span> <span class='ocrx_word' id='word_1_303' title='bbox 975 3023 1346 3108; x_wconf 81' lang='lat' dir='ltr'>confringes</span> <span class='ocrx_word' id='word_1_304' title='bbox 1409 3048 1540 3090; x_wconf 81' lang='lat' dir='ltr'>eos,</span> <span class='ocrx_word' id='word_1_305' title='bbox 1636 3027 1737 3090; x_wconf 89' lang='lat' dir='ltr'>Et</span> <span class='ocrx_word' id='word_1_306' title='bbox 1836 3025 2155 3091; x_wconf 86' lang='lat' dir='ltr'>crificium</span> <span class='ocrx_word' id='word_1_307' title='bbox 2210 3025 2474 3108; x_wconf 89' lang='lat' dir='ltr'>justicie</span> <span class='ocrx_word' id='word_1_308' title='bbox 2533 3035 2603 3090; x_wconf 90' lang='lat' dir='ltr'>et</span> <span class='ocrx_word' id='word_1_309' title='bbox 2655 3037 2918 3110; x_wconf 85' lang='lat' dir='ltr'>sperate</span> <span class='ocrx_word' id='word_1_310' title='bbox 2968 3026 3031 3088; x_wconf 90' lang='lat' dir='ltr'>in</span> 
     </span>
     <span class='ocr_line' id='line_1_34' title="bbox 539 3112 3035 3197; baseline -0 -19"><span class='ocrx_word' id='word_1_311' title='bbox 539 3133 712 3178; x_wconf 90' lang='lat' dir='ltr'>nunc</span> <span class='ocrx_word' id='word_1_312' title='bbox 746 3131 933 3194; x_wconf 90' lang='lat' dir='ltr'>reges</span> <span class='ocrx_word' id='word_1_313' title='bbox 965 3112 1349 3196; x_wconf 86' lang='lat' dir='ltr'>intelligite:</span> <span class='ocrx_word' id='word_1_314' title='bbox 1389 3113 1739 3179; x_wconf 90' lang='lat' dir='ltr'>erudimini</span> <span class='ocrx_word' id='word_1_315' title='bbox 1840 3115 2155 3182; x_wconf 89' lang='lat' dir='ltr'>domino:</span> <span class='ocrx_word' id='word_1_316' title='bbox 2221 3114 2411 3179; x_wconf 90' lang='lat' dir='ltr'>multi</span> <span class='ocrx_word' id='word_1_317' title='bbox 2459 3115 2693 3179; x_wconf 89' lang='lat' dir='ltr'>dicunt</span> <span class='ocrx_word' id='word_1_318' title='bbox 2741 3117 2893 3197; x_wconf 90' lang='lat' dir='ltr'>quis</span> <span class='ocrx_word' id='word_1_319' title='bbox 2936 3136 3035 3178; x_wconf 90' lang='lat' dir='ltr'>os-</span> 
     </span>
     <span class='ocr_line' id='line_1_35' title="bbox 541 3201 3033 3287; baseline -0 -20"><span class='ocrx_word' id='word_1_320' title='bbox 541 3204 654 3287; x_wconf 91' lang='lat' dir='ltr'>qui</span> <span class='ocrx_word' id='word_1_321' title='bbox 721 3201 1034 3283; x_wconf 86' lang='lat' dir='ltr'>judicatis</span> <span class='ocrx_word' id='word_1_322' title='bbox 1101 3211 1361 3268; x_wconf 90' lang='lat' dir='ltr'>terram.</span> <span class='ocrx_word' id='word_1_323' title='bbox 1477 3205 1742 3268; x_wconf 82' lang='lat' dir='ltr'>Servite</span> <span class='ocrx_word' id='word_1_324' title='bbox 1844 3204 2059 3268; x_wconf 88' lang='lat' dir='ltr'>tendit</span> <span class='ocrx_word' id='word_1_325' title='bbox 2122 3201 2311 3268; x_wconf 91' lang='lat' dir='ltr'>nobis</span> <span class='ocrx_word' id='word_1_326' title='bbox 2372 3204 2567 3268; x_wconf 85' lang='lat' dir='ltr'>bona.</span> <span class='ocrx_word' id='word_1_327' title='bbox 2684 3203 3033 3287; x_wconf 83' lang='lat' dir='ltr'>Signatum</span> 
     </span>
     <span class='ocr_line' id='line_1_36' title="bbox 543 3291 3036 3375; baseline -0.001 -19"><span class='ocrx_word' id='word_1_328' title='bbox 543 3291 820 3356; x_wconf 87' lang='lat' dir='ltr'>domino</span> <span class='ocrx_word' id='word_1_329' title='bbox 872 3291 939 3352; x_wconf 89' lang='lat' dir='ltr'>in</span> <span class='ocrx_word' id='word_1_330' title='bbox 992 3291 1274 3356; x_wconf 90' lang='lat' dir='ltr'>timore:</span> <span class='ocrx_word' id='word_1_331' title='bbox 1322 3303 1391 3358; x_wconf 92' lang='lat' dir='ltr'>et</span> <span class='ocrx_word' id='word_1_332' title='bbox 1443 3293 1746 3356; x_wconf 88' lang='lat' dir='ltr'>exultate</span> <span class='ocrx_word' id='word_1_333' title='bbox 1844 3301 1949 3358; x_wconf 87' lang='lat' dir='ltr'>est</span> <span class='ocrx_word' id='word_1_334' title='bbox 1994 3312 2192 3375; x_wconf 89' lang='lat' dir='ltr'>super</span> <span class='ocrx_word' id='word_1_335' title='bbox 2237 3312 2361 3356; x_wconf 89' lang='lat' dir='ltr'>nos</span> <span class='ocrx_word' id='word_1_336' title='bbox 2408 3291 2631 3356; x_wconf 90' lang='lat' dir='ltr'>lumen</span> <span class='ocrx_word' id='word_1_337' title='bbox 2681 3293 2905 3356; x_wconf 90' lang='lat' dir='ltr'>vultus</span> <span class='ocrx_word' id='word_1_338' title='bbox 2949 3291 3036 3355; x_wconf 89' lang='lat' dir='ltr'>tui</span> 
     </span>
     <span class='ocr_line' id='line_1_37' title="bbox 543 3380 3038 3464; baseline -0.001 -19"><span class='ocrx_word' id='word_1_339' title='bbox 543 3383 606 3445; x_wconf 89' lang='lat' dir='ltr'>ei</span> <span class='ocrx_word' id='word_1_340' title='bbox 651 3400 804 3443; x_wconf 88' lang='lat' dir='ltr'>cum</span> <span class='ocrx_word' id='word_1_341' title='bbox 841 3388 1146 3444; x_wconf 90' lang='lat' dir='ltr'>tremore.</span> <span class='ocrx_word' id='word_1_342' title='bbox 1236 3380 1747 3464; x_wconf 87' lang='lat' dir='ltr'>Apprehendite</span> <span class='ocrx_word' id='word_1_343' title='bbox 1849 3382 2159 3446; x_wconf 89' lang='lat' dir='ltr'>domine:</span> <span class='ocrx_word' id='word_1_344' title='bbox 2204 3382 2447 3445; x_wconf 89' lang='lat' dir='ltr'>dedisti</span> <span class='ocrx_word' id='word_1_345' title='bbox 2488 3381 2777 3445; x_wconf 90' lang='lat' dir='ltr'>leticiam</span> <span class='ocrx_word' id='word_1_346' title='bbox 2812 3383 2877 3444; x_wconf 91' lang='lat' dir='ltr'>in</span> <span class='ocrx_word' id='word_1_347' title='bbox 2907 3401 3038 3444; x_wconf 93' lang='lat' dir='ltr'>cor-</span> 
     </span>
     <span class='ocr_line' id='line_1_38' title="bbox 545 3467 3039 3552; baseline -0.002 -18"><span class='ocrx_word' id='word_1_348' title='bbox 545 3467 964 3551; x_wconf 91' lang='lat' dir='ltr'>disciplinam</span> <span class='ocrx_word' id='word_1_349' title='bbox 998 3488 1081 3530; x_wconf 91' lang='lat' dir='ltr'>ne</span> <span class='ocrx_word' id='word_1_350' title='bbox 1118 3471 1389 3552; x_wconf 89' lang='lat' dir='ltr'>quando</span> <span class='ocrx_word' id='word_1_351' title='bbox 1435 3472 1754 3534; x_wconf 87' lang='lat' dir='ltr'>irascatur</span> <span class='ocrx_word' id='word_1_352' title='bbox 1850 3472 1936 3536; x_wconf 91' lang='lat' dir='ltr'>de</span> <span class='ocrx_word' id='word_1_353' title='bbox 1966 3489 2135 3534; x_wconf 82' lang='lat' dir='ltr'>meo,</span> <span class='ocrx_word' id='word_1_354' title='bbox 2225 3470 2288 3532; x_wconf 85' lang='lat' dir='ltr'><em>A</em></span> <span class='ocrx_word' id='word_1_355' title='bbox 2328 3469 2540 3534; x_wconf 85' lang='lat' dir='ltr'>fructu</span> <span class='ocrx_word' id='word_1_356' title='bbox 2576 3469 2889 3534; x_wconf 84' lang='lat' dir='ltr'>frumenti</span> <span class='ocrx_word' id='word_1_357' title='bbox 2918 3469 3039 3533; x_wconf 87' lang='lat' dir='ltr'>vini</span> 
     </span>
     <span class='ocr_line' id='line_1_39' title="bbox 550 3557 3042 3641; baseline -0.001 -19"><span class='ocrx_word' id='word_1_358' title='bbox 550 3559 901 3622; x_wconf 89' lang='lat' dir='ltr'>dominus:</span> <span class='ocrx_word' id='word_1_359' title='bbox 950 3565 1018 3620; x_wconf 91' lang='lat' dir='ltr'>et</span> <span class='ocrx_word' id='word_1_360' title='bbox 1049 3560 1334 3638; x_wconf 90' lang='lat' dir='ltr'>pereatis</span> <span class='ocrx_word' id='word_1_361' title='bbox 1365 3559 1450 3622; x_wconf 92' lang='lat' dir='ltr'>de</span> <span class='ocrx_word' id='word_1_362' title='bbox 1481 3561 1588 3623; x_wconf 90' lang='lat' dir='ltr'>via</span> <span class='ocrx_word' id='word_1_363' title='bbox 1615 3559 1754 3641; x_wconf 89' lang='lat' dir='ltr'>jus·</span> <span class='ocrx_word' id='word_1_364' title='bbox 1853 3567 1922 3622; x_wconf 90' lang='lat' dir='ltr'>et</span> <span class='ocrx_word' id='word_1_365' title='bbox 1982 3557 2109 3622; x_wconf 92' lang='lat' dir='ltr'>olei</span> <span class='ocrx_word' id='word_1_366' title='bbox 2184 3559 2330 3624; x_wconf 88' lang='lat' dir='ltr'>sui:</span> <span class='ocrx_word' id='word_1_367' title='bbox 2401 3558 2823 3641; x_wconf 89' lang='lat' dir='ltr'>multiplicati</span> <span class='ocrx_word' id='word_1_368' title='bbox 2884 3566 3042 3622; x_wconf 88' lang='lat' dir='ltr'>sunt.</span> 
     </span>
     <span class='ocr_line' id='line_1_40' title="bbox 553 3645 3042 3731; baseline -0 -20"><span class='ocrx_word' id='word_1_369' title='bbox 553 3658 642 3711; x_wconf 89' lang='lat' dir='ltr'>ta.</span> <span class='ocrx_word' id='word_1_370' title='bbox 741 3645 906 3712; x_wconf 87' lang='lat' dir='ltr'>Cum</span> <span class='ocrx_word' id='word_1_371' title='bbox 952 3649 1276 3711; x_wconf 87' lang='lat' dir='ltr'>exarserit</span> <span class='ocrx_word' id='word_1_372' title='bbox 1320 3648 1386 3711; x_wconf 93' lang='lat' dir='ltr'>in</span> <span class='ocrx_word' id='word_1_373' title='bbox 1431 3649 1611 3711; x_wconf 90' lang='lat' dir='ltr'>brevi</span> <span class='ocrx_word' id='word_1_374' title='bbox 1661 3649 1757 3711; x_wconf 89' lang='lat' dir='ltr'>ira</span> <span class='ocrx_word' id='word_1_375' title='bbox 1853 3648 1939 3711; x_wconf 91' lang='lat' dir='ltr'>In</span> <span class='ocrx_word' id='word_1_376' title='bbox 1993 3668 2156 3731; x_wconf 89' lang='lat' dir='ltr'>pace</span> <span class='ocrx_word' id='word_1_377' title='bbox 2216 3649 2284 3711; x_wconf 91' lang='lat' dir='ltr'>in</span> <span class='ocrx_word' id='word_1_378' title='bbox 2338 3647 2671 3730; x_wconf 90' lang='lat' dir='ltr'>idipsum:</span> <span class='ocrx_word' id='word_1_379' title='bbox 2734 3647 3042 3711; x_wconf 88' lang='lat' dir='ltr'>dormiam</span> 
     </span>
     <span class='ocr_line' id='line_1_41' title="bbox 555 3735 3045 3818; baseline -0.001 -18"><span class='ocrx_word' id='word_1_380' title='bbox 555 3737 700 3818; x_wconf 90' lang='lat' dir='ltr'>ejus</span> <span class='ocrx_word' id='word_1_381' title='bbox 728 3755 742 3797; x_wconf 94' lang='lat'><strong>:</strong></span> <span class='ocrx_word' id='word_1_382' title='bbox 790 3735 969 3797; x_wconf 92' lang='lat' dir='ltr'>beati</span> <span class='ocrx_word' id='word_1_383' title='bbox 1003 3754 1237 3798; x_wconf 92' lang='lat' dir='ltr'>omnes</span> <span class='ocrx_word' id='word_1_384' title='bbox 1267 3738 1380 3818; x_wconf 90' lang='lat' dir='ltr'>qui</span> <span class='ocrx_word' id='word_1_385' title='bbox 1415 3737 1760 3801; x_wconf 90' lang='lat' dir='ltr'>confidunt</span> <span class='ocrx_word' id='word_1_386' title='bbox 1859 3746 1926 3800; x_wconf 93' lang='lat' dir='ltr'>et</span> <span class='ocrx_word' id='word_1_387' title='bbox 1958 3736 2383 3818; x_wconf 89' lang='lat' dir='ltr'>requiescam.</span> <span class='ocrx_word' id='word_1_388' title='bbox 2474 3735 2805 3816; x_wconf 85' lang='lat' dir='ltr'>Quoniam</span> <span class='ocrx_word' id='word_1_389' title='bbox 2836 3746 2909 3800; x_wconf 90' lang='lat' dir='ltr'>tu</span> <span class='ocrx_word' id='word_1_390' title='bbox 2938 3735 3045 3798; x_wconf 91' lang='lat' dir='ltr'>do-</span> 
     </span>
     <span class='ocr_line' id='line_1_42' title="bbox 560 3823 3047 3908; baseline -0.001 -20"><span class='ocrx_word' id='word_1_391' title='bbox 560 3826 629 3888; x_wconf 89' lang='lat' dir='ltr'>in</span> <span class='ocrx_word' id='word_1_392' title='bbox 662 3843 760 3886; x_wconf 80' lang='lat' dir='ltr'>eo,</span> <span class='ocrx_word' id='word_1_393' title='bbox 1631 3826 1763 3907; x_wconf 61' lang='lat' dir='ltr'>pff?</span> <span class='ocrx_word' id='word_1_394' title='bbox 1860 3825 2039 3890; x_wconf 90' lang='lat' dir='ltr'>mine</span> <span class='ocrx_word' id='word_1_395' title='bbox 2070 3824 2488 3908; x_wconf 89' lang='lat' dir='ltr'>singulariter</span> <span class='ocrx_word' id='word_1_396' title='bbox 2518 3825 2585 3888; x_wconf 90' lang='lat' dir='ltr'>in</span> <span class='ocrx_word' id='word_1_397' title='bbox 2618 3845 2776 3908; x_wconf 90' lang='lat' dir='ltr'>spe:</span> <span class='ocrx_word' id='word_1_398' title='bbox 2822 3823 3047 3888; x_wconf 90' lang='lat' dir='ltr'>consti-</span> 
     </span>
     <span class='ocr_line' id='line_1_43' title="bbox 559 3911 3047 4046; baseline 0.004 -73"><span class='ocrx_word' id='word_1_399' title='bbox 559 3911 939 4046; x_wconf 83' lang='lat' dir='ltr'>Domine</span> <span class='ocrx_word' id='word_1_400' title='bbox 969 3911 1128 3994; x_wconf 90' lang='lat' dir='ltr'>quid</span> <span class='ocrx_word' id='word_1_401' title='bbox 1155 3913 1575 3996; x_wconf 89' lang='lat' dir='ltr'>multiplicati</span> <span class='ocrx_word' id='word_1_402' title='bbox 1607 3923 1763 3978; x_wconf 89' lang='lat' dir='ltr'>sunt</span> <span class='ocrx_word' id='word_1_403' title='bbox 1864 3913 2049 3980; x_wconf 88' lang='lat' dir='ltr'>tuisti</span> <span class='ocrx_word' id='word_1_404' title='bbox 2080 3934 2206 3979; x_wconf 89' lang='lat' dir='ltr'>me.</span> <span class='ocrx_word' id='word_1_405' title='bbox 2936 3911 3047 3996; x_wconf 61' lang='lat' dir='ltr'>pf!</span> 
     </span>
    </p>

    <p class='ocr_par' dir='ltr' id='par_1_8' title="bbox 564 3999 3050 4174">
     <span class='ocr_line' id='line_1_44' title="bbox 718 3999 3049 4135; baseline 0.001 -74"><span class='ocrx_word' id='word_1_406' title='bbox 718 4001 830 4082; x_wconf 90' lang='lat' dir='ltr'>qui</span> <span class='ocrx_word' id='word_1_407' title='bbox 863 3999 1182 4065; x_wconf 88' lang='lat' dir='ltr'>tribulant</span> <span class='ocrx_word' id='word_1_408' title='bbox 1227 4023 1377 4068; x_wconf 89' lang='lat' dir='ltr'>me:</span> <span class='ocrx_word' id='word_1_409' title='bbox 1425 4003 1615 4068; x_wconf 90' lang='lat' dir='ltr'>multi</span> <span class='ocrx_word' id='word_1_410' title='bbox 1664 4005 1764 4067; x_wconf 89' lang='lat' dir='ltr'>in·</span> <span class='ocrx_word' id='word_1_411' title='bbox 1888 4003 2195 4135; x_wconf 83' lang='lat' dir='ltr'>Verba</span> <span class='ocrx_word' id='word_1_412' title='bbox 2254 4022 2406 4066; x_wconf 89' lang='lat' dir='ltr'>mea</span> <span class='ocrx_word' id='word_1_413' title='bbox 2464 4000 2733 4066; x_wconf 90' lang='lat' dir='ltr'>auribus</span> <span class='ocrx_word' id='word_1_414' title='bbox 2808 4001 3049 4085; x_wconf 90' lang='lat' dir='ltr'>percipe</span> 
     </span>
     <span class='ocr_line' id='line_1_45' title="bbox 564 4089 3050 4174; baseline -0.001 -20"><span class='ocrx_word' id='word_1_415' title='bbox 564 4096 844 4170; x_wconf 89' lang='lat' dir='ltr'>surgunt</span> <span class='ocrx_word' id='word_1_416' title='bbox 904 4089 1256 4154; x_wconf 88' lang='lat' dir='ltr'>adversum</span> <span class='ocrx_word' id='word_1_417' title='bbox 1320 4112 1443 4156; x_wconf 89' lang='lat' dir='ltr'>me.</span> <span class='ocrx_word' id='word_1_418' title='bbox 1556 4092 1767 4157; x_wconf 92' lang='lat' dir='ltr'>Multi</span> <span class='ocrx_word' id='word_1_419' title='bbox 2008 4093 2322 4156; x_wconf 89' lang='lat' dir='ltr'>domine:</span> <span class='ocrx_word' id='word_1_420' title='bbox 2370 4091 2667 4174; x_wconf 74' lang='lat' dir='ltr'>intelllge</span> <span class='ocrx_word' id='word_1_421' title='bbox 2713 4091 3050 4156; x_wconf 89' lang='lat' dir='ltr'>clamorem</span> 
     </span>
    </p>
   </div>
   <div class='ocr_carea' id='block_1_6' title="bbox 567 4177 3054 4246">
    <p class='ocr_par' dir='ltr' id='par_1_9' title="bbox 567 4177 3054 4246">
     <span class='ocr_line' id='line_1_46' title="bbox 567 4177 3054 4246; baseline -0 -4"><span class='ocrx_word' id='word_1_422' title='bbox 567 4177 798 4242; x_wconf 89' lang='lat' dir='ltr'>dicunt</span> <span class='ocrx_word' id='word_1_423' title='bbox 836 4177 1056 4240; x_wconf 89' lang='lat' dir='ltr'>anime</span> <span class='ocrx_word' id='word_1_424' title='bbox 1107 4199 1292 4246; x_wconf 86' lang='lat' dir='ltr'>mee:</span> <span class='ocrx_word' id='word_1_425' title='bbox 1338 4201 1472 4245; x_wconf 91' lang='lat' dir='ltr'>non</span> <span class='ocrx_word' id='word_1_426' title='bbox 1519 4191 1622 4246; x_wconf 90' lang='lat' dir='ltr'>est</span> <span class='ocrx_word' id='word_1_427' title='bbox 1667 4202 1771 4245; x_wconf 90' lang='lat' dir='ltr'>sa·</span> <span class='ocrx_word' id='word_1_428' title='bbox 1876 4201 2119 4246; x_wconf 87' lang='lat' dir='ltr'>meum.</span> <span class='ocrx_word' id='word_1_429' title='bbox 2206 4179 2497 4244; x_wconf 88' lang='lat' dir='ltr'>Intende</span> <span class='ocrx_word' id='word_1_430' title='bbox 2548 4179 2697 4244; x_wconf 90' lang='lat' dir='ltr'>voci</span> <span class='ocrx_word' id='word_1_431' title='bbox 2759 4179 3054 4244; x_wconf 84' lang='lat' dir='ltr'>orationis</span> 
     </span>
    </p>
   </div>
   <div class='ocr_carea' id='block_1_7' title="bbox 671 4314 2973 4449">
    <p class='ocr_par' dir='ltr' id='par_1_10' title="bbox 671 4314 2973 4449">
     <span class='ocr_line' id='line_1_47' title="bbox 673 4314 2973 4382; baseline 0.001 -21"><span class='ocrx_word' id='word_1_432' title='bbox 673 4315 687 4346; x_wconf 87' lang='lat'>¹</span> <span class='ocrx_word' id='word_1_433' title='bbox 714 4319 793 4377; x_wconf 67' lang='lat' dir='ltr'>pt.</span> <span class='ocrx_word' id='word_1_434' title='bbox 825 4325 890 4362; x_wconf 82' lang='lat'>2:</span> <span class='ocrx_word' id='word_1_435' title='bbox 917 4314 1054 4364; x_wconf 75' lang='lat' dir='ltr'>E-G.</span> <span class='ocrx_word' id='word_1_436' title='bbox 1347 4319 1368 4350; x_wconf 84' lang='lat'>⁸</span> <span class='ocrx_word' id='word_1_437' title='bbox 1399 4333 1502 4366; x_wconf 78' lang='lat' dir='ltr'>non</span> <span class='ocrx_word' id='word_1_438' title='bbox 1524 4317 2111 4367; x_wconf 54' lang='lat' dir='ltr'>daz-ituradnocturnum</span> <span class='ocrx_word' id='word_1_439' title='bbox 2150 4316 2237 4366; x_wconf 74' lang='lat' dir='ltr'>iste</span> <span class='ocrx_word' id='word_1_440' title='bbox 2263 4323 2343 4382; x_wconf 67' lang='lat' dir='ltr'>pt.</span> <span class='ocrx_word' id='word_1_441' title='bbox 2384 4331 2454 4378; x_wconf 84' lang='lat'>4:</span> <span class='ocrx_word' id='word_1_442' title='bbox 2478 4317 2545 4366; x_wconf 79' lang='lat' dir='ltr'>E.</span> <span class='ocrx_word' id='word_1_443' title='bbox 2560 4315 2621 4366; x_wconf 83' lang='lat' dir='ltr'>G.</span> <span class='ocrx_word' id='word_1_444' title='bbox 2664 4323 2745 4382; x_wconf 67' lang='lat' dir='ltr'>pt.</span> <span class='ocrx_word' id='word_1_445' title='bbox 2774 4315 2903 4380; x_wconf 71' lang='lat' dir='ltr'>iiij-s</span> <span class='ocrx_word' id='word_1_446' title='bbox 2926 4316 2973 4365; x_wconf 82' lang='lat' dir='ltr'>S.</span> 
     </span>
     <span class='ocr_line' id='line_1_48' title="bbox 671 4380 2615 4449; baseline 0.003 -21"><span class='ocrx_word' id='word_1_447' title='bbox 671 4381 692 4412; x_wconf 82' lang='lat'><strong>¹</strong></span> <span class='ocrx_word' id='word_1_448' title='bbox 714 4387 792 4444; x_wconf 62' lang='lat' dir='ltr'>pf.</span> <span class='ocrx_word' id='word_1_449' title='bbox 822 4391 853 4442; x_wconf 87' lang='lat'>3</span> <span class='ocrx_word' id='word_1_450' title='bbox 871 4397 888 4428; x_wconf 88' lang='lat'>.·</span> <span class='ocrx_word' id='word_1_451' title='bbox 925 4380 996 4434; x_wconf 79' lang='lat' dir='ltr'>E.</span> <span class='ocrx_word' id='word_1_452' title='bbox 1009 4381 1063 4430; x_wconf 90' lang='lat' dir='ltr'>G.</span> <span class='ocrx_word' id='word_1_453' title='bbox 1356 4386 1376 4416; x_wconf 77' lang='lat'><strong>⁴</strong></span> <span class='ocrx_word' id='word_1_454' title='bbox 1409 4401 1511 4434; x_wconf 78' lang='lat' dir='ltr'>non</span> <span class='ocrx_word' id='word_1_455' title='bbox 1532 4384 1725 4434; x_wconf 60' lang='lat' dir='ltr'>dicam·</span> <span class='ocrx_word' id='word_1_456' title='bbox 1750 4385 1825 4436; x_wconf 85' lang='lat' dir='ltr'>ad</span> <span class='ocrx_word' id='word_1_457' title='bbox 1842 4391 2147 4434; x_wconf 78' lang='lat' dir='ltr'>nocturnum</span> <span class='ocrx_word' id='word_1_458' title='bbox 2168 4384 2257 4434; x_wconf 79' lang='lat' dir='ltr'>iste</span> <span class='ocrx_word' id='word_1_459' title='bbox 2268 4389 2347 4449; x_wconf 68' lang='lat' dir='ltr'>pf.</span> <span class='ocrx_word' id='word_1_460' title='bbox 2379 4393 2409 4449; x_wconf 80' lang='grc'><strong><em>5</em></strong></span> <span class='ocrx_word' id='word_1_461' title='bbox 2428 4401 2448 4434; x_wconf 87' lang='grc'>.·</span> <span class='ocrx_word' id='word_1_462' title='bbox 2472 4383 2542 4434; x_wconf 79' lang='lat' dir='ltr'>E.</span> <span class='ocrx_word' id='word_1_463' title='bbox 2556 4383 2615 4434; x_wconf 85' lang='lat' dir='ltr'>G.</span> 
     </span>
    </p>
   </div>
  </div>
 </body>
</html>
