<?xml version="1.0" encoding="UTF-8"?>
<!DOCTYPE html PUBLIC "-//W3C//DTD XHTML 1.0 Transitional//EN"
    "http://www.w3.org/TR/xhtml1/DTD/xhtml1-transitional.dtd">
<html xmlns="http://www.w3.org/1999/xhtml" xml:lang="en" lang="en">
 <head>
  <title>
</title>
<meta http-equiv="Content-Type" content="text/html;charset=utf-8" />
  <meta name='ocr-system' content='tesseract 3.04.00' />
  <meta name='ocr-capabilities' content='ocr_page ocr_carea ocr_par ocr_line ocrx_word'/>
</head>
<body>
  <div class='ocr_page' id='page_1' title='image "./publicationssur05unkngoog_0202.png"; bbox 0 0 3375 5100; ppageno 0'>
   <div class='ocr_carea' id='block_1_1' title="bbox 1300 367 1879 423">
    <p class='ocr_par' dir='ltr' id='par_1_1' title="bbox 1300 367 1879 423">
     <span class='ocr_line' id='line_1_1' title="bbox 1300 367 1879 423; baseline 0.002 -1"><span class='ocrx_word' id='word_1_1' title='bbox 1300 368 1405 423; x_wconf 87' lang='lat' dir='ltr'><strong>IN</strong></span> <span class='ocrx_word' id='word_1_2' title='bbox 1444 367 1879 423; x_wconf 85' lang='lat' dir='ltr'><em>PASSIONF.</em></span> 
     </span>
    </p>
   </div>
   <div class='ocr_carea' id='block_1_2' title="bbox 914 475 1070 534">
    <p class='ocr_par' dir='ltr' id='par_1_2' title="bbox 914 475 1070 534">
     <span class='ocr_line' id='line_1_2' title="bbox 914 475 1070 534; baseline -0.006 -1"><span class='ocrx_word' id='word_1_3' title='bbox 914 475 1070 534; x_wconf 75' lang='lat'><strong>349</strong></span> 
     </span>
    </p>
   </div>
   <div class='ocr_carea' id='block_1_3' title="bbox 376 581 1594 4294">
    <p class='ocr_par' dir='ltr' id='par_1_3' title="bbox 376 581 1594 4294">
     <span class='ocr_line' id='line_1_3' title="bbox 382 581 1573 666; baseline -0.003 -18"><span class='ocrx_word' id='word_1_4' title='bbox 382 584 569 648; x_wconf 91' lang='lat' dir='ltr'><strong>nullo</strong></span> <span class='ocrx_word' id='word_1_5' title='bbox 626 583 849 648; x_wconf 90' lang='lat' dir='ltr'><strong>studio</strong></span> <span class='ocrx_word' id='word_1_6' title='bbox 918 585 987 648; x_wconf 89' lang='lat' dir='ltr'><strong>in</strong></span> <span class='ocrx_word' id='word_1_7' title='bbox 1055 601 1253 666; x_wconf 88' lang='lat' dir='ltr'><strong>opere</strong></span> <span class='ocrx_word' id='word_1_8' title='bbox 1313 581 1573 647; x_wconf 90' lang='lat' dir='ltr'><strong>mittere</strong></span> 
     </span>
     <span class='ocr_line' id='line_1_4' title="bbox 384 672 1575 755; baseline -0.003 -18"><span class='ocrx_word' id='word_1_9' title='bbox 384 683 664 737; x_wconf 88' lang='lat' dir='ltr'><strong>conatur</strong></span> <span class='ocrx_word' id='word_1_10' title='bbox 742 672 1039 755; x_wconf 91' lang='lat' dir='ltr'><strong>profecto</strong></span> <span class='ocrx_word' id='word_1_11' title='bbox 1120 693 1192 736; x_wconf 91' lang='lat' dir='ltr'><strong>se</strong></span> <span class='ocrx_word' id='word_1_12' title='bbox 1274 692 1363 734; x_wconf 89' lang='lat' dir='ltr'><strong>ex</strong></span> <span class='ocrx_word' id='word_1_13' title='bbox 1446 673 1575 735; x_wconf 92' lang='lat' dir='ltr'><strong>deo</strong></span> 
     </span>
     <span class='ocr_line' id='line_1_5' title="bbox 384 759 1574 842; baseline -0.002 -18"><span class='ocrx_word' id='word_1_14' title='bbox 384 783 517 826; x_wconf 92' lang='lat' dir='ltr'><strong>non</strong></span> <span class='ocrx_word' id='word_1_15' title='bbox 607 781 750 826; x_wconf 90' lang='lat' dir='ltr'><strong>esse</strong></span> <span class='ocrx_word' id='word_1_16' title='bbox 842 760 1239 824; x_wconf 88' lang='lat' dir='ltr'><strong>manifestat.</strong></span> <span class='ocrx_word' id='word_1_17' title='bbox 1372 759 1574 842; x_wconf 90' lang='lat' dir='ltr'><strong>Quod</strong></span> 
     </span>
     <span class='ocr_line' id='line_1_6' title="bbox 384 848 1571 913; baseline -0.003 0"><span class='ocrx_word' id='word_1_18' title='bbox 384 852 562 913; x_wconf 83' lang='lat' dir='ltr'><strong>enirn</strong></span> <span class='ocrx_word' id='word_1_19' title='bbox 660 849 968 913; x_wconf 88' lang='lat' dir='ltr'><strong>dominus</strong></span> <span class='ocrx_word' id='word_1_20' title='bbox 1058 848 1330 912; x_wconf 88' lang='lat' dir='ltr'><strong>verbum</strong></span> <span class='ocrx_word' id='word_1_21' title='bbox 1422 849 1571 911; x_wconf 88' lang='lat' dir='ltr'><strong>dei¹</strong></span> 
     </span>
     <span class='ocr_line' id='line_1_7' title="bbox 376 936 1576 1020; baseline -0.002 -19"><span class='ocrx_word' id='word_1_22' title='bbox 376 938 598 1020; x_wconf 90' lang='lat' dir='ltr'><strong>judeis</strong></span> <span class='ocrx_word' id='word_1_23' title='bbox 670 947 954 1001; x_wconf 89' lang='lat' dir='ltr'><strong>testatur</strong></span> <span class='ocrx_word' id='word_1_24' title='bbox 1026 937 1205 1019; x_wconf 90' lang='lat' dir='ltr'><strong>quod</strong></span> <span class='ocrx_word' id='word_1_25' title='bbox 1281 957 1370 999; x_wconf 89' lang='lat' dir='ltr'><strong>ex</strong></span> <span class='ocrx_word' id='word_1_26' title='bbox 1446 936 1576 1000; x_wconf 90' lang='lat' dir='ltr'><strong>deo</strong></span> 
     </span>
     <span class='ocr_line' id='line_1_8' title="bbox 384 1025 1574 1108; baseline -0.002 -19"><span class='ocrx_word' id='word_1_27' title='bbox 384 1047 519 1090; x_wconf 89' lang='lat' dir='ltr'><strong>non</strong></span> <span class='ocrx_word' id='word_1_28' title='bbox 579 1035 843 1090; x_wconf 86' lang='lat' dir='ltr'><strong>essent:</strong></span> <span class='ocrx_word' id='word_1_29' title='bbox 912 1026 1035 1108; x_wconf 89' lang='lat' dir='ltr'><strong>ipsi</strong></span> <span class='ocrx_word' id='word_1_30' title='bbox 1088 1027 1174 1089; x_wconf 90' lang='lat' dir='ltr'><strong>de</strong></span> <span class='ocrx_word' id='word_1_31' title='bbox 1226 1025 1574 1107; x_wconf 75' lang='lat' dir='ltr'><strong>se&#39;operi-</strong></span> 
     </span>
     <span class='ocr_line' id='line_1_9' title="bbox 382 1114 1577 1178; baseline -0.002 0"><span class='ocrx_word' id='word_1_32' title='bbox 382 1115 508 1178; x_wconf 87' lang='lat' dir='ltr'><strong>bus</strong></span> <span class='ocrx_word' id='word_1_33' title='bbox 541 1115 965 1178; x_wconf 89' lang='lat' dir='ltr'><strong>manifestant</strong></span> <span class='ocrx_word' id='word_1_34' title='bbox 996 1115 1289 1178; x_wconf 90' lang='lat' dir='ltr'><strong>dicentes</strong></span> <span class='ocrx_word' id='word_1_35' title='bbox 1318 1135 1332 1178; x_wconf 93' lang='lat'><strong>:</strong></span> <span class='ocrx_word' id='word_1_36' title='bbox 1391 1114 1453 1176; x_wconf 94' lang='lat' dir='ltr'>N</span> <span class='ocrx_word' id='word_1_37' title='bbox 1459 1133 1577 1177; x_wconf 89' lang='lat' dir='ltr'><strong>on-</strong></span> 
     </span>
     <span class='ocr_line' id='line_1_10' title="bbox 381 1202 1579 1284; baseline -0.003 -17"><span class='ocrx_word' id='word_1_38' title='bbox 381 1223 469 1267; x_wconf 92' lang='lat' dir='ltr'><strong>ne</strong></span> <span class='ocrx_word' id='word_1_39' title='bbox 513 1203 684 1266; x_wconf 91' lang='lat' dir='ltr'><strong>bene</strong></span> <span class='ocrx_word' id='word_1_40' title='bbox 742 1203 1019 1266; x_wconf 83' lang='lat' dir='ltr'>dicimus</span> <span class='ocrx_word' id='word_1_41' title='bbox 1072 1203 1237 1265; x_wconf 79' lang='lat' dir='ltr'><strong>nos³</strong></span> <span class='ocrx_word' id='word_1_42' title='bbox 1271 1202 1427 1284; x_wconf 90' lang='lat' dir='ltr'><strong>quia</strong></span> <span class='ocrx_word' id='word_1_43' title='bbox 1474 1223 1579 1265; x_wconf 90' lang='lat' dir='ltr'><strong>sa-</strong></span> 
     </span>
     <span class='ocr_line' id='line_1_11' title="bbox 382 1290 1575 1355; baseline -0.001 0"><span class='ocrx_word' id='word_1_44' title='bbox 382 1293 747 1355; x_wconf 89' lang='lat' dir='ltr'><strong>maritanus</strong></span> <span class='ocrx_word' id='word_1_45' title='bbox 791 1311 863 1355; x_wconf 88' lang='lat' dir='ltr'><strong>es</strong></span> <span class='ocrx_word' id='word_1_46' title='bbox 910 1299 1023 1354; x_wconf 68' lang='lat' dir='ltr'><strong>tut</strong></span> <span class='ocrx_word' id='word_1_47' title='bbox 1081 1299 1150 1355; x_wconf 94' lang='lat' dir='ltr'><strong>et</strong></span> <span class='ocrx_word' id='word_1_48' title='bbox 1192 1290 1575 1354; x_wconf 90' lang='lat' dir='ltr'><strong>demonium</strong></span> 
     </span>
     <span class='ocr_line' id='line_1_12' title="bbox 384 1378 1577 1461; baseline -0.003 -17"><span class='ocrx_word' id='word_1_49' title='bbox 384 1380 605 1444; x_wconf 81' lang='lat' dir='ltr'><strong>habes,</strong></span> <span class='ocrx_word' id='word_1_50' title='bbox 699 1378 1154 1445; x_wconf 83' lang='lat' dir='ltr'><strong>Samaritanus</strong></span> <span class='ocrx_word' id='word_1_51' title='bbox 1196 1379 1443 1461; x_wconf 88' lang='lat' dir='ltr'>quippe</span> <span class='ocrx_word' id='word_1_52' title='bbox 1478 1379 1577 1441; x_wconf 90' lang='lat' dir='ltr'><strong>in-</strong></span> 
     </span>
     <span class='ocr_line' id='line_1_13' title="bbox 383 1467 1576 1551; baseline -0.003 -18"><span class='ocrx_word' id='word_1_53' title='bbox 383 1477 783 1551; x_wconf 80' lang='lat' dir='ltr'><strong>terpretatur</strong></span> <span class='ocrx_word' id='word_1_54' title='bbox 810 1477 1049 1531; x_wconf 78' lang='lat' dir='ltr'><strong>custOS.</strong></span> <span class='ocrx_word' id='word_1_55' title='bbox 1104 1467 1217 1531; x_wconf 85' lang='lat' dir='ltr'><strong>Re.</strong></span> <span class='ocrx_word' id='word_1_56' title='bbox 1262 1467 1367 1530; x_wconf 90' lang='lat' dir='ltr'><strong>Ne</strong></span> <span class='ocrx_word' id='word_1_57' title='bbox 1396 1486 1576 1530; x_wconf 87' lang='lat' dir='ltr'><strong>aver-</strong></span> 
     </span>
     <span class='ocr_line' id='line_1_14' title="bbox 384 1557 1579 1638; baseline -0.002 -18"><span class='ocrx_word' id='word_1_58' title='bbox 384 1567 491 1620; x_wconf 86' lang='lat' dir='ltr'><strong>tas</strong></span> <span class='ocrx_word' id='word_1_59' title='bbox 550 1557 787 1620; x_wconf 89' lang='lat' dir='ltr'><strong>faciem</strong></span> <span class='ocrx_word' id='word_1_60' title='bbox 849 1566 1036 1620; x_wconf 89' lang='lat' dir='ltr'><strong>tuam</strong></span> <span class='ocrx_word' id='word_1_61' title='bbox 1095 1577 1136 1620; x_wconf 90' lang='lat' dir='ltr'><strong>a</strong></span> <span class='ocrx_word' id='word_1_62' title='bbox 1188 1576 1393 1638; x_wconf 88' lang='lat' dir='ltr'><strong>puero</strong></span> <span class='ocrx_word' id='word_1_63' title='bbox 1460 1563 1579 1619; x_wconf 93' lang='lat' dir='ltr'><strong>tuo</strong></span> 
     </span>
     <span class='ocr_line' id='line_1_15' title="bbox 385 1643 1577 1728; baseline -0.001 -20"><span class='ocrx_word' id='word_1_64' title='bbox 385 1646 672 1710; x_wconf 88' lang='lat' dir='ltr'><strong>domine.</strong></span> <span class='ocrx_word' id='word_1_65' title='bbox 764 1643 1099 1728; x_wconf 82' lang='lat' dir='ltr'><strong>Quoniam</strong></span> <span class='ocrx_word' id='word_1_66' title='bbox 1146 1643 1425 1708; x_wconf 89' lang='lat' dir='ltr'><strong>tribulor</strong></span> <span class='ocrx_word' id='word_1_67' title='bbox 1467 1665 1577 1708; x_wconf 93' lang='lat' dir='ltr'><strong>ve-</strong></span> 
     </span>
     <span class='ocr_line' id='line_1_16' title="bbox 386 1733 1579 1819; baseline 0 -23"><span class='ocrx_word' id='word_1_68' title='bbox 386 1733 618 1798; x_wconf 89' lang='lat' dir='ltr'><strong>lociter</strong></span> <span class='ocrx_word' id='word_1_69' title='bbox 646 1734 891 1797; x_wconf 85' lang='lat' dir='ltr'><strong>exaudi</strong></span> <span class='ocrx_word' id='word_1_70' title='bbox 924 1753 1045 1797; x_wconf 89' lang='lat' dir='ltr'><strong>me.</strong></span> <span class='ocrx_word' id='word_1_71' title='bbox 1133 1750 1181 1819; x_wconf 67' lang='lat'>7</span> <span class='ocrx_word' id='word_1_72' title='bbox 1228 1733 1430 1814; x_wconf 88' lang='lat' dir='ltr'><strong>Eripe</strong></span> <span class='ocrx_word' id='word_1_73' title='bbox 1470 1752 1579 1796; x_wconf 91' lang='lat' dir='ltr'><strong>me</strong></span> 
     </span>
     <span class='ocr_line' id='line_1_17' title="bbox 386 1820 1580 1886; baseline -0.002 0"><span class='ocrx_word' id='word_1_74' title='bbox 386 1823 656 1886; x_wconf 87' lang='lat' dir='ltr'><strong>domine</strong></span> <span class='ocrx_word' id='word_1_75' title='bbox 687 1822 772 1885; x_wconf 92' lang='lat' dir='ltr'><strong>ab</strong></span> <span class='ocrx_word' id='word_1_76' title='bbox 802 1821 1069 1885; x_wconf 90' lang='lat' dir='ltr'><strong>homine</strong></span> <span class='ocrx_word' id='word_1_77' title='bbox 1100 1820 1315 1884; x_wconf 86' lang='lat' dir='ltr'><strong>malo:</strong></span> <span class='ocrx_word' id='word_1_78' title='bbox 1358 1842 1399 1885; x_wconf 89' lang='lat' dir='ltr'><strong>a</strong></span> <span class='ocrx_word' id='word_1_79' title='bbox 1438 1821 1580 1884; x_wconf 89' lang='lat' dir='ltr'><strong>viro</strong></span> 
     </span>
     <span class='ocr_line' id='line_1_18' title="bbox 382 1909 1449 1993; baseline 0 -19"><span class='ocrx_word' id='word_1_80' title='bbox 382 1913 613 1993; x_wconf 87' lang='lat' dir='ltr'><strong>iniquo</strong></span> <span class='ocrx_word' id='word_1_81' title='bbox 646 1911 851 1974; x_wconf 90' lang='lat' dir='ltr'><strong>libera</strong></span> <span class='ocrx_word' id='word_1_82' title='bbox 883 1930 1004 1974; x_wconf 90' lang='lat' dir='ltr'><strong>me.</strong></span> <span class='ocrx_word' id='word_1_83' title='bbox 1097 1909 1449 1993; x_wconf 83' lang='lat' dir='ltr'><strong>Quoniam.</strong></span> 
     </span>
     <span class='ocr_line' id='line_1_19' title="bbox 385 1996 1577 2132; baseline -0.001 -70"><span class='ocrx_word' id='word_1_84' title='bbox 385 2000 789 2132; x_wconf 83' lang='lat' dir='ltr'><strong>Negavit</strong></span> <span class='ocrx_word' id='word_1_85' title='bbox 834 1999 1010 2062; x_wconf 89' lang='lat' dir='ltr'><strong>enim</strong></span> <span class='ocrx_word' id='word_1_86' title='bbox 1055 2000 1173 2062; x_wconf 92' lang='lat' dir='ltr'><strong>do·</strong></span> <span class='ocrx_word' id='word_1_87' title='bbox 1219 1997 1454 2082; x_wconf 84' lang='lat' dir='ltr'><strong>[Lectio</strong></span> <span class='ocrx_word' id='word_1_88' title='bbox 1495 1996 1577 2062; x_wconf 77' lang='lat' dir='ltr'><strong>ix.</strong></span> 
     </span>
     <span class='ocr_line' id='line_1_20' title="bbox 569 2085 1579 2151; baseline -0.002 0"><span class='ocrx_word' id='word_1_89' title='bbox 569 2088 787 2151; x_wconf 89' lang='lat' dir='ltr'><strong>minus</strong></span> <span class='ocrx_word' id='word_1_90' title='bbox 862 2087 1248 2150; x_wconf 89' lang='lat' dir='ltr'><strong>demonium</strong></span> <span class='ocrx_word' id='word_1_91' title='bbox 1322 2105 1394 2149; x_wconf 90' lang='lat' dir='ltr'><strong>se</strong></span> <span class='ocrx_word' id='word_1_92' title='bbox 1463 2085 1579 2150; x_wconf 89' lang='lat' dir='ltr'><strong>ha-</strong></span> 
     </span>
     <span class='ocr_line' id='line_1_21' title="bbox 386 2175 1579 2257; baseline -0.002 -18"><span class='ocrx_word' id='word_1_93' title='bbox 386 2176 584 2239; x_wconf 90' lang='lat' dir='ltr'><strong>bere:</strong></span> <span class='ocrx_word' id='word_1_94' title='bbox 646 2177 763 2239; x_wconf 90' lang='lat' dir='ltr'><strong>sed</strong></span> <span class='ocrx_word' id='word_1_95' title='bbox 818 2195 948 2238; x_wconf 90' lang='lat' dir='ltr'><strong>non</strong></span> <span class='ocrx_word' id='word_1_96' title='bbox 1010 2175 1277 2257; x_wconf 88' lang='lat' dir='ltr'><strong>negavit</strong></span> <span class='ocrx_word' id='word_1_97' title='bbox 1336 2195 1407 2238; x_wconf 89' lang='lat' dir='ltr'><strong>se</strong></span> <span class='ocrx_word' id='word_1_98' title='bbox 1476 2195 1579 2237; x_wconf 91' lang='lat' dir='ltr'><strong>sa-</strong></span> 
     </span>
     <span class='ocr_line' id='line_1_22' title="bbox 388 2265 1580 2345; baseline -0.001 -18"><span class='ocrx_word' id='word_1_99' title='bbox 388 2265 787 2327; x_wconf 87' lang='lat' dir='ltr'><strong>maritanum</strong></span> <span class='ocrx_word' id='word_1_100' title='bbox 839 2284 1025 2328; x_wconf 86' lang='lat' dir='ltr'><strong>esse:</strong></span> <span class='ocrx_word' id='word_1_101' title='bbox 1094 2265 1250 2345; x_wconf 91' lang='lat' dir='ltr'><strong>quia</strong></span> <span class='ocrx_word' id='word_1_102' title='bbox 1308 2273 1580 2326; x_wconf 90' lang='lat' dir='ltr'><strong>noverat</strong></span> 
     </span>
     <span class='ocr_line' id='line_1_23' title="bbox 384 2351 1579 2416; baseline -0.002 0"><span class='ocrx_word' id='word_1_103' title='bbox 384 2373 460 2416; x_wconf 87' lang='lat' dir='ltr'><strong>se</strong></span> <span class='ocrx_word' id='word_1_104' title='bbox 492 2361 789 2416; x_wconf 90' lang='lat' dir='ltr'><strong>nostrum</strong></span> <span class='ocrx_word' id='word_1_105' title='bbox 814 2351 1157 2415; x_wconf 88' lang='lat' dir='ltr'><strong>custodem</strong></span> <span class='ocrx_word' id='word_1_106' title='bbox 1184 2371 1341 2415; x_wconf 91' lang='lat' dir='ltr'><strong>esse.</strong></span> <span class='ocrx_word' id='word_1_107' title='bbox 1402 2352 1579 2414; x_wconf 91' lang='lat' dir='ltr'><strong>Nam</strong></span> 
     </span>
     <span class='ocr_line' id='line_1_24' title="bbox 384 2440 1582 2524; baseline -0.002 -20"><span class='ocrx_word' id='word_1_108' title='bbox 384 2462 556 2524; x_wconf 90' lang='lat' dir='ltr'><strong>quos</strong></span> <span class='ocrx_word' id='word_1_109' title='bbox 620 2461 736 2523; x_wconf 89' lang='lat' dir='ltr'><strong>per</strong></span> <span class='ocrx_word' id='word_1_110' title='bbox 795 2441 1309 2523; x_wconf 87' lang='lat' dir='ltr'><strong>increpationem</strong></span> <span class='ocrx_word' id='word_1_111' title='bbox 1383 2440 1582 2502; x_wconf 90' lang='lat' dir='ltr'><strong>corri-</strong></span> 
     </span>
     <span class='ocr_line' id='line_1_25' title="bbox 388 2528 1581 2613; baseline 0 -20"><span class='ocrx_word' id='word_1_112' title='bbox 388 2550 543 2613; x_wconf 86' lang='lat' dir='ltr'><strong>gere</strong></span> <span class='ocrx_word' id='word_1_113' title='bbox 594 2549 726 2594; x_wconf 92' lang='lat' dir='ltr'><strong>non</strong></span> <span class='ocrx_word' id='word_1_114' title='bbox 768 2529 1083 2594; x_wconf 86' lang='lat' dir='ltr'><strong>valebat:</strong></span> <span class='ocrx_word' id='word_1_115' title='bbox 1130 2528 1373 2593; x_wconf 89' lang='lat' dir='ltr'><strong>blanda</strong></span> <span class='ocrx_word' id='word_1_116' title='bbox 1432 2549 1581 2611; x_wconf 85' lang='lat' dir='ltr'><strong>pro·</strong></span> 
     </span>
     <span class='ocr_line' id='line_1_26' title="bbox 386 2619 1583 2701; baseline -0.002 -19"><span class='ocrx_word' id='word_1_117' title='bbox 386 2620 702 2682; x_wconf 89' lang='lat' dir='ltr'><strong>missione</strong></span> <span class='ocrx_word' id='word_1_118' title='bbox 732 2619 818 2682; x_wconf 89' lang='lat' dir='ltr'><strong>ad</strong></span> <span class='ocrx_word' id='word_1_119' title='bbox 848 2619 1307 2701; x_wconf 86' lang='lat' dir='ltr'><strong>corrigendum</strong></span> <span class='ocrx_word' id='word_1_120' title='bbox 1350 2637 1583 2700; x_wconf 86' lang='lat' dir='ltr'><strong>provo·</strong></span> 
     </span>
     <span class='ocr_line' id='line_1_27' title="bbox 390 2707 1584 2772; baseline -0.003 0"><span class='ocrx_word' id='word_1_121' title='bbox 390 2708 546 2772; x_wconf 86' lang='lat' dir='ltr'><strong>cat⁴</strong></span> <span class='ocrx_word' id='word_1_122' title='bbox 578 2708 847 2771; x_wconf 90' lang='lat' dir='ltr'><strong>dicens:</strong></span> <span class='ocrx_word' id='word_1_123' title='bbox 910 2707 1134 2770; x_wconf 90' lang='lat' dir='ltr'><strong>Amen</strong></span> <span class='ocrx_word' id='word_1_124' title='bbox 1191 2726 1386 2770; x_wconf 89' lang='lat' dir='ltr'><strong>amen</strong></span> <span class='ocrx_word' id='word_1_125' title='bbox 1435 2707 1584 2769; x_wconf 93' lang='lat' dir='ltr'><strong>dico</strong></span> 
     </span>
     <span class='ocr_line' id='line_1_28' title="bbox 388 2796 1583 2878; baseline -0.002 -19"><span class='ocrx_word' id='word_1_126' title='bbox 388 2797 621 2860; x_wconf 89' lang='lat' dir='ltr'><strong>vobis:</strong></span> <span class='ocrx_word' id='word_1_127' title='bbox 666 2797 721 2859; x_wconf 90' lang='lat' dir='ltr'><strong>si</strong></span> <span class='ocrx_word' id='word_1_128' title='bbox 767 2796 914 2878; x_wconf 90' lang='lat' dir='ltr'><strong>quis</strong></span> <span class='ocrx_word' id='word_1_129' title='bbox 958 2816 1328 2859; x_wconf 89' lang='lat' dir='ltr'><strong>sermonem</strong></span> <span class='ocrx_word' id='word_1_130' title='bbox 1362 2813 1583 2857; x_wconf 88' lang='lat' dir='ltr'><strong>meum</strong></span> 
     </span>
     <span class='ocr_line' id='line_1_29' title="bbox 384 2883 1585 2949; baseline -0.001 -2"><span class='ocrx_word' id='word_1_131' title='bbox 384 2885 779 2949; x_wconf 85' lang='lat' dir='ltr'><strong>servaverit:</strong></span> <span class='ocrx_word' id='word_1_132' title='bbox 826 2893 1107 2947; x_wconf 88' lang='lat' dir='ltr'><strong>mortem</strong></span> <span class='ocrx_word' id='word_1_133' title='bbox 1165 2902 1297 2946; x_wconf 91' lang='lat' dir='ltr'><strong>non</strong></span> <span class='ocrx_word' id='word_1_134' title='bbox 1333 2883 1585 2947; x_wconf 88' lang='lat' dir='ltr'><strong>videbit</strong></span> 
     </span>
     <span class='ocr_line' id='line_1_30' title="bbox 390 2972 1585 3036; baseline -0.001 0"><span class='ocrx_word' id='word_1_135' title='bbox 390 2974 457 3036; x_wconf 90' lang='lat' dir='ltr'><strong>in</strong></span> <span class='ocrx_word' id='word_1_136' title='bbox 490 2982 807 3036; x_wconf 89' lang='lat' dir='ltr'><strong>eternum.</strong></span> <span class='ocrx_word' id='word_1_137' title='bbox 880 2972 1037 3036; x_wconf 89' lang='lat' dir='ltr'><strong>Alia</strong></span> <span class='ocrx_word' id='word_1_138' title='bbox 1068 2980 1168 3035; x_wconf 88' lang='lat' dir='ltr'><strong>est</strong></span> <span class='ocrx_word' id='word_1_139' title='bbox 1199 2972 1376 3035; x_wconf 87' lang='lat' dir='ltr'><strong>enim</strong></span> <span class='ocrx_word' id='word_1_140' title='bbox 1408 2992 1585 3035; x_wconf 88' lang='lat' dir='ltr'><strong>mors</strong></span> 
     </span>
     <span class='ocr_line' id='line_1_31' title="bbox 388 3060 1586 3143; baseline -0.003 -18"><span class='ocrx_word' id='word_1_141' title='bbox 388 3062 611 3125; x_wconf 86' lang='lat' dir='ltr'><strong>anime</strong></span> <span class='ocrx_word' id='word_1_142' title='bbox 653 3070 720 3126; x_wconf 90' lang='lat' dir='ltr'><strong>et</strong></span> <span class='ocrx_word' id='word_1_143' title='bbox 752 3060 880 3125; x_wconf 89' lang='lat' dir='ltr'><strong>alia</strong></span> <span class='ocrx_word' id='word_1_144' title='bbox 926 3061 1233 3143; x_wconf 80' lang='lat' dir='ltr'><strong>corporiS.</strong></span> <span class='ocrx_word' id='word_1_145' title='bbox 1333 3060 1586 3123; x_wconf 89' lang='lat' dir='ltr'><strong>Anima</strong></span> 
     </span>
     <span class='ocr_line' id='line_1_32' title="bbox 388 3149 1585 3231; baseline -0.002 -18"><span class='ocrx_word' id='word_1_146' title='bbox 388 3170 547 3213; x_wconf 89' lang='lat' dir='ltr'><strong>vero</strong></span> <span class='ocrx_word' id='word_1_147' title='bbox 578 3149 807 3213; x_wconf 87' lang='lat' dir='ltr'><strong>fratres</strong></span> <span class='ocrx_word' id='word_1_148' title='bbox 850 3170 967 3231; x_wconf 89' lang='lat' dir='ltr'><strong>per</strong></span> <span class='ocrx_word' id='word_1_149' title='bbox 996 3157 1344 3231; x_wconf 89' lang='lat' dir='ltr'><strong>peccatum</strong></span> <span class='ocrx_word' id='word_1_150' title='bbox 1393 3149 1585 3211; x_wconf 89' lang='lat' dir='ltr'><strong>mori—</strong></span> 
     </span>
     <span class='ocr_line' id='line_1_33' title="bbox 388 3241 1582 3320; baseline -0.003 -18"><span class='ocrx_word' id='word_1_151' title='bbox 388 3248 499 3303; x_wconf 87' lang='lat' dir='ltr'><strong>tur</strong></span> <span class='ocrx_word' id='word_1_152' title='bbox 528 3258 765 3320; x_wconf 88' lang='lat' dir='ltr'><strong>corpus</strong></span> <span class='ocrx_word' id='word_1_153' title='bbox 801 3241 1002 3301; x_wconf 90' lang='lat' dir='ltr'><strong>etiam</strong></span> <span class='ocrx_word' id='word_1_154' title='bbox 1046 3246 1314 3320; x_wconf 90' lang='lat' dir='ltr'><strong>propter</strong></span> <span class='ocrx_word' id='word_1_155' title='bbox 1342 3256 1582 3319; x_wconf 88' lang='lat' dir='ltr'><strong>penam</strong></span> 
     </span>
     <span class='ocr_line' id='line_1_34' title="bbox 392 3325 1587 3409; baseline -0.003 -18"><span class='ocrx_word' id='word_1_156' title='bbox 392 3326 663 3409; x_wconf 89' lang='lat' dir='ltr'><strong>peccati.</strong></span> <span class='ocrx_word' id='word_1_157' title='bbox 754 3326 865 3389; x_wconf 85' lang='lat' dir='ltr'><strong>Re.</strong></span> <span class='ocrx_word' id='word_1_158' title='bbox 939 3326 1073 3409; x_wconf 92' lang='lat' dir='ltr'><strong>Qui</strong></span> <span class='ocrx_word' id='word_1_159' title='bbox 1126 3325 1587 3389; x_wconf 87' lang='lat' dir='ltr'><strong>custodiebant</strong></span> 
     </span>
     <span class='ocr_line' id='line_1_35' title="bbox 388 3413 1586 3478; baseline -0.001 -1"><span class='ocrx_word' id='word_1_160' title='bbox 388 3416 684 3478; x_wconf 88' lang='lat' dir='ltr'><strong>animam</strong></span> <span class='ocrx_word' id='word_1_161' title='bbox 734 3435 951 3478; x_wconf 87' lang='lat' dir='ltr'><strong>meam</strong></span> <span class='ocrx_word' id='word_1_162' title='bbox 1019 3414 1367 3478; x_wconf 89' lang='lat' dir='ltr'><strong>consilium</strong></span> <span class='ocrx_word' id='word_1_163' title='bbox 1418 3413 1586 3476; x_wconf 91' lang='lat' dir='ltr'><strong>fece-</strong></span> 
     </span>
     <span class='ocr_line' id='line_1_36' title="bbox 392 3502 1587 3567; baseline -0.002 0"><span class='ocrx_word' id='word_1_164' title='bbox 392 3512 545 3567; x_wconf 89' lang='lat' dir='ltr'><strong>runt</strong></span> <span class='ocrx_word' id='word_1_165' title='bbox 607 3504 673 3566; x_wconf 87' lang='lat' dir='ltr'><strong>in</strong></span> <span class='ocrx_word' id='word_1_166' title='bbox 728 3523 931 3565; x_wconf 90' lang='lat' dir='ltr'><strong>unum</strong></span> <span class='ocrx_word' id='word_1_167' title='bbox 996 3504 1306 3566; x_wconf 67' lang='lat' dir='ltr'><strong>dicentes</strong></span> <span class='ocrx_word' id='word_1_168' title='bbox 1403 3502 1587 3565; x_wconf 91' lang='lat' dir='ltr'><strong>Deus</strong></span> 
     </span>
     <span class='ocr_line' id='line_1_37' title="bbox 388 3590 1588 3675; baseline -0.002 -20"><span class='ocrx_word' id='word_1_169' title='bbox 388 3591 743 3674; x_wconf 88' lang='lat' dir='ltr'><strong>dereliquit</strong></span> <span class='ocrx_word' id='word_1_170' title='bbox 793 3610 943 3654; x_wconf 90' lang='lat' dir='ltr'><strong>eum</strong></span> <span class='ocrx_word' id='word_1_171' title='bbox 1000 3590 1466 3675; x_wconf 87' lang='lat' dir='ltr'><strong>persequimini</strong></span> <span class='ocrx_word' id='word_1_172' title='bbox 1521 3598 1588 3653; x_wconf 92' lang='lat' dir='ltr'><strong>et</strong></span> 
     </span>
     <span class='ocr_line' id='line_1_38' title="bbox 386 3680 1587 3762; baseline -0.002 -19"><span class='ocrx_word' id='word_1_173' title='bbox 386 3680 931 3762; x_wconf 84' lang='lat' dir='ltr'><strong>comprehendite</strong></span> <span class='ocrx_word' id='word_1_174' title='bbox 990 3700 1183 3743; x_wconf 88' lang='lat' dir='ltr'><strong>eum:</strong></span> <span class='ocrx_word' id='word_1_175' title='bbox 1240 3680 1395 3761; x_wconf 90' lang='lat' dir='ltr'><strong>quia</strong></span> <span class='ocrx_word' id='word_1_176' title='bbox 1456 3698 1587 3741; x_wconf 91' lang='lat' dir='ltr'><strong>non</strong></span> 
     </span>
     <span class='ocr_line' id='line_1_39' title="bbox 392 3766 1589 3851; baseline -0.003 -19"><span class='ocrx_word' id='word_1_177' title='bbox 392 3777 498 3833; x_wconf 89' lang='lat' dir='ltr'><strong>est</strong></span> <span class='ocrx_word' id='word_1_178' title='bbox 521 3770 631 3851; x_wconf 90' lang='lat' dir='ltr'><strong>qui</strong></span> <span class='ocrx_word' id='word_1_179' title='bbox 666 3768 898 3832; x_wconf 88' lang='lat' dir='ltr'><strong>liberet</strong></span> <span class='ocrx_word' id='word_1_180' title='bbox 929 3788 1119 3831; x_wconf 89' lang='lat' dir='ltr'><strong>eum:</strong></span> <span class='ocrx_word' id='word_1_181' title='bbox 1160 3768 1325 3830; x_wconf 87' lang='lat' dir='ltr'><strong>deus</strong></span> <span class='ocrx_word' id='word_1_182' title='bbox 1366 3766 1589 3829; x_wconf 76' lang='lat' dir='ltr'><strong>meus⁶</strong></span> 
     </span>
     <span class='ocr_line' id='line_1_40' title="bbox 390 3856 1589 3939; baseline -0.003 -19"><span class='ocrx_word' id='word_1_183' title='bbox 390 3876 479 3921; x_wconf 89' lang='lat' dir='ltr'><strong>ne</strong></span> <span class='ocrx_word' id='word_1_184' title='bbox 511 3856 707 3939; x_wconf 91' lang='lat' dir='ltr'><strong>longe</strong></span> <span class='ocrx_word' id='word_1_185' title='bbox 752 3878 865 3920; x_wconf 89' lang='lat' dir='ltr'><strong>eas</strong></span> <span class='ocrx_word' id='word_1_186' title='bbox 908 3878 949 3919; x_wconf 91' lang='lat' dir='ltr'><strong>a</strong></span> <span class='ocrx_word' id='word_1_187' title='bbox 998 3876 1103 3919; x_wconf 87' lang='lat' dir='ltr'><strong>me</strong></span> <span class='ocrx_word' id='word_1_188' title='bbox 1139 3877 1153 3920; x_wconf 90' lang='lat'><strong>:</strong></span> <span class='ocrx_word' id='word_1_189' title='bbox 1209 3856 1373 3919; x_wconf 90' lang='lat' dir='ltr'><strong>deus</strong></span> <span class='ocrx_word' id='word_1_190' title='bbox 1406 3874 1589 3918; x_wconf 90' lang='lat' dir='ltr'><strong>meus</strong></span> 
     </span>
     <span class='ocr_line' id='line_1_41' title="bbox 390 3945 1591 4030; baseline -0.002 -21"><span class='ocrx_word' id='word_1_191' title='bbox 390 3946 461 4009; x_wconf 88' lang='lat' dir='ltr'><strong>in</strong></span> <span class='ocrx_word' id='word_1_192' title='bbox 496 3946 895 4028; x_wconf 89' lang='lat' dir='ltr'><strong>adjutorium</strong></span> <span class='ocrx_word' id='word_1_193' title='bbox 931 3965 1150 4008; x_wconf 89' lang='lat' dir='ltr'><strong>meum</strong></span> <span class='ocrx_word' id='word_1_194' title='bbox 1194 3945 1475 4008; x_wconf 90' lang='lat' dir='ltr'><strong>intende.</strong></span> <span class='ocrx_word' id='word_1_195' title='bbox 1544 3961 1591 4030; x_wconf 72' lang='lat' dir='ltr'>y</span> 
     </span>
     <span class='ocr_line' id='line_1_42' title="bbox 394 4034 1586 4099; baseline -0.003 0"><span class='ocrx_word' id='word_1_196' title='bbox 394 4034 652 4099; x_wconf 88' lang='lat' dir='ltr'><strong>Omnes</strong></span> <span class='ocrx_word' id='word_1_197' title='bbox 727 4034 970 4098; x_wconf 88' lang='lat' dir='ltr'><strong>inimici</strong></span> <span class='ocrx_word' id='word_1_198' title='bbox 1035 4034 1163 4097; x_wconf 89' lang='lat' dir='ltr'><strong>mei</strong></span> <span class='ocrx_word' id='word_1_199' title='bbox 1239 4034 1586 4097; x_wconf 89' lang='lat' dir='ltr'><strong>adversum</strong></span> 
     </span>
     <span class='ocr_line' id='line_1_43' title="bbox 393 4120 1589 4205; baseline -0.002 -19"><span class='ocrx_word' id='word_1_200' title='bbox 393 4143 505 4186; x_wconf 88' lang='lat' dir='ltr'><strong>me</strong></span> <span class='ocrx_word' id='word_1_201' title='bbox 551 4122 936 4205; x_wconf 84' lang='lat' dir='ltr'><strong>cogitabant</strong></span> <span class='ocrx_word' id='word_1_202' title='bbox 980 4122 1154 4185; x_wconf 87' lang='lat' dir='ltr'><strong>mala</strong></span> <span class='ocrx_word' id='word_1_203' title='bbox 1202 4120 1401 4186; x_wconf 88' lang='lat' dir='ltr'><strong>mihi:</strong></span> <span class='ocrx_word' id='word_1_204' title='bbox 1444 4142 1589 4185; x_wconf 86' lang='lat' dir='ltr'><strong>ver-</strong></span> 
     </span>
     <span class='ocr_line' id='line_1_44' title="bbox 394 4210 1594 4294; baseline -0.002 -19"><span class='ocrx_word' id='word_1_205' title='bbox 394 4212 555 4275; x_wconf 90' lang='lat' dir='ltr'><strong>bum</strong></span> <span class='ocrx_word' id='word_1_206' title='bbox 604 4211 899 4294; x_wconf 90' lang='lat' dir='ltr'><strong>iniquum</strong></span> <span class='ocrx_word' id='word_1_207' title='bbox 950 4212 1429 4275; x_wconf 90' lang='lat' dir='ltr'><strong>mandaverunt</strong></span> <span class='ocrx_word' id='word_1_208' title='bbox 1476 4210 1594 4273; x_wconf 92' lang='lat' dir='ltr'><strong>ad-</strong></span> 
     </span>
    </p>
   </div>
   <div class='ocr_carea' id='block_1_4' title="bbox 390 4299 1595 4576">
    <p class='ocr_par' dir='ltr' id='par_1_4' title="bbox 390 4299 1595 4576">
     <span class='ocr_line' id='line_1_45' title="bbox 390 4299 1592 4364; baseline -0.002 -1"><span class='ocrx_word' id='word_1_209' title='bbox 390 4322 657 4364; x_wconf 88' lang='lat' dir='ltr'><strong>versum</strong></span> <span class='ocrx_word' id='word_1_210' title='bbox 690 4322 798 4364; x_wconf 89' lang='lat' dir='ltr'><strong>me</strong></span> <span class='ocrx_word' id='word_1_211' title='bbox 845 4301 1157 4363; x_wconf 90' lang='lat' dir='ltr'><strong>dicentes.</strong></span> <span class='ocrx_word' id='word_1_212' title='bbox 1250 4299 1435 4362; x_wconf 90' lang='lat' dir='ltr'><strong>Deus</strong></span> <span class='ocrx_word' id='word_1_213' title='bbox 1478 4299 1592 4361; x_wconf 93' lang='lat' dir='ltr'><strong>de-</strong></span> 
     </span>
     <span class='ocr_line' id='line_1_46' title="bbox 394 4388 1595 4473; baseline -0.003 -20"><span class='ocrx_word' id='word_1_214' title='bbox 394 4389 675 4473; x_wconf 88' lang='lat' dir='ltr'><strong>reliquit.</strong></span> <span class='ocrx_word' id='word_1_215' title='bbox 769 4390 907 4453; x_wconf 84' lang='lat' dir='ltr'><strong>Hec</strong></span> <span class='ocrx_word' id='word_1_216' title='bbox 988 4388 1415 4471; x_wconf 70' lang='lat' dir='ltr'><strong>Responsoria</strong></span> <span class='ocrx_word' id='word_1_217' title='bbox 1475 4407 1595 4470; x_wconf 84' lang='lat' dir='ltr'><strong>que</strong></span> 
     </span>
     <span class='ocr_line' id='line_1_47' title="bbox 632 4524 1042 4576; baseline -0.002 -2"><span class='ocrx_word' id='word_1_218' title='bbox 632 4527 644 4555; x_wconf 88' lang='lat'><strong>¹</strong></span> <span class='ocrx_word' id='word_1_219' title='bbox 682 4526 780 4575; x_wconf 83' lang='lat' dir='ltr'><strong>de:</strong></span> <span class='ocrx_word' id='word_1_220' title='bbox 817 4524 1042 4576; x_wconf 87' lang='lat' dir='ltr'><strong>E.G.W.</strong></span> 
     </span>
    </p>
   </div>
   <div class='ocr_carea' id='block_1_5' title="bbox 830 4590 1387 4655">
    <p class='ocr_par' dir='ltr' id='par_1_5' title="bbox 830 4590 1387 4655">
     <span class='ocr_line' id='line_1_48' title="bbox 830 4590 1387 4655; baseline 0.004 -16"><span class='ocrx_word' id='word_1_221' title='bbox 830 4595 849 4622; x_wconf 82' lang='lat'><strong>⁴</strong></span> <span class='ocrx_word' id='word_1_222' title='bbox 880 4590 1181 4655; x_wconf 81' lang='lat' dir='ltr'><strong>provocabat</strong></span> <span class='ocrx_word' id='word_1_223' title='bbox 1208 4608 1219 4639; x_wconf 90' lang='lat'><strong>:</strong></span> <span class='ocrx_word' id='word_1_224' title='bbox 1256 4591 1387 4641; x_wconf 88' lang='lat' dir='ltr'><strong>E.G.</strong></span> 
     </span>
    </p>
   </div>
   <div class='ocr_carea' id='block_1_6' title="bbox 1396 4522 1801 4574">
    <p class='ocr_par' dir='ltr' id='par_1_6' title="bbox 1396 4522 1801 4574">
     <span class='ocr_line' id='line_1_49' title="bbox 1396 4522 1801 4574; baseline 0.002 -1"><span class='ocrx_word' id='word_1_225' title='bbox 1396 4524 1419 4554; x_wconf 79' lang='lat'>²</span> <span class='ocrx_word' id='word_1_226' title='bbox 1453 4522 1630 4573; x_wconf 84' lang='lat' dir='ltr'><strong>sede:</strong></span> <span class='ocrx_word' id='word_1_227' title='bbox 1666 4522 1801 4574; x_wconf 86' lang='lat' dir='ltr'><strong>E.G.</strong></span> 
     </span>
    </p>
   </div>
   <div class='ocr_carea' id='block_1_7' title="bbox 2183 477 2342 534">
    <p class='ocr_par' dir='ltr' id='par_1_7' title="bbox 2183 477 2342 534">
     <span class='ocr_line' id='line_1_50' title="bbox 2183 477 2342 534; baseline -0.013 0"><span class='ocrx_word' id='word_1_228' title='bbox 2183 477 2342 534; x_wconf 76' lang='lat'><strong>850</strong></span> 
     </span>
    </p>
   </div>
   <div class='ocr_carea' id='block_1_8' title="bbox 1657 581 2890 4292">
    <p class='ocr_par' dir='ltr' id='par_1_8' title="bbox 1657 581 2890 4292">
     <span class='ocr_line' id='line_1_51' title="bbox 1672 581 2873 665; baseline 0.002 -21"><span class='ocrx_word' id='word_1_229' title='bbox 1672 590 2032 664; x_wconf 82' lang='lat' dir='ltr'><strong>sequuntur</strong></span> <span class='ocrx_word' id='word_1_230' title='bbox 2077 591 2204 665; x_wconf 82' lang='lat' dir='ltr'><strong>per</strong></span> <span class='ocrx_word' id='word_1_231' title='bbox 2257 582 2482 665; x_wconf 71' lang='lat' dir='ltr'><strong>serias</strong></span> <span class='ocrx_word' id='word_1_232' title='bbox 2561 581 2873 646; x_wconf 80' lang='lat' dir='ltr'><strong>dicuntur</strong></span> 
     </span>
     <span class='ocr_line' id='line_1_52' title="bbox 1673 669 2870 754; baseline 0.002 -21"><span class='ocrx_word' id='word_1_233' title='bbox 1673 691 1818 733; x_wconf 88' lang='lat' dir='ltr'><strong>cum</strong></span> <span class='ocrx_word' id='word_1_234' title='bbox 1891 670 2048 734; x_wconf 82' lang='lat' dir='ltr'><strong>aliis</strong></span> <span class='ocrx_word' id='word_1_235' title='bbox 2105 671 2183 733; x_wconf 82' lang='lat' dir='ltr'><strong>de</strong></span> <span class='ocrx_word' id='word_1_236' title='bbox 2239 669 2516 734; x_wconf 76' lang='lat' dir='ltr'><strong>historia</strong></span> <span class='ocrx_word' id='word_1_237' title='bbox 2589 672 2654 735; x_wconf 82' lang='lat' dir='ltr'><strong>si</strong></span> <span class='ocrx_word' id='word_1_238' title='bbox 2715 683 2870 754; x_wconf 89' lang='lat' dir='ltr'><strong>opus</strong></span> 
     </span>
     <span class='ocr_line' id='line_1_53' title="bbox 1657 759 2865 841; baseline 0.002 -20"><span class='ocrx_word' id='word_1_239' title='bbox 1657 759 1896 840; x_wconf 80' lang='lat' dir='ltr'><strong>fuerit.</strong></span> <span class='ocrx_word' id='word_1_240' title='bbox 2045 759 2474 841; x_wconf 77' lang='lat' dir='ltr'><strong>Responson&#39;a</strong></span> <span class='ocrx_word' id='word_1_241' title='bbox 2560 760 2865 841; x_wconf 80' lang='lat' dir='ltr'><strong>ferialia.</strong></span> 
     </span>
     <span class='ocr_line' id='line_1_54' title="bbox 1674 847 2868 930; baseline 0.003 -21"><span class='ocrx_word' id='word_1_242' title='bbox 1674 847 1792 911; x_wconf 87' lang='lat' dir='ltr'><strong>Re.</strong></span> <span class='ocrx_word' id='word_1_243' title='bbox 1884 848 2068 910; x_wconf 91' lang='lat' dir='ltr'><strong>Deus</strong></span> <span class='ocrx_word' id='word_1_244' title='bbox 2131 868 2315 910; x_wconf 90' lang='lat' dir='ltr'><strong>meus</strong></span> <span class='ocrx_word' id='word_1_245' title='bbox 2377 848 2554 930; x_wconf 90' lang='lat' dir='ltr'><strong>eripe</strong></span> <span class='ocrx_word' id='word_1_246' title='bbox 2615 868 2722 912; x_wconf 89' lang='lat' dir='ltr'><strong>me</strong></span> <span class='ocrx_word' id='word_1_247' title='bbox 2781 849 2868 912; x_wconf 91' lang='lat' dir='ltr'><strong>de</strong></span> 
     </span>
     <span class='ocr_line' id='line_1_55' title="bbox 1677 936 2866 1018; baseline 0.002 -20"><span class='ocrx_word' id='word_1_248' title='bbox 1677 955 1879 998; x_wconf 90' lang='lat' dir='ltr'><strong>manu</strong></span> <span class='ocrx_word' id='word_1_249' title='bbox 1939 936 2343 1018; x_wconf 89' lang='lat' dir='ltr'><strong>peccatoris:</strong></span> <span class='ocrx_word' id='word_1_250' title='bbox 2401 946 2468 999; x_wconf 91' lang='lat' dir='ltr'><strong>et</strong></span> <span class='ocrx_word' id='word_1_251' title='bbox 2521 936 2606 999; x_wconf 91' lang='lat' dir='ltr'><strong>de</strong></span> <span class='ocrx_word' id='word_1_252' title='bbox 2666 956 2866 1000; x_wconf 89' lang='lat' dir='ltr'><strong>manu</strong></span> 
     </span>
     <span class='ocr_line' id='line_1_56' title="bbox 1674 1023 2877 1108; baseline 0.002 -22"><span class='ocrx_word' id='word_1_253' title='bbox 1674 1033 1908 1087; x_wconf 86' lang='lat' dir='ltr'><strong>contra</strong></span> <span class='ocrx_word' id='word_1_254' title='bbox 1953 1023 2166 1106; x_wconf 90' lang='lat' dir='ltr'><strong>legem</strong></span> <span class='ocrx_word' id='word_1_255' title='bbox 2216 1023 2472 1106; x_wconf 89' lang='lat' dir='ltr'><strong>agentis</strong></span> <span class='ocrx_word' id='word_1_256' title='bbox 2532 1035 2597 1088; x_wconf 91' lang='lat' dir='ltr'><strong>et</strong></span> <span class='ocrx_word' id='word_1_257' title='bbox 2643 1026 2877 1108; x_wconf 33' lang='lat' dir='ltr'><strong>iniqui.-</strong></span> 
     </span>
     <span class='ocr_line' id='line_1_57' title="bbox 1678 1111 2868 1194; baseline 0.003 -20"><span class='ocrx_word' id='word_1_258' title='bbox 1678 1111 2012 1194; x_wconf 90' lang='lat' dir='ltr'><strong>Quoniam</strong></span> <span class='ocrx_word' id='word_1_259' title='bbox 2074 1121 2146 1176; x_wconf 92' lang='lat' dir='ltr'><strong>tu</strong></span> <span class='ocrx_word' id='word_1_260' title='bbox 2191 1133 2260 1176; x_wconf 87' lang='lat' dir='ltr'><strong>es</strong></span> <span class='ocrx_word' id='word_1_261' title='bbox 2323 1113 2643 1194; x_wconf 90' lang='lat' dir='ltr'><strong>patientia</strong></span> <span class='ocrx_word' id='word_1_262' title='bbox 2701 1133 2868 1178; x_wconf 87' lang='lat' dir='ltr'><strong>mea.</strong></span> 
     </span>
     <span class='ocr_line' id='line_1_58' title="bbox 1674 1201 2870 1287; baseline 0.003 -24"><span class='ocrx_word' id='word_1_263' title='bbox 1674 1217 1726 1287; x_wconf 70' lang='grc' dir='ltr'>γ</span> <span class='ocrx_word' id='word_1_264' title='bbox 1796 1201 1980 1264; x_wconf 88' lang='lat' dir='ltr'><strong>Deus</strong></span> <span class='ocrx_word' id='word_1_265' title='bbox 2055 1221 2140 1264; x_wconf 89' lang='lat' dir='ltr'><strong>ne</strong></span> <span class='ocrx_word' id='word_1_266' title='bbox 2225 1201 2549 1283; x_wconf 88' lang='lat' dir='ltr'><strong>elongeris</strong></span> <span class='ocrx_word' id='word_1_267' title='bbox 2609 1222 2650 1266; x_wconf 91' lang='lat' dir='ltr'><strong>a</strong></span> <span class='ocrx_word' id='word_1_268' title='bbox 2710 1221 2870 1267; x_wconf 86' lang='lat' dir='ltr'><strong>me:</strong></span> 
     </span>
     <span class='ocr_line' id='line_1_59' title="bbox 1677 1288 2872 1354; baseline 0.002 -2"><span class='ocrx_word' id='word_1_269' title='bbox 1677 1288 1843 1352; x_wconf 90' lang='lat' dir='ltr'><strong>deus</strong></span> <span class='ocrx_word' id='word_1_270' title='bbox 1897 1310 2082 1352; x_wconf 87' lang='lat' dir='ltr'><strong>meus</strong></span> <span class='ocrx_word' id='word_1_271' title='bbox 2143 1291 2211 1352; x_wconf 91' lang='lat' dir='ltr'><strong>in</strong></span> <span class='ocrx_word' id='word_1_272' title='bbox 2269 1288 2592 1353; x_wconf 89' lang='lat' dir='ltr'><strong>auxilium</strong></span> <span class='ocrx_word' id='word_1_273' title='bbox 2647 1311 2872 1354; x_wconf 90' lang='lat' dir='ltr'><strong>meum</strong></span> 
     </span>
     <span class='ocr_line' id='line_1_60' title="bbox 1678 1378 2872 1462; baseline 0 -22"><span class='ocrx_word' id='word_1_274' title='bbox 1678 1379 1947 1460; x_wconf 88' lang='lat' dir='ltr'><strong>respice.</strong></span> <span class='ocrx_word' id='word_1_275' title='bbox 2038 1378 2390 1461; x_wconf 82' lang='lat' dir='ltr'><strong>Quoniam.</strong></span> <span class='ocrx_word' id='word_1_276' title='bbox 2481 1378 2594 1443; x_wconf 79' lang='lat' dir='ltr'><strong>Re.</strong></span> <span class='ocrx_word' id='word_1_277' title='bbox 2651 1378 2872 1462; x_wconf 90' lang='lat' dir='ltr'><strong>Adju-</strong></span> 
     </span>
     <span class='ocr_line' id='line_1_61' title="bbox 1675 1474 2872 1549; baseline 0.002 -21"><span class='ocrx_word' id='word_1_278' title='bbox 1675 1474 1785 1529; x_wconf 89' lang='lat' dir='ltr'><strong>tor</strong></span> <span class='ocrx_word' id='word_1_279' title='bbox 1843 1475 1911 1528; x_wconf 91' lang='lat' dir='ltr'><strong>et</strong></span> <span class='ocrx_word' id='word_1_280' title='bbox 1969 1475 2309 1549; x_wconf 91' lang='lat' dir='ltr'><strong>susceptor</strong></span> <span class='ocrx_word' id='word_1_281' title='bbox 2383 1487 2568 1530; x_wconf 88' lang='lat' dir='ltr'><strong>meus</strong></span> <span class='ocrx_word' id='word_1_282' title='bbox 2652 1475 2724 1530; x_wconf 93' lang='lat' dir='ltr'><strong>tu</strong></span> <span class='ocrx_word' id='word_1_283' title='bbox 2801 1487 2872 1530; x_wconf 89' lang='lat' dir='ltr'><strong>es</strong></span> 
     </span>
     <span class='ocr_line' id='line_1_62' title="bbox 1677 1554 2869 1619; baseline 0.001 -2"><span class='ocrx_word' id='word_1_284' title='bbox 1677 1554 1991 1619; x_wconf 89' lang='lat' dir='ltr'><strong>domine:</strong></span> <span class='ocrx_word' id='word_1_285' title='bbox 2067 1563 2136 1617; x_wconf 92' lang='lat' dir='ltr'><strong>et</strong></span> <span class='ocrx_word' id='word_1_286' title='bbox 2211 1555 2277 1617; x_wconf 88' lang='lat' dir='ltr'><strong>in</strong></span> <span class='ocrx_word' id='word_1_287' title='bbox 2335 1555 2610 1618; x_wconf 85' lang='lat' dir='ltr'><strong>verbum</strong></span> <span class='ocrx_word' id='word_1_288' title='bbox 2680 1564 2869 1619; x_wconf 89' lang='lat' dir='ltr'><strong>tuum</strong></span> 
     </span>
     <span class='ocr_line' id='line_1_63' title="bbox 1678 1643 2872 1724; baseline 0.002 -19"><span class='ocrx_word' id='word_1_289' title='bbox 1678 1643 1953 1724; x_wconf 88' lang='lat' dir='ltr'><strong>speravi.</strong></span> <span class='ocrx_word' id='word_1_290' title='bbox 2049 1643 2398 1707; x_wconf 87' lang='lat' dir='ltr'><strong>Declinate</strong></span> <span class='ocrx_word' id='word_1_291' title='bbox 2452 1664 2493 1707; x_wconf 90' lang='lat' dir='ltr'><strong>a</strong></span> <span class='ocrx_word' id='word_1_292' title='bbox 2555 1663 2662 1707; x_wconf 88' lang='lat' dir='ltr'><strong>me</strong></span> <span class='ocrx_word' id='word_1_293' title='bbox 2734 1665 2872 1707; x_wconf 91' lang='lat' dir='ltr'><strong>ma-</strong></span> 
     </span>
     <span class='ocr_line' id='line_1_64' title="bbox 1678 1731 2872 1812; baseline 0.003 -19"><span class='ocrx_word' id='word_1_294' title='bbox 1678 1731 1839 1812; x_wconf 88' lang='lat' dir='ltr'><strong>ligni</strong></span> <span class='ocrx_word' id='word_1_295' title='bbox 1885 1741 1955 1794; x_wconf 90' lang='lat' dir='ltr'><strong>et</strong></span> <span class='ocrx_word' id='word_1_296' title='bbox 2001 1732 2341 1795; x_wconf 88' lang='lat' dir='ltr'><strong>scrutabor</strong></span> <span class='ocrx_word' id='word_1_297' title='bbox 2393 1732 2711 1796; x_wconf 90' lang='lat' dir='ltr'><strong>mandata</strong></span> <span class='ocrx_word' id='word_1_298' title='bbox 2765 1732 2872 1796; x_wconf 92' lang='lat' dir='ltr'><strong>dei</strong></span> 
     </span>
     <span class='ocr_line' id='line_1_65' title="bbox 1680 1819 2872 1906; baseline 0.002 -24"><span class='ocrx_word' id='word_1_299' title='bbox 1680 1821 1827 1883; x_wconf 88' lang='lat' dir='ltr'><strong>mei.</strong></span> <span class='ocrx_word' id='word_1_300' title='bbox 1918 1837 1966 1906; x_wconf 67' lang='lat' dir='ltr'>y</span> <span class='ocrx_word' id='word_1_301' title='bbox 2029 1819 2303 1902; x_wconf 89' lang='lat' dir='ltr'><strong>Iniquos</strong></span> <span class='ocrx_word' id='word_1_302' title='bbox 2376 1821 2532 1883; x_wconf 86' lang='lat' dir='ltr'><strong>odio</strong></span> <span class='ocrx_word' id='word_1_303' title='bbox 2617 1820 2872 1885; x_wconf 88' lang='lat' dir='ltr'><strong>habui:</strong></span> 
     </span>
     <span class='ocr_line' id='line_1_66' title="bbox 1678 1907 2874 1990; baseline 0.003 -20"><span class='ocrx_word' id='word_1_304' title='bbox 1678 1916 1748 1971; x_wconf 87' lang='lat' dir='ltr'><strong>et</strong></span> <span class='ocrx_word' id='word_1_305' title='bbox 1808 1907 2022 1990; x_wconf 89' lang='lat' dir='ltr'><strong>legem</strong></span> <span class='ocrx_word' id='word_1_306' title='bbox 2077 1917 2262 1971; x_wconf 89' lang='lat' dir='ltr'><strong>tuam</strong></span> <span class='ocrx_word' id='word_1_307' title='bbox 2319 1909 2542 1972; x_wconf 86' lang='lat' dir='ltr'><strong>dilexi.</strong></span> <span class='ocrx_word' id='word_1_308' title='bbox 2654 1909 2874 1973; x_wconf 88' lang='lat' dir='ltr'><strong>Decli-</strong></span> 
     </span>
     <span class='ocr_line' id='line_1_67' title="bbox 1680 1995 2871 2080; baseline 0.002 -21"><span class='ocrx_word' id='word_1_309' title='bbox 1680 2006 1853 2060; x_wconf 90' lang='lat' dir='ltr'><strong>nate.</strong></span> <span class='ocrx_word' id='word_1_310' title='bbox 1941 1995 2055 2060; x_wconf 74' lang='lat' dir='ltr'><strong>Re.</strong></span> <span class='ocrx_word' id='word_1_311' title='bbox 2104 1996 2210 2059; x_wconf 91' lang='lat' dir='ltr'><strong>Ne</strong></span> <span class='ocrx_word' id='word_1_312' title='bbox 2251 1997 2490 2080; x_wconf 86' lang='lat' dir='ltr'><strong>perdas</strong></span> <span class='ocrx_word' id='word_1_313' title='bbox 2543 2017 2693 2060; x_wconf 92' lang='lat' dir='ltr'><strong>cum</strong></span> <span class='ocrx_word' id='word_1_314' title='bbox 2751 1999 2871 2062; x_wconf 88' lang='lat' dir='ltr'><strong>im-</strong></span> 
     </span>
     <span class='ocr_line' id='line_1_68' title="bbox 1678 2085 2872 2167; baseline 0.003 -21"><span class='ocrx_word' id='word_1_315' title='bbox 1678 2085 1805 2167; x_wconf 91' lang='lat' dir='ltr'><strong>piis</strong></span> <span class='ocrx_word' id='word_1_316' title='bbox 1835 2085 1996 2147; x_wconf 89' lang='lat' dir='ltr'><strong>deus</strong></span> <span class='ocrx_word' id='word_1_317' title='bbox 2038 2086 2330 2148; x_wconf 88' lang='lat' dir='ltr'><strong>animam</strong></span> <span class='ocrx_word' id='word_1_318' title='bbox 2371 2105 2590 2148; x_wconf 90' lang='lat' dir='ltr'><strong>meam</strong></span> <span class='ocrx_word' id='word_1_319' title='bbox 2623 2094 2691 2148; x_wconf 90' lang='lat' dir='ltr'><strong>et</strong></span> <span class='ocrx_word' id='word_1_320' title='bbox 2721 2106 2872 2150; x_wconf 87' lang='lat' dir='ltr'><strong>cum</strong></span> 
     </span>
     <span class='ocr_line' id='line_1_69' title="bbox 1679 2173 2871 2255; baseline 0.001 -19"><span class='ocrx_word' id='word_1_321' title='bbox 1679 2175 1833 2236; x_wconf 88' lang='lat' dir='ltr'><strong>viris</strong></span> <span class='ocrx_word' id='word_1_322' title='bbox 1893 2175 2288 2255; x_wconf 87' lang='lat' dir='ltr'><strong>sanguinum</strong></span> <span class='ocrx_word' id='word_1_323' title='bbox 2350 2173 2558 2237; x_wconf 89' lang='lat' dir='ltr'><strong>vitam</strong></span> <span class='ocrx_word' id='word_1_324' title='bbox 2635 2194 2871 2237; x_wconf 89' lang='lat' dir='ltr'><strong>meam.</strong></span> 
     </span>
     <span class='ocr_line' id='line_1_70' title="bbox 1685 2261 2875 2348; baseline 0 -22"><span class='ocrx_word' id='word_1_325' title='bbox 1685 2261 1967 2326; x_wconf 91' lang='lat' dir='ltr'><strong>Redime</strong></span> <span class='ocrx_word' id='word_1_326' title='bbox 2055 2281 2164 2324; x_wconf 89' lang='lat' dir='ltr'><strong>me</strong></span> <span class='ocrx_word' id='word_1_327' title='bbox 2247 2261 2529 2325; x_wconf 89' lang='lat' dir='ltr'><strong>domine.</strong></span> <span class='ocrx_word' id='word_1_328' title='bbox 2639 2279 2686 2348; x_wconf 72' lang='lat' dir='ltr'>y</span> <span class='ocrx_word' id='word_1_329' title='bbox 2768 2263 2875 2326; x_wconf 89' lang='lat' dir='ltr'><strong>Ne</strong></span> 
     </span>
     <span class='ocr_line' id='line_1_71' title="bbox 1683 2350 2876 2414; baseline 0.002 -2"><span class='ocrx_word' id='word_1_330' title='bbox 1683 2350 2030 2413; x_wconf 88' lang='lat' dir='ltr'><strong>tradideris</strong></span> <span class='ocrx_word' id='word_1_331' title='bbox 2081 2369 2188 2413; x_wconf 90' lang='lat' dir='ltr'><strong>me</strong></span> <span class='ocrx_word' id='word_1_332' title='bbox 2240 2350 2306 2412; x_wconf 92' lang='lat' dir='ltr'><strong>in</strong></span> <span class='ocrx_word' id='word_1_333' title='bbox 2356 2351 2612 2414; x_wconf 89' lang='lat' dir='ltr'><strong>animas</strong></span> <span class='ocrx_word' id='word_1_334' title='bbox 2671 2351 2876 2414; x_wconf 90' lang='lat' dir='ltr'><strong>tribu-</strong></span> 
     </span>
     <span class='ocr_line' id='line_1_72' title="bbox 1683 2438 2874 2521; baseline 0.002 -20"><span class='ocrx_word' id='word_1_335' title='bbox 1683 2438 1962 2501; x_wconf 90' lang='lat' dir='ltr'><strong>lantium</strong></span> <span class='ocrx_word' id='word_1_336' title='bbox 2040 2459 2196 2502; x_wconf 83' lang='lat' dir='ltr'><strong>me:</strong></span> <span class='ocrx_word' id='word_1_337' title='bbox 2275 2439 2590 2521; x_wconf 88' lang='lat' dir='ltr'><strong>quoniam</strong></span> <span class='ocrx_word' id='word_1_338' title='bbox 2667 2440 2874 2503; x_wconf 87' lang='lat' dir='ltr'><strong>insur-</strong></span> 
     </span>
     <span class='ocr_line' id='line_1_73' title="bbox 1682 2527 2875 2611; baseline 0.003 -21"><span class='ocrx_word' id='word_1_339' title='bbox 1682 2537 1996 2591; x_wconf 88' lang='lat' dir='ltr'><strong>rexerunt</strong></span> <span class='ocrx_word' id='word_1_340' title='bbox 2071 2527 2137 2590; x_wconf 89' lang='lat' dir='ltr'><strong>in</strong></span> <span class='ocrx_word' id='word_1_341' title='bbox 2199 2547 2309 2591; x_wconf 89' lang='lat' dir='ltr'><strong>me</strong></span> <span class='ocrx_word' id='word_1_342' title='bbox 2377 2536 2580 2592; x_wconf 89' lang='lat' dir='ltr'><strong>testes</strong></span> <span class='ocrx_word' id='word_1_343' title='bbox 2652 2528 2875 2611; x_wconf 88' lang='lat' dir='ltr'><strong>iniqui.</strong></span> 
     </span>
     <span class='ocr_line' id='line_1_74' title="bbox 1688 2616 2879 2700; baseline 0 -19"><span class='ocrx_word' id='word_1_344' title='bbox 1688 2616 1986 2681; x_wconf 90' lang='lat' dir='ltr'><strong>Redime.</strong></span> <span class='ocrx_word' id='word_1_345' title='bbox 2087 2616 2198 2681; x_wconf 79' lang='lat' dir='ltr'><strong>Re.</strong></span> <span class='ocrx_word' id='word_1_346' title='bbox 2302 2616 2578 2681; x_wconf 89' lang='lat' dir='ltr'><strong>Pacifice</strong></span> <span class='ocrx_word' id='word_1_347' title='bbox 2653 2618 2879 2700; x_wconf 92' lang='lat' dir='ltr'><strong>loque-</strong></span> 
     </span>
     <span class='ocr_line' id='line_1_75' title="bbox 1682 2705 2880 2771; baseline 0.003 -4"><span class='ocrx_word' id='word_1_348' title='bbox 1682 2705 1927 2768; x_wconf 89' lang='lat' dir='ltr'><strong>bantur</strong></span> <span class='ocrx_word' id='word_1_349' title='bbox 1985 2705 2145 2768; x_wconf 89' lang='lat' dir='ltr'><strong>mihi</strong></span> <span class='ocrx_word' id='word_1_350' title='bbox 2225 2705 2468 2769; x_wconf 89' lang='lat' dir='ltr'><strong>inimici</strong></span> <span class='ocrx_word' id='word_1_351' title='bbox 2545 2706 2726 2770; x_wconf 88' lang='lat' dir='ltr'><strong>mei:</strong></span> <span class='ocrx_word' id='word_1_352' title='bbox 2809 2714 2880 2771; x_wconf 90' lang='lat' dir='ltr'><strong>et</strong></span> 
     </span>
     <span class='ocr_line' id='line_1_76' title="bbox 1686 2793 2880 2860; baseline 0.003 -4"><span class='ocrx_word' id='word_1_353' title='bbox 1686 2794 1754 2856; x_wconf 90' lang='lat' dir='ltr'><strong>in</strong></span> <span class='ocrx_word' id='word_1_354' title='bbox 1809 2794 1902 2856; x_wconf 89' lang='lat' dir='ltr'><strong>ira</strong></span> <span class='ocrx_word' id='word_1_355' title='bbox 1957 2793 2215 2857; x_wconf 89' lang='lat' dir='ltr'><strong>molesti</strong></span> <span class='ocrx_word' id='word_1_356' title='bbox 2265 2803 2454 2857; x_wconf 91' lang='lat' dir='ltr'><strong>erant</strong></span> <span class='ocrx_word' id='word_1_357' title='bbox 2511 2794 2685 2858; x_wconf 89' lang='lat' dir='ltr'><strong>mihi.</strong></span> <span class='ocrx_word' id='word_1_358' title='bbox 2761 2794 2880 2860; x_wconf 90' lang='lat' dir='ltr'><strong>Vi-</strong></span> 
     </span>
     <span class='ocr_line' id='line_1_77' title="bbox 1686 2881 2880 2947; baseline 0.001 -1"><span class='ocrx_word' id='word_1_359' title='bbox 1686 2883 1840 2947; x_wconf 91' lang='lat' dir='ltr'><strong>disti</strong></span> <span class='ocrx_word' id='word_1_360' title='bbox 1893 2881 2163 2946; x_wconf 90' lang='lat' dir='ltr'><strong>domine</strong></span> <span class='ocrx_word' id='word_1_361' title='bbox 2225 2902 2307 2946; x_wconf 88' lang='lat' dir='ltr'><strong>ne</strong></span> <span class='ocrx_word' id='word_1_362' title='bbox 2359 2882 2554 2945; x_wconf 85' lang='lat' dir='ltr'><strong>sileas</strong></span> <span class='ocrx_word' id='word_1_363' title='bbox 2609 2904 2690 2947; x_wconf 90' lang='lat' dir='ltr'><strong>ne</strong></span> <span class='ocrx_word' id='word_1_364' title='bbox 2748 2885 2880 2947; x_wconf 91' lang='lat' dir='ltr'><strong>dis-</strong></span> 
     </span>
     <span class='ocr_line' id='line_1_78' title="bbox 1687 2970 2880 3057; baseline 0.001 -22"><span class='ocrx_word' id='word_1_365' title='bbox 1687 2970 1886 3035; x_wconf 87' lang='lat' dir='ltr'><strong>cedas</strong></span> <span class='ocrx_word' id='word_1_366' title='bbox 1960 2990 2001 3033; x_wconf 92' lang='lat' dir='ltr'><strong>a</strong></span> <span class='ocrx_word' id='word_1_367' title='bbox 2075 2990 2198 3036; x_wconf 90' lang='lat' dir='ltr'><strong>me.</strong></span> <span class='ocrx_word' id='word_1_368' title='bbox 2306 2988 2354 3057; x_wconf 66' lang='lat' dir='ltr'>y</span> <span class='ocrx_word' id='word_1_369' title='bbox 2430 2972 2582 3053; x_wconf 89' lang='lat' dir='ltr'><strong>Ego</strong></span> <span class='ocrx_word' id='word_1_370' title='bbox 2655 2982 2880 3037; x_wconf 87' lang='lat' dir='ltr'><strong>autern</strong></span> 
     </span>
     <span class='ocr_line' id='line_1_79' title="bbox 1688 3058 2879 3125; baseline 0.003 -3"><span class='ocrx_word' id='word_1_371' title='bbox 1688 3059 1847 3122; x_wconf 89' lang='lat' dir='ltr'><strong>dum</strong></span> <span class='ocrx_word' id='word_1_372' title='bbox 1882 3058 2042 3121; x_wconf 90' lang='lat' dir='ltr'><strong>mihi</strong></span> <span class='ocrx_word' id='word_1_373' title='bbox 2091 3058 2350 3123; x_wconf 89' lang='lat' dir='ltr'><strong>molesti</strong></span> <span class='ocrx_word' id='word_1_374' title='bbox 2387 3067 2608 3123; x_wconf 88' lang='lat' dir='ltr'><strong>essent</strong></span> <span class='ocrx_word' id='word_1_375' title='bbox 2653 3062 2879 3125; x_wconf 92' lang='lat' dir='ltr'><strong>indue-</strong></span> 
     </span>
     <span class='ocr_line' id='line_1_80' title="bbox 1686 3147 2882 3213; baseline 0.003 -3"><span class='ocrx_word' id='word_1_376' title='bbox 1686 3148 1846 3211; x_wconf 89' lang='lat' dir='ltr'><strong>bam</strong></span> <span class='ocrx_word' id='word_1_377' title='bbox 1894 3166 2001 3210; x_wconf 89' lang='lat' dir='ltr'><strong>me</strong></span> <span class='ocrx_word' id='word_1_378' title='bbox 2044 3147 2294 3212; x_wconf 88' lang='lat' dir='ltr'><strong>cilicio:</strong></span> <span class='ocrx_word' id='word_1_379' title='bbox 2340 3157 2410 3211; x_wconf 90' lang='lat' dir='ltr'><strong>et</strong></span> <span class='ocrx_word' id='word_1_380' title='bbox 2446 3148 2882 3213; x_wconf 91' lang='lat' dir='ltr'><strong>humiliabam</strong></span> 
     </span>
     <span class='ocr_line' id='line_1_81' title="bbox 1688 3233 2882 3317; baseline 0.003 -20"><span class='ocrx_word' id='word_1_381' title='bbox 1688 3234 1756 3298; x_wconf 88' lang='lat' dir='ltr'><strong>in</strong></span> <span class='ocrx_word' id='word_1_382' title='bbox 1796 3233 2050 3317; x_wconf 91' lang='lat' dir='ltr'><strong>jejunio</strong></span> <span class='ocrx_word' id='word_1_383' title='bbox 2096 3237 2385 3299; x_wconf 88' lang='lat' dir='ltr'><strong>animam</strong></span> <span class='ocrx_word' id='word_1_384' title='bbox 2440 3257 2674 3301; x_wconf 89' lang='lat' dir='ltr'><strong>meam.</strong></span> <span class='ocrx_word' id='word_1_385' title='bbox 2767 3238 2882 3303; x_wconf 86' lang='lat' dir='ltr'><strong>Vi-</strong></span> 
     </span>
     <span class='ocr_line' id='line_1_82' title="bbox 1687 3323 2886 3407; baseline 0.003 -22"><span class='ocrx_word' id='word_1_386' title='bbox 1687 3323 1862 3388; x_wconf 87' lang='lat' dir='ltr'><strong>disti.</strong></span> <span class='ocrx_word' id='word_1_387' title='bbox 1953 3324 2066 3388; x_wconf 79' lang='lat' dir='ltr'><strong>Re.</strong></span> <span class='ocrx_word' id='word_1_388' title='bbox 2132 3324 2308 3387; x_wconf 90' lang='lat' dir='ltr'><strong>Vide</strong></span> <span class='ocrx_word' id='word_1_389' title='bbox 2366 3325 2522 3407; x_wconf 90' lang='lat' dir='ltr'><strong>quia</strong></span> <span class='ocrx_word' id='word_1_390' title='bbox 2605 3326 2886 3389; x_wconf 90' lang='lat' dir='ltr'><strong>tribulor</strong></span> 
     </span>
     <span class='ocr_line' id='line_1_83' title="bbox 1686 3411 2883 3477; baseline 0.002 -2"><span class='ocrx_word' id='word_1_391' title='bbox 1686 3411 2001 3475; x_wconf 85' lang='lat' dir='ltr'><strong>velociter</strong></span> <span class='ocrx_word' id='word_1_392' title='bbox 2058 3412 2302 3475; x_wconf 88' lang='lat' dir='ltr'><strong>exaudi</strong></span> <span class='ocrx_word' id='word_1_393' title='bbox 2365 3432 2487 3476; x_wconf 91' lang='lat' dir='ltr'><strong>me.</strong></span> <span class='ocrx_word' id='word_1_394' title='bbox 2601 3414 2883 3477; x_wconf 89' lang='lat' dir='ltr'><strong>Intende</strong></span> 
     </span>
     <span class='ocr_line' id='line_1_84' title="bbox 1693 3499 2886 3585; baseline 0.001 -22"><span class='ocrx_word' id='word_1_395' title='bbox 1693 3501 1913 3563; x_wconf 89' lang='lat' dir='ltr'><strong>anime</strong></span> <span class='ocrx_word' id='word_1_396' title='bbox 1961 3520 2108 3563; x_wconf 90' lang='lat' dir='ltr'><strong>mee</strong></span> <span class='ocrx_word' id='word_1_397' title='bbox 2153 3509 2221 3563; x_wconf 91' lang='lat' dir='ltr'><strong>et</strong></span> <span class='ocrx_word' id='word_1_398' title='bbox 2252 3499 2456 3563; x_wconf 89' lang='lat' dir='ltr'><strong>libera</strong></span> <span class='ocrx_word' id='word_1_399' title='bbox 2493 3521 2642 3564; x_wconf 88' lang='lat' dir='ltr'><strong>eam</strong></span> <span class='ocrx_word' id='word_1_400' title='bbox 2685 3522 2886 3585; x_wconf 90' lang='lat' dir='ltr'><strong>prop-</strong></span> 
     </span>
     <span class='ocr_line' id='line_1_85' title="bbox 1688 3589 2886 3672; baseline 0.001 -20"><span class='ocrx_word' id='word_1_401' title='bbox 1688 3596 1791 3652; x_wconf 91' lang='lat' dir='ltr'><strong>ter</strong></span> <span class='ocrx_word' id='word_1_402' title='bbox 1820 3589 2118 3651; x_wconf 90' lang='lat' dir='ltr'><strong>inimicos</strong></span> <span class='ocrx_word' id='word_1_403' title='bbox 2165 3608 2348 3651; x_wconf 89' lang='lat' dir='ltr'><strong>meos</strong></span> <span class='ocrx_word' id='word_1_404' title='bbox 2393 3589 2570 3672; x_wconf 91' lang='lat' dir='ltr'><strong>eripe</strong></span> <span class='ocrx_word' id='word_1_405' title='bbox 2619 3610 2726 3653; x_wconf 89' lang='lat' dir='ltr'><strong>me</strong></span> <span class='ocrx_word' id='word_1_406' title='bbox 2765 3590 2886 3653; x_wconf 95' lang='lat' dir='ltr'><strong>do-</strong></span> 
     </span>
     <span class='ocr_line' id='line_1_86' title="bbox 1691 3676 2882 3763; baseline 0.003 -24"><span class='ocrx_word' id='word_1_407' title='bbox 1691 3678 1883 3740; x_wconf 91' lang='lat' dir='ltr'><strong>mine.</strong></span> <span class='ocrx_word' id='word_1_408' title='bbox 1975 3694 2023 3763; x_wconf 66' lang='lat' dir='ltr'>y</span> <span class='ocrx_word' id='word_1_409' title='bbox 2072 3676 2312 3739; x_wconf 90' lang='lat' dir='ltr'><strong>Libera</strong></span> <span class='ocrx_word' id='word_1_410' title='bbox 2345 3696 2450 3739; x_wconf 91' lang='lat' dir='ltr'><strong>me</strong></span> <span class='ocrx_word' id='word_1_411' title='bbox 2494 3679 2581 3741; x_wconf 93' lang='lat' dir='ltr'><strong>ab</strong></span> <span class='ocrx_word' id='word_1_412' title='bbox 2627 3678 2728 3741; x_wconf 89' lang='lat' dir='ltr'><strong>his</strong></span> <span class='ocrx_word' id='word_1_413' title='bbox 2769 3679 2882 3761; x_wconf 90' lang='lat' dir='ltr'><strong>qui</strong></span> 
     </span>
     <span class='ocr_line' id='line_1_87' title="bbox 1690 3760 2887 3830; baseline 0.002 -2"><span class='ocrx_word' id='word_1_414' title='bbox 1690 3766 1971 3828; x_wconf 90' lang='lat' dir='ltr'><strong>oderunt</strong></span> <span class='ocrx_word' id='word_1_415' title='bbox 2020 3785 2165 3828; x_wconf 91' lang='lat' dir='ltr'><strong>me:</strong></span> <span class='ocrx_word' id='word_1_416' title='bbox 2220 3775 2285 3828; x_wconf 91' lang='lat' dir='ltr'><strong>et</strong></span> <span class='ocrx_word' id='word_1_417' title='bbox 2339 3760 2424 3828; x_wconf 86' lang='lat' dir='ltr'><strong>ne</strong></span> <span class='ocrx_word' id='word_1_418' title='bbox 2481 3776 2738 3830; x_wconf 88' lang='lat' dir='ltr'><strong>avertas</strong></span> <span class='ocrx_word' id='word_1_419' title='bbox 2790 3767 2887 3830; x_wconf 85' lang='lat' dir='ltr'><strong>fa-</strong></span> 
     </span>
     <span class='ocr_line' id='line_1_88' title="bbox 1691 3854 2887 3935; baseline 0.002 -18"><span class='ocrx_word' id='word_1_420' title='bbox 1691 3854 1858 3917; x_wconf 90' lang='lat' dir='ltr'><strong>ciem</strong></span> <span class='ocrx_word' id='word_1_421' title='bbox 1922 3862 2107 3917; x_wconf 88' lang='lat' dir='ltr'><strong>tuam</strong></span> <span class='ocrx_word' id='word_1_422' title='bbox 2171 3874 2212 3916; x_wconf 92' lang='lat' dir='ltr'><strong>a</strong></span> <span class='ocrx_word' id='word_1_423' title='bbox 2271 3873 2476 3935; x_wconf 91' lang='lat' dir='ltr'><strong>puero</strong></span> <span class='ocrx_word' id='word_1_424' title='bbox 2547 3865 2680 3919; x_wconf 82' lang='lat' dir='ltr'><strong>tuo,</strong></span> <span class='ocrx_word' id='word_1_425' title='bbox 2775 3856 2887 3918; x_wconf 87' lang='lat' dir='ltr'><strong>In-</strong></span> 
     </span>
     <span class='ocr_line' id='line_1_89' title="bbox 1691 3942 2888 4029; baseline 0.003 -23"><span class='ocrx_word' id='word_1_426' title='bbox 1691 3942 1906 4006; x_wconf 88' lang='lat' dir='ltr'><strong>tende.</strong></span> <span class='ocrx_word' id='word_1_427' title='bbox 1997 3960 2045 4029; x_wconf 68' lang='grc' dir='ltr'>γ</span> <span class='ocrx_word' id='word_1_428' title='bbox 2110 3942 2392 4005; x_wconf 89' lang='lat' dir='ltr'><strong>Intende</strong></span> <span class='ocrx_word' id='word_1_429' title='bbox 2460 3943 2678 4007; x_wconf 89' lang='lat' dir='ltr'><strong>anime</strong></span> <span class='ocrx_word' id='word_1_430' title='bbox 2740 3964 2888 4009; x_wconf 91' lang='lat' dir='ltr'><strong>mee</strong></span> 
     </span>
     <span class='ocr_line' id='line_1_90' title="bbox 1691 4030 2888 4115; baseline 0.002 -21"><span class='ocrx_word' id='word_1_431' title='bbox 1691 4042 1760 4095; x_wconf 86' lang='lat' dir='ltr'><strong>et</strong></span> <span class='ocrx_word' id='word_1_432' title='bbox 1807 4030 2012 4094; x_wconf 87' lang='lat' dir='ltr'><strong>libera</strong></span> <span class='ocrx_word' id='word_1_433' title='bbox 2071 4051 2236 4094; x_wconf 89' lang='lat' dir='ltr'><strong>eam.</strong></span> <span class='ocrx_word' id='word_1_434' title='bbox 2344 4031 2621 4115; x_wconf 87' lang='lat' dir='ltr'><strong>Propter</strong></span> <span class='ocrx_word' id='word_1_435' title='bbox 2673 4034 2888 4097; x_wconf 89' lang='lat' dir='ltr'><strong>inimi-</strong></span> 
     </span>
     <span class='ocr_line' id='line_1_91' title="bbox 1691 4119 2890 4203; baseline 0.002 -20"><span class='ocrx_word' id='word_1_436' title='bbox 1691 4140 1806 4184; x_wconf 88' lang='lat' dir='ltr'><strong>cos</strong></span> <span class='ocrx_word' id='word_1_437' title='bbox 1859 4139 2042 4183; x_wconf 82' lang='lat' dir='ltr'><strong>meos</strong></span> <span class='ocrx_word' id='word_1_438' title='bbox 2087 4120 2265 4203; x_wconf 89' lang='lat' dir='ltr'><strong>eripe</strong></span> <span class='ocrx_word' id='word_1_439' title='bbox 2315 4140 2438 4185; x_wconf 90' lang='lat' dir='ltr'><strong>me.</strong></span> <span class='ocrx_word' id='word_1_440' title='bbox 2539 4119 2624 4183; x_wconf 90' lang='lat' dir='ltr'><strong>In</strong></span> <span class='ocrx_word' id='word_1_441' title='bbox 2672 4122 2890 4185; x_wconf 84' lang='lat' dir='ltr'><strong>laudi-</strong></span> 
     </span>
     <span class='ocr_line' id='line_1_92' title="bbox 1694 4208 2887 4292; baseline 0.002 -19"><span class='ocrx_word' id='word_1_442' title='bbox 1694 4208 1825 4273; x_wconf 85' lang='lat' dir='ltr'><strong>bus.</strong></span> <span class='ocrx_word' id='word_1_443' title='bbox 2519 4210 2887 4292; x_wconf 75' lang='lat' dir='ltr'><strong>antiphona.</strong></span> 
     </span>
    </p>
   </div>
   <div class='ocr_carea' id='block_1_9' title="bbox 1711 4296 2890 4640">
    <p class='ocr_par' dir='ltr' id='par_1_9' title="bbox 1711 4296 2890 4575">
     <span class='ocr_line' id='line_1_93' title="bbox 1711 4296 2888 4429; baseline 0.005 -71"><span class='ocrx_word' id='word_1_444' title='bbox 1711 4297 1971 4429; x_wconf 85' lang='lat' dir='ltr'><strong>Vide</strong></span> <span class='ocrx_word' id='word_1_445' title='bbox 2083 4296 2353 4361; x_wconf 90' lang='lat' dir='ltr'><strong>domine</strong></span> <span class='ocrx_word' id='word_1_446' title='bbox 2465 4298 2888 4363; x_wconf 86' lang='lat' dir='ltr'><strong>afflictionem</strong></span> 
     </span>
     <span class='ocr_line' id='line_1_94' title="bbox 1865 4386 2890 4468; baseline 0.004 -20"><span class='ocrx_word' id='word_1_447' title='bbox 1865 4406 2126 4450; x_wconf 90' lang='lat' dir='ltr'><strong>meam:</strong></span> <span class='ocrx_word' id='word_1_448' title='bbox 2228 4386 2542 4468; x_wconf 89' lang='lat' dir='ltr'><strong>quoniam</strong></span> <span class='ocrx_word' id='word_1_449' title='bbox 2635 4399 2890 4454; x_wconf 87' lang='lat' dir='ltr'><strong>erectus</strong></span> 
     </span>
     <span class='ocr_line' id='line_1_95' title="bbox 2139 4524 2686 4575; baseline 0.004 -4"><span class='ocrx_word' id='word_1_450' title='bbox 2139 4524 2159 4553; x_wconf 82' lang='lat'>⁸</span> <span class='ocrx_word' id='word_1_451' title='bbox 2199 4524 2353 4572; x_wconf 87' lang='lat' dir='ltr'><strong>‘nos&#39;</strong></span> <span class='ocrx_word' id='word_1_452' title='bbox 2389 4538 2516 4574; x_wconf 91' lang='lat' dir='ltr'><strong>om.:</strong></span> <span class='ocrx_word' id='word_1_453' title='bbox 2553 4524 2686 4575; x_wconf 90' lang='lat' dir='ltr'><strong>E.G.</strong></span> 
     </span>
    </p>

    <p class='ocr_par' dir='ltr' id='par_1_10' title="bbox 1799 4588 2485 4640">
     <span class='ocr_line' id='line_1_96' title="bbox 1799 4588 2485 4640; baseline 0.003 -3"><span class='ocrx_word' id='word_1_454' title='bbox 1799 4592 1818 4619; x_wconf 81' lang='lat'>⁸</span> <span class='ocrx_word' id='word_1_455' title='bbox 1857 4588 2064 4637; x_wconf 83' lang='lat' dir='ltr'><strong>‘meus’</strong></span> <span class='ocrx_word' id='word_1_456' title='bbox 2099 4604 2226 4638; x_wconf 86' lang='lat' dir='ltr'><strong>om.:</strong></span> <span class='ocrx_word' id='word_1_457' title='bbox 2265 4590 2485 4640; x_wconf 85' lang='lat' dir='ltr'><strong>E.G.W.</strong></span> 
     </span>
    </p>
   </div>
  </div>
 </body>
</html>
