3375 5100
1220 390 1618 450 CORPORIS
1667 390 2015 446 CHRISTI.

897 503 1053 558 529

2182 501 2339 557 580

367 609 596 694 duplat
619 609 846 692 fuerit
871 609 1070 674 aliter
1094 629 1233 673 non.
1302 607 1392 672 Si
1418 625 1568 670 vero
1663 627 1927 672 servum
1988 627 2181 670 suum
2235 607 2398 672 hora
2446 629 2607 673 cene
2653 611 2872 677 dicere

370 700 442 763 in
472 699 578 763 die
604 698 882 780 corporis
915 697 1165 765 Christi
1176 697 1426 779 festum
1446 695 1565 757 du-

354 788 513 871 plex
563 788 702 850 sive
752 787 1027 868 simplex
1081 786 1163 850 ix.
1231 784 1570 849 lectionum

372 876 663 940 evenerit.
694 875 1046 956 differatur
1091 874 1160 938 in
1211 873 1570 936 crastinum

373 975 438 1028 et
448 974 600 1047 post
639 963 946 1026 secundas
1004 975 1293 1045 vesperas
1353 961 1422 1024 in
1469 959 1576 1024 die

375 1053 652 1136 corporis
680 1052 932 1118 Christi
947 1075 974 1114 .·
1002 1052 1140 1133 fiat
1166 1050 1478 1114 memoria
1500 1048 1580 1110 de

375 1151 592 1204 sancto
632 1151 696 1204 et
741 1141 810 1203 in
854 1141 965 1204 illo
991 1141 1274 1203 crastino
1317 1147 1575 1201 tantum

360 1232 501 1313 fiat
559 1229 870 1293 memoria
927 1229 1006 1292 de
1054 1229 1228 1311 festo
1299 1225 1580 1308 corporis

383 1319 633 1385 Christi
654 1318 720 1381 si
730 1319 986 1399 festum
1029 1317 1120 1380 sit
1159 1317 1402 1398 duplex.
1497 1313 1585 1378 Si

379 1429 525 1472 vero
554 1407 648 1469 sit
659 1407 917 1489 festum
957 1405 1224 1487 simplex
1257 1404 1338 1468 ix.
1373 1402 1584 1466 lectio-

379 1517 538 1560 num
562 1495 768 1559 medie
793 1494 1082 1558 lectiones
1108 1494 1294 1575 fiant
1332 1493 1413 1555 de
1437 1491 1582 1573 fes-

380 1595 442 1648 to
469 1584 745 1666 corporis
772 1582 1031 1649 Christi.
1097 1582 1313 1645 Festis
1331 1580 1350 1619 ¹
1404 1592 1584 1662 apos-

385 1675 657 1737 tolorum
702 1672 914 1735 sancti
979 1671 1262 1736 barnabe
1318 1678 1380 1732 et
1419 1689 1583 1731 com·-

383 1761 861 1826 memorationis
887 1759 1098 1823 sancti
1110 1758 1306 1840 pauli
1322 1755 1588 1838 exceptis

387 1852 457 1914 in
531 1849 763 1932 quibus
837 1848 1041 1912 medie
1081 1847 1407 1922 ‚lectiones
1459 1865 1584 1907 non

369 1940 556 2024 fient.
651 1938 738 2002 Si
786 1947 1001 2000 autem
1063 1935 1317 2017 festum
1379 1932 1588 1996 trium

387 2027 723 2092 lectionum
801 2026 870 2088 in
951 2025 1062 2088 illo
1135 2024 1243 2086 die
1310 2021 1589 2103 corporis

394 2115 644 2184 Christi
681 2113 963 2179 evenerit
979 2137 1004 2178 .·
1048 2114 1233 2176 nulla
1245 2111 1373 2195 fiet
1393 2131 1588 2173 mem-

388 2227 546 2269 oria.

393 2298 458 2373 (1'
502 2295 588 2357 In
601 2291 780 2374 festo
807 2288 1086 2372 corporis
1122 2287 1384 2355 Christi.

392 2392 685 2463 vesperas
713 2379 1080 2462 antiphona.

393 2470 783 2607 &certios
829 2469 895 2532 in
943 2477 1242 2530 eternum
1291 2463 1596 2530 Christus

507 2560 818 2625 dominus
877 2554 1242 2621 secundum
1291 2554 1593 2618 ordinem

397 2645 879 2713 melchisedech
941 2664 1183 2728 panem
1245 2651 1313 2707 et
1370 2642 1596 2706 vinum

399 2736 658 2821 optulit.
692 2744 794 2817 ps.
872 2734 1068 2798 Dixit
1114 2732 1443 2797 dominus·
1490 2738 1596 2792 an.

400 2827 752 2890 Miserator
780 2823 1088 2887 dominus
1141 2840 1361 2884 escam
1415 2817 1601 2883 dedit

402 2912 795 2979 timentibus
825 2932 898 2975 se
929 2912 997 2973 in
1031 2909 1420 2973 memoriam
1454 2927 1602 2970 suo-

401 3024 547 3067 rum
603 3000 1018 3064 mirabilium.
1048 3008 1149 3080 ps.
1199 2995 1602 3064 Confitebor.

405 3100 509 3157 an.
560 3088 856 3156 Calicem
919 3086 1224 3151 salutaris
1280 3084 1602 3167 accipiam

404 3190 472 3244 et
503 3177 888 3243 sacrificabo
918 3176 1207 3239 hostiam
1239 3173 1470 3237 laudis
1508 3180 1604 3253 ps'.

407 3267 676 3334 Credidi
727 3275 1012 3349 propter.
1079 3272 1185 3327 aii.
1256 3262 1442 3327 Sicut
1489 3280 1606 3323 no-

406 3356 580 3422 velle
681 3355 1004 3418 olivarum
1119 3350 1394 3416 ecclesie
1489 3348 1606 3411 filii

409 3446 542 3509 sint
603 3445 670 3507 in
724 3444 997 3507 circuitu
1058 3460 1286 3504 mense
1336 3438 1608 3502 domini.

397 3542 498 3616 ps.
547 3532 736 3597 Beati
767 3550 999 3595 omnes
1029 3530 1141 3612 qui
1163 3528 1414 3592 timent.
1461 3534 1609 3591 ana.

1472 2286 1601 2349 Ad

415 3622 550 3705 Qui
596 3640 828 3704 pacem
875 3620 1066 3702 ponit
1127 3617 1294 3681 fines
1339 3614 1645 3683 ecclesie.

415 3708 726 3774 frumenti
759 3729 847 3772 ex
880 3708 1074 3790 adipe
1105 3706 1312 3769 saciat
1343 3724 1465 3767 nos
1496 3704 1612 3766 do-

419 3800 653 3862 minus,
685 3806 786 3880 pf.
836 3796 1072 3861 Lauda
1100 3793 1512 3858 hierusalem.

621 3888 836 3949 minus
853 3886 1046 3967 Jesus
1065 3884 1130 3945 in
1158 3902 1291 3965 qua
1325 3880 1618 3965 [Capl’m.

577 3984 770 4040 nocte
800 3972 1186 4037 tradebatur
1215 3970 1471 4053 accepit
1501 3990 1616 4052 pa-

423 4084 578 4128 nem
639 4072 706 4128 et
759 4062 1008 4145 gratias
1057 4080 1265 4141 agens
1326 4058 1518 4142 fregit
1551 4066 1620 4121 et

423 4154 636 4216 dixit:
673 4151 954 4234 accipite
985 4158 1054 4212 et
1073 4148 1470 4213 manducate
1493 4147 1618 4211 hoc

427 4249 530 4304 est
557 4260 797 4323 corpus
844 4258 1066 4303 meum
1117 4237 1294 4318 quod
1341 4256 1461 4319 pro
1505 4256 1624 4299 vo-

428 4328 531 4392 bis
559 4329 873 4393 tradetur.
917 4327 1034 4390 Re.
1069 4324 1300 4388 Homo
1348 4323 1618 4405 quidam

430 4416 586 4481 fecit
648 4436 882 4481 cenam
961 4434 1272 4499 magnam
1324 4420 1394 4476 et
1442 4411 1620 4475 misit

1666 697 1960 760 invitatis
2007 705 2081 759 ut
2124 697 2439 762 venirent.
2532 698 2708 781 Quia
2753 721 2870 784 pa-

1670 794 1813 849 rata
1832 795 1987 848 sunt
2011 786 2247 848 omnia.
2296 803 2343 872 y
2387 786 2629 850 Venite
2651 809 2872 853 come-

1673 874 1811 936 dite
1886 893 2129 954 panem
2206 895 2429 938 meum
2508 885 2577 939 et
2666 879 2875 941 bibite
2936 899 2943 902 ·

1670 963 1898 1025 vinum
1941 962 2121 1043 quod
2156 963 2385 1026 miscui
2408 964 2610 1028 vobis,
2677 965 2873 1047 Quia.

1675 1049 1904 1114 Gloria
1934 1050 2124 1132 patri.
2174 1049 2366 1132 Quia.
2548 1054 2873 1134 Hymnus.

1674 1141 1998 1270 Pange
2046 1138 2273 1221 lingua
2331 1139 2595 1222 gloriosi
2644 1165 2876 1226 corpo-

1838 1229 1923 1290 ris
1968 1229 2355 1310 mysterium
2410 1231 2879 1314 sanguinisque

1677 1315 1955 1398 preciosi
1988 1335 2187 1398 quem
2220 1316 2287 1378 in
2320 1319 2549 1381 mundi
2582 1323 2876 1402 precium

1679 1404 1929 1467 fructus
1952 1406 2199 1467 ventris
2218 1409 2523 1486 generosi
2549 1429 2671 1471 rex
2717 1410 2880 1474 effu-

1679 1494 1780 1556 dit
1810 1493 2125 1574 gentium.
2216 1493 2434 1558 Nobis
2465 1495 2661 1562 datus
2692 1500 2885 1563 nobis

1681 1590 1879 1644 natus
1941 1602 2029 1644 ex
2090 1581 2340 1645 intacta
2388 1584 2640 1667 virgine
2702 1598 2769 1651 et
2816 1589 2882 1652 in

1683 1668 1934 1732 mundo
1965 1680 2389 1734 conversatus
2440 1693 2670 1754 sparso
2699 1675 2882 1740 verbi

1682 1759 1934 1821 semine
1964 1759 2063 1822 sui
2090 1779 2307 1822 moras
2339 1761 2663 1826 incolatus
2716 1767 2886 1828 miro

1683 1846 1919 1910 clausit
2010 1847 2257 1910 ordine.
2389 1849 2473 1912 In
2579 1872 2886 1934 supreme

1686 1943 1882 1998 nocte
1987 1954 2147 1998 cene
2237 1938 2623 2002 recumbens
2733 1962 2885 2004 cum

1684 2021 1995 2087 fratribus
2019 2022 2365 2088 observata
2396 2025 2542 2108 lege
2572 2027 2768 2110 plene
2800 2031 2889 2093 ci-

1686 2111 1789 2175 bis
1863 2112 1927 2174 in
2006 2109 2327 2193 legalibus
2398 2115 2620 2178 cibum
2700 2119 2893 2182 turbe

1690 2199 1998 2263 duodene
2060 2219 2133 2262 se
2206 2201 2324 2265 dat
2383 2203 2517 2266 suis
2567 2207 2891 2272 manibus,

1709 2288 1996 2354 Verbum
2031 2307 2183 2351 caro
2216 2310 2457 2371 panem
2489 2312 2717 2356 verum
2749 2317 2892 2359 ver-

1693 2376 1782 2440 bo
1813 2397 2079 2440 carnem
2117 2377 2317 2442 efficit
2365 2378 2570 2462 fitque
2625 2385 2894 2466 sanguis

1697 2465 1939 2530 Christi
1974 2484 2225 2528 merum
2274 2474 2342 2530 et
2370 2467 2425 2530 si
2458 2489 2689 2535 sensus
2726 2473 2890 2536 defi-

1696 2556 1785 2619 cit
1817 2555 1901 2617 ad
1936 2552 2331 2619 firmandum
2394 2577 2509 2621 cor
2565 2562 2892 2626 sincerum

1696 2642 1840 2708 sola
1870 2642 2033 2705 fides
2064 2644 2321 2708 sufficit.
2418 2646 2705 2714 Tantum
2738 2672 2899 2733 ergo

1698 2740 2185 2796 sacramentum
2244 2754 2632 2799 veneremur
2676 2742 2899 2804 cernui

1701 2830 1768 2884 et
1813 2820 2159 2903 antiquum
2206 2821 2679 2889 documentum
2727 2848 2902 2894 novo

1701 2909 1899 2973 cedat
1983 2909 2131 2971 ritui
2208 2921 2460 2993 prestet
2518 2913 2683 2977 fides
2745 2938 2900 3000 sup-

1702 2998 2115 3081 plementum
2192 3018 2505 3063 sensuum
2594 3004 2899 3071 defectui.

1709 3086 2003 3150 Genitori
2035 3086 2393 3169 genitoque
2440 3089 2583 3153 laus
2614 3102 2683 3155 et
2728 3092 2906 3176 jubi-

1705 3175 1868 3238 latio
1897 3196 1910 3239 :
1955 3174 2133 3237 salus
2164 3174 2375 3239 honor
2403 3178 2608 3242 virtus
2641 3202 2905 3264 quoque

1706 3264 1791 3327 sit
1821 3272 1889 3326 et
1921 3262 2340 3328 benedictio:
2387 3270 2770 3347 procedenti
2816 3272 2901 3333 ab

1706 3362 1987 3433 utroque
2076 3372 2351 3434 compar
2430 3355 2515 3419 sit
2596 3356 2907 3424 laudatio,

1707 3440 1951 3504 Amen.
2000 3456 2047 3525 γ
2094 3440 2342 3503 Panem
2391 3444 2476 3506 de
2522 3444 2668 3508 celo
2729 3467 2907 3529 pres-

1708 3530 1901 3592 titisti
1963 3528 2075 3593 eis,
2166 3528 2387 3593 Omne
2462 3530 2907 3597 delectamen-

1708 3626 1853 3681 tum
1904 3616 1970 3680 in
2020 3636 2089 3679 se
2150 3616 2507 3682 habentem
2569 3620 2734 3685 all'a.
2825 3624 2911 3686 In

1710 3704 2035 3787 evangelio
2086 3714 2191 3768 an.
2284 3705 2345 3770 O
2408 3727 2609 3789 quam
2688 3713 2907 3775 suavis

1714 3803 1813 3857 est
1834 3794 2101 3857 domine
2147 3794 2415 3875 spiritus
2447 3805 2639 3862 tuus:
2686 3801 2800 3873 qui
2837 3814 2911 3864 ut

1716 3881 2137 3946 dulcedinem
2199 3891 2385 3948 tuam
2450 3884 2516 3948 in
2567 3874 2737 3951 filios
2798 3890 2913 3952 de-

1717 3979 2119 4034 monstrares
2171 3991 2346 4054 pane
2391 3976 2783 4039 suavissimo
2829 3979 2915 4041 de

1717 4058 1859 4124 celo
1918 4060 2195 4141 prestito
2242 4064 2603 4127 esurientes
2656 4066 2917 4147 replens

1714 4146 1909 4211 bonis
1970 4146 2347 4213 fastidiosos
2409 4150 2645 4216 divites
2694 4154 2917 4219 dimit-

1718 4244 1865 4301 tens
1896 4236 2143 4299 inanes
2176 4246 2276 4318 ps'.
2326 4238 2734 4320 Magnificat.
2770 4243 2919 4307 Oro,

1915 4344 1991 4387 us
2022 4324 2137 4406 qui
2158 4326 2349 4389 nobis
2392 4328 2517 4391 sub
2552 4350 2924 4394 sacramen-

1875 4421 1950 4476 to
2017 4412 2297 4476 mirabili
2400 4416 2727 4495 passionis
2811 4426 2927 4487 tue

1520 4588 1534 4618 ¹
1571 4588 1709 4637 Festo
1719 4604 1737 4637 .·
1770 4588 1840 4637 N.

2504 4710 2666 4761 MM
