3375 5100
776 345 1201 402 D0.‡JJNJCA
1254 345 1645 402 SECUNDA
1707 345 2407 415 QUADRAGESJME.

860 454 1010 508 297

328 563 393 638 (l
440 559 789 624 Dominica
820 561 882 643 τ]
903 559 1410 643 quadragesime.

328 649 629 714 Sabbato.
699 649 822 712 Ad
844 659 1137 732 vesperas
1164 657 1268 712 αῆ.
1319 650 1528 712 Bene-

325 739 561 801 dictus,
625 746 725 818 pssr'.
762 737 1012 820 Ipsum.
1094 737 1243 820 Cap.
1281 737 1529 800 Horta·

327 846 489 890 mur.
580 825 693 888 Re.
732 826 909 890 Ecce
937 825 1119 890 odor.
1204 824 1531 906 Hymnus.

331 915 442 977 Ex
476 935 659 977 more
690 915 888 979 docti.
978 931 1027 1000 γ
1067 914 1351 997 Angelis
1376 915 1529 979 suis·

324 1003 409 1066 In
440 1022 695 1085 evange.
740 1012 845 1068 aii.
896 1002 1287 1066 Neminem¹
1336 1002 1527 1066 dixe-

326 1091 467 1155 ritis
505 1091 827 1155 visionem
860 1091 1074 1155 donec
1106 1090 1281 1154 filius
1310 1089 1525 1154 homi-

326 1179 427 1242 nis
502 1199 545 1242 a
619 1179 901 1244 mortuis
986 1189 1300 1263 resurgat.
1421 1189 1527 1261 pf.

327 1267 736 1350 Magnificat.
1274 1267 1525 1334 Oratio.

520 1377 599 1419 us
630 1356 744 1440 qui
792 1355 1121 1440 conspicis
1168 1357 1351 1422 omni
1401 1376 1526 1421 nos

480 1445 724 1510 virtute
798 1445 1069 1509 destitui
1106 1466 1121 1510 ε
1213 1445 1525 1510 interius:

326 1533 754 1617 exteriusque
815 1534 1093 1597 custodi.
1184 1542 1261 1597 ut
1320 1543 1388 1597 et
1435 1533 1525 1598 ab

326 1622 641 1686 omnibus
699 1622 1214 1686 adversitatibus
1266 1622 1525 1686 munia-

326 1729 474 1773 mur
493 1711 561 1772 in
590 1730 867 1794 corpore
888 1719 959 1774 et
977 1732 1018 1775 a
1037 1710 1255 1793 pravis
1272 1711 1524 1793 cogita-

321 1799 615 1862 tionibus
690 1799 1090 1862 mundemur
1155 1798 1222 1862 in
1283 1810 1525 1864 mente.

325 1888 467 1951 Per.
567 1887 694 1952 Ad
745 1887 1002 1952 maluti.
1063 1887 1309 1952 Invita.
1374 1887 1523 1951 Plo-

323 1996 545 2039 remus
574 1995 799 2040 coram
830 1977 1107 2041 domino
1128 1976 1258 2040 deo
1276 1985 1522 2041 nostro,

324 2063 458 2148 Qui
492 2063 647 2128 fecit
679 2084 818 2129 nos.
864 2073 969 2147 pf.
1001 2065 1262 2130 Venite.
1308 2065 1522 2145 Hym-

320 2173 463 2218 nus.
526 2152 804 2218 Summe
835 2153 1125 2236 largitor.
1198 2153 1283 2216 In
1300 2153 1524 2236 primo

323 2249 627 2304 nocturno
678 2250 785 2306 αῆ.
850 2242 977 2305 Pro
1048 2241 1204 2306 fidei
1251 2241 1519 2306 meritis.

307 2339 409 2411 pf.
487 2330 735 2394 Beatus
792 2331 907 2394 vir.
967 2339 1073 2395 etc.
1195 2346 1244 2415 γ
1320 2331 1523 2395 Dicet

320 2417 613 2482 domino.
1041 2419 1258 2483 Lectio
1270 2419 1519 2501 prima.

317 2507 627 2642 senuit
671 2514 896 2572 autem
941 2527 1146 2591 ysaac
1174 2516 1244 2573 et
1273 2508 1519 2591 caliga-

429 2606 667 2661 verunt
736 2596 909 2661 oculi
970 2597 1115 2680 ejus
1174 2596 1234 2661 ei
1295 2598 1519 2662 videre

318 2704 451 2748 non
500 2692 783 2768 poterat.
872 2686 1291 2769 Vocavitque
1358 2706 1517 2750 esau

317 2772 527 2836 filium
558 2792 752 2837 suum
785 2773 1108 2857 majorem
1138 2783 1208 2838 et
1237 2774 1415 2839 dixit
1438 2776 1517 2841 ei.

319 2862 445 2925 Fili
480 2862 589 2927 mi.
650 2860 785 2945 Qui
817 2863 1177 2945 respondit.
1244 2862 1515 2928 Assum.

319 2950 445 3015 Cui
494 2961 699 3033 pater.
788 2951 998 3015 Vides
1059 2952 1274 3033 inquit
1334 2952 1515 3033 quod

316 3040 643 3103 senuerim
667 3059 683 3105 ε
714 3048 782 3103 et
806 3040 1105 3121 ignorem
1124 3040 1303 3104 diem
1338 3060 1517 3104 mor-

316 3127 403 3190 ris
458 3148 623 3192 mee.
716 3128 925 3193 Sume
985 3148 1171 3192 arma
1231 3139 1350 3193 tua
1410 3129 1516 3193 et²

314 3215 695 3297 pharetram
727 3226 795 3280 et
842 3237 1069 3282 arcum
1101 3226 1168 3281 et
1200 3218 1516 3300 egredere

312 3302 506 3368 foras.
601 3305 882 3388 Cunque
963 3304 1216 3388 aliquid
1278 3326 1517 3390 appre-

312 3390 621 3457 henderis
667 3393 771 3458 sac
824 3392 985 3458 mihi
1024 3394 1177 3459 inde
1209 3393 1513 3477 pulmen-

310 3488 457 3543 tum
488 3483 660 3547 sicut
706 3502 815 3545 me
844 3482 1012 3546 velle
1044 3484 1217 3547 nosti
1251 3492 1321 3547 et
1352 3483 1515 3547 affer

310 3578 387 3634 ut
434 3572 824 3635 comedam:
869 3580 937 3634 et
990 3571 1343 3636 benedicat
1390 3572 1512 3636 tibi

312 3660 535 3722 anima
596 3680 748 3723 mea
820 3668 1181 3743 antequam
1254 3661 1509 3724 moriar.

310 3746 424 3811 Re.
473 3745 667 3811 Tolle
716 3767 905 3811 arma
951 3757 1069 3812 tua
1127 3747 1511 3831 pharetram

308 3844 379 3899 et
427 3856 653 3899 arcum
706 3845 777 3900 et
824 3836 986 3900 affer
1030 3837 1117 3901 de
1157 3838 1513 3902 venatione

307 3932 425 3987 tua
458 3934 530 3988 ut
563 3924 931 3989 comedam.
1023 3925 1116 3989 Et
1162 3924 1515 3990 benedicat

309 4012 431 4076 tibi
465 4014 686 4077 anima
721 4033 887 4077 mea.
1072 4014 1357 4097 Cunque
1401 4034 1513 4078 ve-

307 4111 467 4164 natu
521 4101 772 4183 aliquid
834 4110 979 4166 attu
1006 4104 1135 4166 eris
1194 4103 1299 4167 fac
1349 4102 1510 4167 mihi

306 4188 463 4253 inde
524 4191 945 4273 pulmentum
1007 4199 1082 4255 ut
1142 4192 1509 4257 comedam.

308 4278 416 4342 Et.
1181 4280 1396 4345 Lectio
1436 4280 1509 4363 ᾔ.

624 4434 639 4464 ¹
674 4432 910 4482 Nemini:
946 4433 1173 4484 E.G.W.

618 4500 639 4528 ²
676 4504 759 4547 ‘et
780 4500 792 4522 '
824 4515 953 4549 om.:
990 4502 1056 4551 G.

618 4567 641 4595 ⁸
670 4565 903 4617 abiissem
939 4566 1074 4617 E.G.

2141 453 2298 508 298

1767 559 1899 622 uod
1931 581 2082 625 cum
2117 561 2410 625 audisset
2463 560 2736 626 rebecca
2765 569 2834 624 et

1638 561 1876 728 Qille
1908 648 2194 714 abisset⁸
2223 651 2290 712 in
2322 669 2558 732 agrum
2591 659 2667 713 ut
2692 648 2831 731 jus-

1626 737 1884 800 sionem
1917 738 2125 820 patris
2155 737 2457 820 expleret
2488 738 2664 802 dixit
2695 737 2834 802 filio

1626 845 1750 888 suo
1785 825 2004 908 jacob.
2064 825 2316 891 Audivi
2349 835 2606 909 patrem
2639 836 2830 890 tuum

1626 912 2014 997 loquentem
2069 935 2222 979 cum
2273 935 2432 978 esau
2482 914 2680 980 fratre
2711 923 2831 979 tuo

1626 1011 1696 1066 et
1742 1003 2074 1067 dicentem
2123 1004 2202 1068 ei.
2292 1003 2486 1067 Affer
2533 1003 2696 1067 mihi
2745 1006 2832 1068 de

1626 1091 1984 1156 venatione
2046 1101 2161 1156 tua
2224 1100 2294 1155 et
2353 1091 2458 1155 fac
2519 1093 2704 1155 cibos
2755 1101 2831 1156 ut

1624 1179 1976 1243 comedam
2011 1189 2078 1244 et
2110 1179 2501 1244 benedicam
2545 1181 2664 1244 tibi
2718 1201 2829 1244 co-

1624 1286 1767 1331 ram
1829 1268 2133 1332 domino·
2159 1278 2520 1352 antequam
2571 1269 2828 1333 moriar.

1623 1355 1742 1420 Re.
1776 1356 1953 1420 Ecce
1985 1358 2151 1421 odor
2182 1356 2296 1420 filii
2323 1358 2454 1420 mei
2474 1357 2644 1420 sicut
2663 1358 2832 1421 odor

1624 1445 1766 1526 agri
1825 1445 2008 1528 pleni
2058 1465 2260 1527 quem
2309 1445 2657 1510 benedixit
2709 1446 2830 1510 do-

1626 1533 1845 1596 minus
1877 1553 2166 1598 crescere
2189 1543 2258 1598 te
2278 1535 2479 1600 faciat
2496 1536 2658 1598 deus
2691 1555 2827 1598 me-

1624 1641 1704 1685 us
1735 1621 1906 1686 sicut
1937 1642 2206 1686 arenam
2241 1624 2460 1687 maris,
2508 1622 2600 1686 Et
2623 1623 2827 1687 donet

1623 1708 1746 1774 tibi
1777 1710 1865 1775 de
1896 1731 2040 1775 rore
2093 1711 2216 1774 celi
2271 1711 2828 1776 benedictionem.

1626 1814 1672 1884 y
1729 1797 1862 1881 Qui
1919 1799 2346 1864 maledixerit
2393 1798 2516 1864 tibi
2567 1801 2654 1864 sit
2713 1800 2827 1864 ille

1626 1886 2072 1952 maledictus:
2118 1896 2188 1953 et
2238 1888 2350 1970 qui
2406 1888 2828 1953 benedixerit

1620 1976 1744 2040 tibi
1781 1997 1796 2040 ε
1843 1976 2420 2042 benedictionibus
2479 1977 2826 2060 repleatur.

1623 2063 1718 2128 Et
1747 2063 1972 2130 donet.
2483 2065 2703 2129 Lectio
2725 2065 2822 2148 iij.

1618 2154 1804 2284 N
1808 2172 1936 2217 unc
1985 2173 2144 2237 ergo
2185 2151 2277 2218 fili
2333 2153 2424 2218 mi
2479 2155 2824 2236 acquiesce

1807 2242 2098 2306 consiliis
2159 2243 2363 2308 meis:
2409 2250 2479 2307 et
2539 2262 2822 2324 pergens

1621 2329 1706 2392 ad
1729 2349 2002 2412 gregem
2023 2331 2186 2395 affer
2204 2330 2365 2394 mihi
2383 2331 2552 2394 duos
2575 2330 2820 2395 hedos⁴

1618 2420 1953 2500 optimos:
2001 2429 2076 2484 ut
2119 2418 2360 2483 faciam
2409 2439 2594 2484 escas
2647 2418 2820 2502 patri

1620 2514 1738 2571 tuo
1801 2506 2043 2591 quibus
2121 2507 2401 2573 libenter
2474 2507 2822 2573 vescetur.¹⁵

1618 2594 1808 2678 Quas
1841 2617 1993 2662 cum
2025 2598 2324 2661 intuleris
2353 2606 2422 2662 et
2453 2598 2820 2662 comederit

1617 2684 1970 2750 benedicat
2021 2686 2142 2749 tibi
2197 2687 2582 2769 priusquam
2621 2687 2820 2749 mori-

1616 2782 1782 2839 atur.
1870 2774 1985 2838 Re.
2035 2774 2170 2838 Det
2201 2775 2322 2839 tibi
2354 2775 2522 2839 deus
2561 2775 2644 2839 de
2675 2795 2822 2839 rore

1617 2860 1740 2925 celi
1795 2870 1863 2925 et
1910 2862 1997 2927 de
2045 2864 2451 2946 pinguedine
2499 2873 2669 2927 terre
2701 2864 2820 2927 ha-

1617 2949 2099 3017 bundantiam:
2131 2953 2421 3016 serviant
2452 2952 2574 3016 tibi
2605 2952 2820 3016 tribus

1617 3038 1865 3121 populi.
1957 3040 2128 3105 Esto
2176 3041 2488 3105 dominus
2540 3041 2818 3105 fratrum

1617 3136 1899 3194 tuorum.
1991 3145 2040 3214 γ
2088 3129 2178 3193 Et
2211 3130 2630 3194 incurventur
2661 3139 2818 3195 ante

1615 3223 1683 3280 te
1715 3215 1830 3280 filii
1867 3218 2096 3281 matris
2127 3227 2258 3284 tue.
2325 3219 2512 3283 Esto,
2587 3217 2818 3283 Gloria

1612 3305 1805 3387 patri.
1898 3306 2086 3371 Esto,

1610 3393 1697 3456 In
1717 3393 1786 3476 ᾔ.
1800 3403 2102 3457 nocturno
2111 3402 2214 3459 ανῖ.
2235 3394 2504 3458 Nature.
2522 3402 2622 3477 pf.
2640 3393 2816 3459 Con·

1612 3479 1966 3546 serva.⁶etc.
1999 3499 2045 3569 y
2072 3483 2226 3565 Ipse
2246 3482 2562 3546 liberavit.
2587 3482 2818 3546 Sermo

1614 3569 1787 3635 beati
1789 3570 2116 3652 johannis
2143 3570 2422 3654 episcopi.
2490 3569 2656 3634 Lect.
2689 3570 2816 3652 iiij.

1610 3658 2029 3791 Portabat
2088 3668 2314 3723 autem
2377 3658 2650 3722 rebecca
2702 3678 2818 3741 ge-

1765 3748 1982 3811 minos
2041 3747 2109 3811 in
2141 3756 2331 3811 utero
2382 3746 2616 3811 fratres
2657 3756 2818 3811 ante

1614 3842 1800 3898 ortus
1813 3834 2134 3919 principia
2145 3834 2516 3899 bellatores
2538 3835 2816 3900 Certan-

1612 3931 1719 3987 tes
1749 3922 1922 3987 filios
1945 3934 2104 3988 ante
2131 3933 2344 3987 mater
2373 3924 2576 3988 sentit
2607 3943 2812 4007 quam

1613 4012 1845 4079 novit:
1889 4021 2048 4077 ante
2079 4012 2330 4095 patitur
2360 4033 2562 4095 quam
2594 4014 2812 4079 videt:

1613 4109 1772 4164 ante
1845 4102 2130 4165 sustinet
2215 4122 2416 4183 quam
2494 4104 2812 4184 agnoscit.

1616 4188 1836 4253 Licuit
1861 4188 2142 4253 filiorum
2175 4190 2350 4255 bella
2381 4193 2624 4255 sentire
2643 4212 2816 4274 quos

1612 4278 1908 4343 nondum
1983 4278 2166 4343 licuit
2240 4300 2574 4363 generare.
2695 4280 2814 4345 Re.

1915 4436 1932 4465 ⁴
1967 4434 2120 4484 edos:
2155 4433 2220 4484 Ε.

1910 4500 1931 4530 ⁸
1963 4501 2204 4549 vescitur:
2241 4500 2375 4550 EG.

1909 4569 1930 4597 ⁸
1967 4568 2148 4617 Beatus
2173 4566 2275 4617 vir:
2313 4566 2375 4617 Ε.
