3375 5100
1088 430 1101 441 ο
1164 344 1288 399 AD
1334 342 1463 397 MA
1480 342 1864 400 TUTINAS.

779 454 921 512 815

228 565 431 631 letur
459 582 657 647 super
680 561 977 626 libanum
1010 560 1259 625 fructus
1291 559 1467 642 ejus:

234 667 316 719 et
352 653 689 717 florebunt
717 651 804 714 de
848 651 1117 713 civitate
1162 648 1332 712 sicut
1374 647 1467 711 fe-

2144 453 2286 511 816

1564 560 1874 625 dicebam
1921 561 2204 624 narrabo
2249 561 2384 625 sic:
2429 580 2582 626 ecce
2604 560 2630 603 ⁸
2661 532 2775 627 na-

1568 649 1822 714 tionem
1885 649 2171 713 filiorum
2226 658 2490 713 tuorum
2556 672 2776 734 repro-

236 762 421 808 num
446 752 632 805 terre.
730 739 840 803 Sit
886 759 1130 802 nomen
1178 737 1321 819 ejus
1354 737 1471 800 be-
1570 737 1740 802 bavi.
1813 738 2318 801 Existimabam
2367 748 2440 801 ut
2496 760 2776 822 cognos-

238 832 600 897 nedictum
648 829 714 891 in
747 827 1012 891 secula:
1060 837 1215 890 ante
1256 825 1466 888 solem

240 928 608 1005 permanet
656 936 900 981 nomen
956 914 1116 998 ejus,
1206 914 1301 977 Et
1353 914 1469 976 be·

242 1010 650 1073 nedicentur
680 1007 746 1070 in
796 1006 941 1087 ipso
986 1024 1221 1067 omnes
1246 997 1466 1067 'tribus

242 1108 477 1162 terre:
524 1114 757 1159 omnes
801 1103 1037 1175 gentes
1083 1090 1469 1173 magnifica-

244 1186 432 1251 bunt
461 1204 633 1248 eum.
716 1183 1123 1247 Benedictus
1154 1181 1467 1244 dominus

247 1276 427 1338 deus
482 1271 673 1336 israel
702 1294 737 1335 :.
766 1272 880 1353 qui
932 1268 1093 1333 facit
1142 1268 1468 1333 mirabilia

248 1363 461 1427 solus,
574 1360 675 1424 Et
735 1359 1159 1423 benedictum
1222 1376 1467 1420 nomen

250 1450 633 1533 majestatis
681 1447 825 1529 ejus
878 1447 944 1510 in
994 1456 1347 1511 eternum:
1400 1454 1471 1509 et

254 1538 627 1621 replebitur
663 1536 1015 1618 majestate
1060 1535 1205 1617 ejus
1248 1534 1471 1597 omnis

250 1639 439 1692 terra
485 1624 605 1689 fiat
636 1624 793 1689 fiat.¹
884 1622 947 1687 A
960 1632 1021 1688 ἢ.
1089 1624 1257 1687 Esto
1304 1621 1467 1685 mihi

253 1717 536 1781 domine
570 1716 635 1777 in
668 1714 869 1775 deum
902 1720 1363 1794 protectorem.

402 1823 557 1867 uam
591 1802 806 1866 bonus
852 1800 1042 1863 israel
1090 1798 1473 1883 [Psalmus.²

402 1893 607 1956 deus:
654 1890 756 1953 his
787 1890 901 1971 qui
934 1898 1116 1952 recto
1145 1895 1301 1952 sunt
1332 1907 1472 1950 cor-

260 1982 369 2045 de.
446 1980 594 2044 Mei
641 1988 869 2043 autem
916 1996 1085 2059 pene
1118 1977 1284 2040 moti
1315 1984 1473 2039 sunt

262 2070 518 2153 pedes:
565 2086 737 2151 pene
782 2066 971 2129 effusi
1018 2074 1175 2129 sunt
1210 2084 1473 2147 gressus

265 2158 419 2221 mei.
502 2156 670 2235 Quia
701 2155 905 2219 zelavi
938 2174 1138 2237 super
1167 2154 1429 2235 iniquos
1457 2173 1473 2218 :

265 2266 505 2330 pacem
537 2254 961 2328 peccatorum
992 2243 1241 2307 videns,
1302 2240 1475 2321 Quia

268 2354 405 2398 non
454 2343 558 2397 est
608 2342 947 2415 respectus
996 2331 1194 2395 morti
1243 2350 1475 2394 eorum

268 2432 338 2487 et
369 2422 865 2487 firmamentum
896 2421 965 2484 in
996 2420 1195 2503 plaga
1226 2439 1475 2483 eorum.

268 2512 353 2576 In
412 2511 637 2576 labore
691 2509 1037 2574 hominum
1092 2529 1226 2573 non
1280 2515 1475 2573 sunt:

270 2611 339 2666 et
376 2621 527 2665 cum
574 2599 955 2663 hominibus
1002 2618 1132 2661 non
1182 2596 1477 2682 flagella-

273 2690 535 2754 buntur.
626 2688 799 2752 Ideo
840 2687 1060 2750 tenuit
1090 2706 1203 2750 eos
1249 2705 1477 2769 super-

274 2779 429 2842 bia:
505 2778 718 2860 operti
779 2785 937 2840 sunt
996 2774 1347 2858 iniquitate
1408 2783 1478 2838 et

277 2867 620 2950 impietate
652 2885 787 2929 sua.
870 2864 1134 2929 Prodiit
1167 2863 1355 2947 quasi
1387 2883 1477 2926 ex

278 2955 473 3038 adipe
520 2955 832 3036 iniquitas
876 2972 1151 3016 eorum:
1200 2950 1477 3015 transie-

280 3053 433 3107 runt
464 3043 529 3107 in
562 3042 875 3106 affectum
908 3041 1139 3105 cordis,
1211 3040 1479 3122 Cogita-

278 3141 513 3196 verunt
544 3141 612 3194 et
642 3130 843 3193 locuti
882 3137 1037 3193 sunt
1068 3129 1433 3211 nequitiam
1463 3149 1479 3193 :

282 3222 699 3304 iniquitatem
714 3220 779 3282 in
794 3218 1062 3281 excelso
1080 3216 1284 3281 locuti
1304 3226 1479 3282 sunt.

282 3311 661 3374 Posuerunt
692 3308 759 3370 in
791 3306 1005 3371 celum
1038 3325 1115 3370 os
1144 3326 1337 3370 suum
1364 3327 1378 3369 :
1412 3314 1481 3368 et

284 3399 507 3480 lingua
552 3416 778 3460 eorum
824 3395 1129 3459 transivit
1178 3395 1246 3457 in
1292 3403 1483 3458 terra.

285 3487 448 3551 Ideo
492 3494 914 3550 convertetur
960 3483 1245 3567 populus
1292 3503 1481 3546 meus

288 3575 427 3640 hic:
473 3585 542 3638 et
571 3575 713 3639 dies
744 3572 922 3656 pleni
968 3573 1385 3636 invenientur
1414 3572 1481 3634 in

290 3666 396 3728 eis,
484 3663 585 3727 Et
629 3663 945 3726 dixerunt
974 3661 1314 3744 quomodo
1358 3661 1485 3724 scit

292 3753 447 3816 deus
469 3773 486 3817 :
517 3761 585 3817 et
604 3752 657 3816 si
689 3760 793 3815 est
808 3750 1084 3813 scientia
1108 3749 1174 3812 in
1194 3749 1483 3812 excels0.

292 3841 462 3906 Ecce
522 3841 647 3924 ipsi
708 3849 1087 3923 peccatores
1149 3847 1216 3901 et
1276 3837 1487 3901 abun-

294 3930 523 3993 dantes
582 3929 649 3992 in
710 3927 983 3992 seculo:
1058 3927 1489 3990 obtinuerunt

296 4018 565 4082 divitias
620 4017 721 4081 Et
752 4016 895 4080 dixi
928 4035 1085 4098 ergo
1116 4015 1259 4078 sine
1288 4034 1489 4077 causa

291 4105 633 4189 justificavi
665 4125 781 4168 cor
808 4125 1072 4168 meum:
1119 4112 1188 4168 et
1218 4103 1351 4166 lavi
1392 4103 1489 4165 in-

1570 846 1832 891 cerem:
1895 826 2020 890 hoc
2069 825 2257 890 labor
2297 837 2399 890 est
2443 838 2602 891 ante
2648 848 2774 893 me.

1568 914 1808 978 Donec
1882 916 2122 978 intrem
2186 916 2252 978 in
2327 918 2776 981 sanctuarium

1568 1003 1718 1067 dei:
1765 1013 1834 1067 et
1871 1003 2238 1085 intelligam
2288 1004 2354 1066 in
2403 1006 2777 1069 novissimis

1568 1112 1816 1156 eorum.
1887 1092 2332 1157 Veruntamen
2367 1101 2639 1176 propter
2656 1094 2776 1157 do-

1570 1180 1968 1263 losposuisti
1995 1180 2121 1244 eis:
2153 1180 2450 1262 dejecisti
2481 1202 2594 1245 eos
2613 1183 2776 1247 dum

1570 1269 2024 1333 allevarentur.
2077 1269 2428 1347 Quomodo
2447 1269 2604 1335 sacti
2623 1280 2779 1336 sunt

1570 1358 1639 1421 in
1679 1357 2204 1423 desolationem:
2250 1358 2475 1422 subito
2519 1360 2778 1423 defece-

1570 1456 1763 1510 runt:
1830 1448 2168 1530 perierunt
2217 1456 2490 1529 propter
2541 1449 2779 1532 iniqui-

1570 1543 1782 1599 tatem
1844 1555 2054 1601 suam.
2181 1534 2377 1600 Velut
2443 1538 2778 1601 somnium

1572 1624 2023 1705 surgentium:
2069 1624 2341 1687 domine
2388 1626 2456 1688 in
2511 1626 2778 1689 civitate

1569 1720 1690 1775 tua
1730 1712 2090 1794 imaginem
2141 1713 2434 1793 ipsorum
2476 1714 2560 1777 ad
2611 1714 2780 1778 nihi-

1571 1800 1710 1864 lum
1738 1800 2012 1883 rediges,
2089 1799 2259 1879 Quia
2287 1801 2778 1867 inflammatum

1572 1898 1675 1952 est
1706 1910 1818 1953 cor
1849 1909 2071 1952 meum
2115 1898 2184 1952 et
2215 1910 2405 1954 renes
2437 1892 2566 1953 mei
2599 1912 2780 1955 com-

1574 1978 1815 2041 mutati
1847 1985 2042 2041 sunt:
2087 1986 2157 2040 et
2197 1998 2323 2060 ego
2370 1980 2453 2044 ad
2499 1980 2779 2044 nihilum

1573 2066 1880 2129 redactus
1911 2085 2061 2129 sum
2093 2075 2162 2129 et
2195 2066 2454 2131 nescivi.
2555 2068 2648 2134 Ut
2673 2070 2781 2152 ju·-

1574 2164 1876 2217 mentum
1937 2154 2152 2218 sactus
2217 2175 2364 2218 sum
2428 2158 2604 2240 apud
2667 2168 2780 2225 te:

1574 2252 1643 2307 et
1674 2262 1802 2325 ego
1847 2262 2112 2325 semper
2140 2253 2379 2309 tecum.
2481 2246 2546 2309 T
2537 2249 2779 2312 enuisti

1576 2352 1851 2394 manum
1888 2332 2238 2394 dexteram
2289 2353 2552 2399 meam:
2597 2346 2667 2400 et
2712 2338 2781 2400 in

1573 2420 1921 2483 voluntate
1965 2428 2083 2483 tua
2125 2420 2466 2486 deduxisti
2513 2444 2664 2490 me:
2713 2435 2782 2491 et

1576 2529 1731 2573 cum
1763 2507 1974 2592 gloria
2003 2510 2348 2592 suscepisti
2383 2532 2506 2579 me.
2605 2514 2778 2594 Quid

1577 2599 1757 2662 enim
1806 2597 1966 2661 mihi
2009 2606 2112 2660 est
2165 2599 2230 2661 in
2279 2600 2466 2666 celo:
2510 2612 2580 2666 et
2624 2625 2667 2666 a
2710 2614 2780 2669 te

1577 2687 1739 2770 quid
1771 2685 1948 2750 volui
1980 2707 2178 2768 super
2208 2697 2468 2753 terram.
2513 2691 2782 2757 Defecit

1577 2795 1732 2839 caro
1786 2795 1938 2838 mea
1995 2784 2066 2839 et
2111 2795 2227 2839 cor
2287 2798 2553 2844 meum:
2617 2783 2783 2846 deus

1576 2863 1794 2928 cordis
1827 2863 1956 2928 mei
2002 2874 2071 2929 et
2103 2885 2255 2947 pars
2300 2886 2452 2930 mea
2503 2869 2667 2934 deus
2715 2873 2778 2938 in

1577 2961 1900 3017 eternum.
1996 2952 2166 3031 Quia
2219 2975 2372 3019 ecce
2433 2959 2546 3039 qui
2595 2961 2783 3024 elon-

1578 3051 1742 3124 gant
1772 3061 1844 3104 se
1875 3061 1918 3104 a
1945 3049 2016 3104 te
2047 3043 2388 3125 peribunt:
2434 3049 2780 3128 perdidisti

1578 3149 1814 3193 omnes
1873 3130 1988 3212 qui
2050 3129 2456 3197 fornicantur
2516 3137 2635 3202 abs
2696 3147 2782 3203 te.

1578 3217 1770 3282 Mihi
1831 3229 2058 3282 autem
2107 3219 2424 3285 adherere
2475 3224 2605 3288 deo
2665 3226 2785 3292 bo·

1581 3326 1742 3371 num
1774 3314 1915 3371 est:
1961 3326 2208 3389 ponere
2250 3309 2316 3373 in
2347 3312 2624 3378 domino
2653 3315 2786 3379 deo

1579 3415 1769 3478 spem
1805 3415 2040 3460 meam.
2113 3397 2204 3462 Ut
2225 3403 2617 3467 annunciem
2643 3426 2788 3468 orn-

1581 3504 1700 3547 nes
1731 3483 2215 3566 predicationes
2245 3495 2434 3554 tuas:
2476 3491 2543 3554 in
2577 3496 2786 3574 portis

1580 3571 1715 3636 filie
1744 3591 1930 3654 syon.
2430 3578 2788 3648 PsalmuS.⁴

1755 3669 1784 3723 t
1797 3659 1954 3743 quid
1967 3659 2132 3724 deus
2152 3663 2448 3747 repulisti
2471 3668 2535 3730 in
2551 3669 2751 3736 finem
2772 3693 2788 3736 :

1760 3749 1964 3812 iratus
2016 3758 2120 3813 est
2171 3751 2351 3818 furor
2393 3764 2546 3820 tuus
2592 3779 2792 3842 super

1585 3857 1743 3902 oves
1797 3857 2041 3920 pascue
2090 3846 2218 3903 tue.
2321 3843 2596 3909 Memor
2642 3856 2790 3912 esto

1585 3927 2124 4008 congregationis
2175 3936 2330 3994 tue:
2381 3953 2584 4014 quam
2635 3957 2791 4020 pos-

1586 4015 1818 4078 sedisti
1850 4015 1935 4078 ab
1967 4016 2174 4080 initio.
2253 4019 2630 4087 Redemisti
2665 4026 2792 4089 vir-

1584 4123 1744 4186 gam
1777 4103 2163 4169 hereditatis
2193 4115 2350 4172 tue:
2397 4129 2590 4175 mons
2620 4135 2789 4195 syon

299 4205 393 4258 ter
420 4195 803 4258 innocentes
850 4213 1087 4257 manus
1120 4212 1319 4256 meas,
1395 4190 1493 4255 Et
1589 4193 1657 4256 in
1711 4211 1847 4276 quo
1906 4191 2222 4258 habitasti
2285 4197 2352 4260 in
2413 4219 2511 4264 eo.
2601 4202 2793 4268 Leva

302 4283 385 4348 sui
427 4281 799 4365 flagellatus
844 4291 989 4345 tota
1031 4280 1182 4345 die:
1232 4290 1301 4344 et
1348 4299 1495 4344 cas-

302 4370 526 4455 tigatio
586 4391 739 4434 mea
805 4369 871 4432 in
935 4369 1295 4434 matutinis,
1411 4369 1491 4434 Si

492 4509 507 4539 ¹
548 4505 757 4556 ‘Gloria
778 4505 938 4570 patri’
958 4505 1059 4556 add
1087 4522 1099 4555 :
1135 4504 1269 4555 EG.

490 4575 512 4605 ²
534 4581 615 4639 pl.
647 4583 742 4636 72:
776 4572 915 4622 E.G.
988 4572 1137 4638 lxxij.
1154 4585 1173 4620 .·
1205 4572 1259 4622 S.

1591 4300 1828 4344 manus
1865 4289 2016 4345 tuas
2062 4283 2127 4345 in
2173 4285 2516 4367 superbias
2561 4311 2790 4356 eorum

1590 4369 1659 4433 in
1688 4369 1931 4435 finem:
1975 4381 2226 4454 quanta
2258 4373 2661 4460 malignatus
2689 4391 2796 4447 est

1789 4505 1811 4537 ³
1849 4505 2022 4558 ‘ecee’
2045 4523 2182 4559 om.:
2217 4509 2270 4562 S.

1791 4575 1810 4605 ⁴
1832 4577 1912 4638 pi.
1944 4582 2042 4637 73:
2073 4575 2212 4628 E-G.
2285 4577 2490 4646 Lxx-2⁸22:
2525 4581 2584 4634 S.
