3375 5100
1462 326 1716 382 FERJA
1777 326 2079 381 TERTIA

1069 435 1209 489 415

540 542 903 607 actionum.
952 542 1073 607 Per
1091 540 1377 606 eundem
1402 539 1601 605 domi.
1648 538 1735 603 In

532 630 815 695 statione
880 641 1030 694 ante
1088 651 1333 694 crucem
1394 628 1737 693 secundum

538 719 800 783 modum
838 719 1258 801 processionis
1304 718 1599 781 matricis
1646 738 1737 779 ec-

532 808 731 872 clesie.
838 808 951 873 Re.
1030 808 1331 874 Christus
1390 826 1738 887 resurgens

536 916 629 959 ex
678 898 994 960 mortuis:
1036 896 1176 977 jam
1232 916 1364 958 non
1418 896 1736 959 moritur:

542 1005 717 1048 mors
750 984 842 1047 illi
874 984 1047 1049 ultra
1078 1004 1211 1047 non
1244 983 1694 1047 dominabitur
1721 1004 1736 1047 ε

541 1074 721 1155 quod
754 1074 931 1136 enim
960 1074 1122 1137 vivit
1149 1072 1313 1136 vivit
1342 1072 1487 1135 de0.
1551 1070 1737 1134 Alle-

540 1160 677 1224 luia
706 1160 871 1225 all'a.
947 1177 995 1246 y
1038 1161 1285 1225 Dicant
1314 1179 1488 1223 nunc
1513 1157 1738 1240 judei:

541 1248 882 1332 quomodo
906 1248 1148 1312 milites
1166 1248 1613 1312 custodientes
1632 1267 1735 1311 se-

538 1336 885 1419 pulchrum
918 1338 1343 1419 perdiderunt
1380 1355 1601 1417 regem
1648 1335 1738 1398 ad

540 1426 781 1507 lapidis
839 1427 1279 1509 positionem:
1342 1444 1547 1507 quare
1600 1444 1733 1487 non

538 1515 891 1577 servabant
937 1522 1195 1596 petram
1244 1512 1556 1595 justicie:
1621 1522 1737 1576 aut

536 1602 907 1685 sepultum¹
933 1603 1218 1666 reddant
1247 1611 1365 1665 aut
1397 1620 1736 1683 resurgen-

540 1700 679 1754 tem
724 1692 1003 1755 adorent
1031 1699 1101 1754 et
1132 1689 1475 1754 nobiscum
1512 1690 1735 1752 dicen-

536 1788 657 1843 tes,
734 1780 929 1843 All’a.
1001 1797 1048 1867 y
1095 1778 1398 1844 Surrexit
1427 1777 1736 1841 dominus

536 1868 627 1931 de
656 1868 1019 1951 sepulchro,
1090 1868 1335 1931 Oratio,
1404 1866 1589 1930 Deus
1622 1866 1734 1947 qui

538 1976 661 2039 pro
691 1957 898 2020 nobis,
988 1956 1319 2020 Memoria
1361 1955 1439 2019 de
1470 1954 1736 2017 domina

534 2046 906 2127 contingens
936 2044 1064 2108 ista
1092 2045 1210 2108 die.
1259 2053 1365 2108 ari.
1400 2043 1734 2125 Speciosa.

536 2132 645 2197 De
668 2134 963 2197 omnibus
988 2133 1229 2198 sanctis
1256 2140 1363 2196 asi.
1412 2132 1567 2195 Lux
1589 2152 1735 2213 per-

538 2232 758 2305 petua.
833 2232 939 2287 etc.

542 2316 605 2388 ([
660 2310 861 2374 Feria
935 2309 1023 2393 iij
1086 2310 1186 2373 ad
1246 2306 1500 2372 matuti.
1576 2307 1736 2371 invi.

538 2398 845 2463 Surrexit
872 2398 1182 2462 dominus
1213 2418 1378 2461 vere.
1425 2395 1738 2462 Alleluia.

526 2497 627 2570 ps.
672 2488 929 2552 Venite.
997 2487 1081 2549 In
1112 2496 1413 2549 nocturno
1440 2494 1547 2549 αὴ.
1610 2484 1735 2548 Al-

540 2575 738 2640 leluia
774 2577 870 2658 iis.
897 2585 996 2658 ps.
1034 2576 1322 2641 Domine
1347 2575 1508 2638 deus
1529 2594 1732 2637 meus,

524 2674 631 2746 ps.
683 2664 972 2728 Domine
1002 2665 1312 2728 dominus
1344 2671 1579 2726 noster.
1630 2670 1734 2744 ps'.

542 2753 623 2816 In
675 2753 949 2816 domino
1006 2753 1287 2816 confid0.
1377 2767 1424 2837 γ
1488 2751 1732 2814 Resur-

538 2841 715 2904 rexit
737 2842 1061 2905 dominus,
1110 2840 1473 2903 Secundum
1504 2839 1730 2902 lucam.

534 2931 681 3062 ln
714 2929 825 2991 illo
850 2939 1185 3011 tempore:
1221 2927 1423 2993 Stetit
1446 2929 1638 3009 Jesus
1663 2929 1730 2991 in

627 3017 849 3081 medio
874 3017 1341 3100 discipulorum
1372 3036 1638 3079 suorum
1663 3027 1732 3080 et

534 3107 714 3169 dixit
761 3107 893 3169 eis:
944 3106 1085 3168 Pax
1129 3105 1317 3168 vobis
1366 3125 1492 3186 ego
1540 3124 1731 3169 sum:

536 3194 745 3258 nolite
774 3194 1045 3259 timere:
1094 3195 1185 3257 Et
1216 3193 1485 3276 reliqua.

542 3283 797 3348 Omelia
842 3283 1227 3347 venerabilis
1254 3281 1441 3346 ‘Beda
1470 3280 1734 3363 presby-

532 3371 677 3437 teri.
1440 3371 1657 3433 Lectio
1667 3371 1730 3452 j.

547 3461 973 3627 Quinquies
1010 3461 1209 3542 igitur
1237 3459 1547 3522 dominus
1578 3478 1729 3521 nos-

670 3560 771 3614 ter
821 3551 1013 3632 Jesus
1062 3549 1360 3613 Christus
1408 3549 1553 3630 ipsa
1598 3568 1731 3630 qua

534 3641 887 3703 resurrexit
934 3639 1041 3701 die
1092 3637 1472 3720 apparuisse
1516 3635 1728 3699 homi-

534 3728 725 3791 nibus
786 3727 1040 3810 legitur.
1132 3727 1470 3808 Apparuit
1530 3725 1731 3807 igitur

533 3817 747 3898 primo
799 3817 1001 3879 marie
1052 3815 1444 3896 magdalene
1492 3833 1567 3877 ac
1613 3816 1727 3877 de-

534 3905 689 3967 inde
720 3905 936 3968 eidem
973 3905 1174 3966 marie
1220 3912 1287 3966 et
1320 3901 1508 3966 alteri
1556 3902 1727 3982 ejus-

533 3993 687 4057 dem
733 3993 1017 4056 nominis
1066 3992 1350 4054 femine:
1420 4000 1489 4054 et
1534 3993 1730 4055 tertio

533 4082 773 4143 simoni
806 4090 1035 4162 petro:
1089 4090 1326 4163 quarto
1356 4079 1631 4161 cleophe
1661 4089 1730 4143 et

530 4170 714 4231 socio
757 4169 939 4249 ejus:
986 4170 1099 4250 qui
1148 4169 1421 4250 regressi
1462 4177 1619 4230 sunt
1661 4170 1728 4230 in

531 4257 923 4320 hierusalem
1001 4259 1311 4319 nunciare
1388 4257 1726 4338 discipulis

530 4347 711 4429 quod
741 4348 1059 4410 viderant.
1116 4345 1224 4409 Re.
1257 4345 1520 4410 Virtute
1542 4366 1726 4426 mag-

2367 435 2508 490 416

1839 558 1927 603 na
1957 539 2328 605 reddebant
2351 540 2654 625 apostoli.
2705 541 3056 605 Testimo-

1839 628 2022 692 nium
2071 631 2557 693 resurrectionis
2598 630 2756 711 Jesu
2791 630 3050 695 Christi

1837 717 2090 781 domini
2123 720 2328 781 nostri
2375 718 2522 782 all'a
2553 720 2715 783 all’a.
2806 735 2857 804 γ
2905 719 3050 783 Re-

1837 804 1998 887 pleti
2045 806 2315 888 quidem
2369 808 2600 890 spiritu
2653 816 2885 872 sancto
2939 807 3048 869 lo-

1836 893 2210 977 quebantur
2263 916 2416 959 cum
2471 895 2724 959 fiducia.
2815 894 3046 959 Testi-

1839 983 2152 1047 monium.
2713 982 2932 1047 Lectio
2963 984 3040 1066 ij.

1836 1072 2017 1202 Et
2047 1071 2434 1136 invenerunt
2455 1080 2890 1154 congregatos
2911 1094 3042 1135 un-

1987 1160 2202 1224 decim
2265 1170 2334 1224 et
2385 1181 2500 1224 eos
2551 1162 2664 1242 qui
2725 1180 2879 1224 cum
2939 1162 3044 1224 eis

1838 1256 2028 1310 erant
2085 1249 2430 1313 dicentes:
2506 1248 2683 1330 quod
2745 1251 3044 1313 surrexit

1837 1337 2146 1400 dominus
2164 1358 2317 1401 vere
2345 1347 2414 1401 et
2445 1338 2750 1420 apparuit
2775 1338 3040 1401 simoni.

1843 1424 1931 1487 Et
1957 1425 2080 1507 ipsi
2105 1425 2461 1488 narrabant
2480 1446 2610 1507 que
2635 1434 2824 1507 gesta
2841 1437 3043 1490 erant

1839 1512 1906 1575 in
1927 1514 2073 1577 via:
2119 1523 2187 1577 et
2209 1514 2548 1596 quomodo
2577 1524 3040 1595 cognoverunt

1837 1621 1990 1663 eum
2041 1602 2106 1664 in
2167 1602 2485 1667 fractione
2545 1602 2754 1686 panis,
2847 1601 3038 1667 Dum

1838 1697 2061 1753 autem
2098 1690 2222 1754 hcc
2268 1692 2638 1755 adinvicem
2684 1689 3038 1773 loqueren-

1836 1787 1980 1841 tur:
2026 1780 2220 1860 Jesus
2250 1781 2434 1842 stetit
2466 1780 2532 1841 in
2559 1780 2778 1842 medio
2803 1800 3036 1843 eorum

1837 1875 1906 1929 et
1952 1867 2128 1930 dixit
2177 1868 2322 1931 eis:
2392 1868 2534 1930 Pax
2581 1868 2786 1931 vobis,
2881 1867 3040 1949 Ego
3159 1880 3172 1893 ·

1835 1974 1983 2017 sum
2015 1954 2220 2018 nolite
2251 1956 2499 2019 timere.
2575 1957 2688 2019 Re.
2739 1955 3038 2037 Surgens

1836 2044 2028 2125 Jesus
2088 2045 2395 2107 dominus
2448 2055 2672 2107 noster
2718 2054 2902 2107 stans
2966 2046 3038 2108 in

1837 2132 2057 2194 medio
2075 2132 2544 2215 discipulorum
2565 2152 2832 2195 suorum
2857 2133 3040 2197 dixit

1837 2240 1974 2302 pax
2004 2222 2192 2283 vobis
2223 2220 2390 2284 all’a.
2456 2220 2680 2285 Gavisi
2711 2231 2867 2284 sunt
2894 2222 3037 2285 dis-

1838 2309 2037 2389 cipuli
2096 2309 2240 2373 viso
2300 2310 2592 2373 domino,
2697 2308 2860 2373 all'a„

1840 2396 2143 2461 Surrexit
2191 2398 2497 2461 dominus
2549 2398 2634 2461 de
2681 2397 3037 2480 sepulchro

1837 2486 1949 2568 qui
1981 2505 2102 2568 pro
2145 2486 2336 2549 nobis
2382 2486 2701 2570 pependit
2731 2488 2798 2549 in
2830 2486 3034 2570 ligno,

1837 2574 2079 2639 Gavisi.
2681 2576 2900 2639 Lectio
2929 2575 3038 2658 igj.

1971 2664 2102 2726 uod
2149 2684 2307 2746 ergo
2353 2665 2662 2728 dominus
2709 2665 2775 2726 in
2808 2663 3038 2727 medio

1967 2753 2440 2835 discipulorum
2493 2754 2578 2816 de
2631 2773 2701 2815 se
2755 2751 3038 2835 loquen-

1835 2841 2002 2903 tium
2044 2842 2266 2904 stetit:
2331 2841 2458 2904 hoc
2509 2851 2611 2905 est
2663 2843 2842 2923 quod
2889 2842 3036 2923 ipse

1834 2929 2139 2992 dominus
2195 2930 2351 2993 alibi
2413 2931 2666 2994 cunctis
2722 2928 3034 2993 fidelibus

1835 3018 2136 3099 promisit
2193 3018 2437 3083 dicens,
2531 3019 2668 3082 Ubi
2726 3018 2862 3081 duo
2922 3019 3034 3082 vel

1833 3117 1966 3168 tres
2028 3107 2411 3189 congregati
2481 3107 2721 3170 fuerint
2782 3109 2848 3168 in
2911 3127 3034 3170 no-

1836 3195 2011 3257 mine
2073 3215 2273 3259 meo:
2343 3195 2432 3258 ibi
2493 3214 2640 3258 sum
2692 3196 2758 3257 in
2807 3195 3035 3259 medio

1835 3303 2079 3347 eorum.
2173 3283 2264 3346 Et
2295 3282 2566 3366 pulchre
2599 3303 2942 3365 resurgens
2991 3305 3036 3348 a

1835 3372 2109 3435 mortuis
2155 3371 2368 3454 primo
2417 3373 2647 3455 pacem
2695 3371 3036 3453 discipulis

1832 3461 2326 3524 commendavit
2355 3483 2370 3524 :
2409 3470 2482 3524 ut
2513 3482 2631 3543 per
2658 3481 2846 3524 suam
2879 3481 3034 3542 pas-

1833 3549 2086 3612 sionem
2129 3559 2198 3613 et
2244 3551 2782 3613 resurrectionem
2827 3570 3034 3630 ange-

1833 3638 2028 3700 licam
2064 3647 2135 3701 et
2175 3637 2534 3701 humanam
2581 3649 2884 3701 naturam
2931 3658 3032 3700 re-

1830 3726 2246 3789 conciliatam
2279 3747 2423 3790 esse
2453 3727 2847 3790 ostenderet.
2907 3726 3028 3790 Re.

1835 3815 2139 3879 Surrexit
2169 3825 2395 3897 pastor
2417 3815 2630 3878 bonus
2661 3815 2772 3896 qui
2805 3815 3032 3896 posuit

1832 3904 2123 3966 animam
2177 3923 2364 3966 suam
2417 3925 2535 3986 pro
2587 3904 2820 3967 ovibus
2875 3904 3028 3967 suis,

1835 3992 1926 4055 Et
1957 4012 2076 4074 pro
2107 4013 2230 4055 suo
2274 4011 2473 4074 grege
2518 3993 2680 4055 mori
2715 3993 3030 4073 dignatus

1831 4095 1933 4143 est
1981 4079 2242 4143 alleluia
2290 4081 2567 4144 alleluia.
2660 4097 2707 4167 γ
2756 4081 3028 4144 Etenim

1833 4167 2078 4250 pascha
2131 4177 2428 4232 nostrum
2491 4170 2872 4232 immolatus
2925 4181 3031 4234 est

1833 4256 2152 4321 Christus
2215 4259 2322 4322 Et.
2393 4258 2620 4323 Gloria
2652 4258 2840 4340 patri.
2902 4257 3030 4320 Al-

1829 4345 2043 4410 leluia.
2119 4355 2218 4429 ps’.
2267 4347 2369 4411 Te
2414 4349 2609 4410 deum
2659 4347 3025 4413 laudamus,

1517 4507 1530 4535 ¹
1568 4504 1885 4569 sepulchrum
1907 4524 1920 4556 z
1952 4505 2035 4556 W.
