3375 5100
1217 344 1324 399 IN
1362 343 1629 399 FESTO
1675 341 2352 397 PENTHECOSTES.

1068 452 1225 509 508

542 556 767 621 Gloria
780 559 967 640 patri.
1012 558 1169 639 Jesu
1191 557 1466 623 Christe.
1512 574 1559 643 y
1592 558 1738 621 Ex-

542 666 719 728 urge.
763 655 867 710 etc.
913 646 1042 710 Ad
1061 649 1337 710 tertiam.
1414 648 1740 728 Hymnus.

559 735 708 866 V
722 735 830 798 eni
876 744 1131 798 creator
1186 735 1449 817 spiritus
1481 744 1736 799 mentes

726 832 989 885 tuorum
1029 823 1221 885 visita
1266 822 1469 905 imple
1512 844 1737 906 super-

544 932 631 973 na
660 912 874 992 gratia
903 930 1031 993 que
1063 920 1136 974 tu
1169 914 1403 975 creasti
1449 921 1733 994 pectora.

548 999 675 1077 Qui
709 1000 1061 1081 paraclitus
1090 999 1322 1063 diceris
1352 1002 1601 1064 donum
1626 998 1734 1063 dei

544 1088 842 1150 altissimi
877 1085 1023 1150 sons
1052 1088 1237 1151 vivus
1283 1088 1453 1169 ignis
1498 1088 1736 1151 caritas

541 1185 611 1239 et
639 1175 947 1258 spiritalis
994 1176 1233 1239 unctio,
1288 1176 1383 1239 Tu
1437 1174 1740 1258 septifor-

548 1264 673 1326 mis
704 1282 971 1327 munere
1016 1263 1253 1327 dextre
1297 1264 1403 1327 dei
1464 1274 1535 1327 tu
1569 1265 1736 1346 digi-

546 1360 653 1415 tus
684 1360 756 1413 tu
804 1352 925 1413 rite
970 1352 1291 1433 promisso
1348 1354 1552 1435 patris
1604 1374 1736 1415 ser--

550 1459 746 1503 mone
787 1438 1006 1502 ditans
1050 1448 1335 1521 guttura.
1422 1441 1736 1504 Accende

547 1527 773 1591 lumen
804 1528 1100 1591 sensibus
1130 1528 1401 1593 infunde
1440 1549 1736 1593 amorem

549 1616 855 1679 cordibus
902 1615 1156 1679 infirma
1200 1618 1403 1679 nostri
1448 1618 1737 1700 corporis

546 1705 788 1768 virtute
820 1703 1085 1768 firmans
1103 1705 1397 1787 perpeti.¹
1444 1705 1736 1769 Hostem

547 1792 824 1874 repellas
854 1792 1111 1875 longius
1140 1813 1501 1875 pacemque
1531 1795 1752 1857 dones·

549 1882 845 1964 protinus
905 1882 1171 1944 ductore
1219 1882 1312 1944 sic
1377 1892 1445 1945 te
1512 1883 1738 1963 previo

546 1970 829 2032 vitemus
874 1990 1070 2033 omne
1116 1970 1409 2034 noxium.
1496 1971 1633 2033 Per
1672 1980 1740 2033 te

548 2059 833 2121 sciamus
891 2058 980 2120 da
1058 2068 1313 2140 patrem
1390 2077 1740 2121 noscamus

549 2156 749 2228 atque
792 2144 999 2209 filium
1053 2156 1119 2209 te
1167 2148 1502 2229 utriusque
1548 2146 1738 2229 spiri-

549 2244 692 2297 tum
753 2235 1095 2298 credamus
1168 2235 1349 2298 omni
1423 2245 1737 2317 tempore.

548 2322 825 2385 Dudum
868 2332 1139 2387 sacrata.
1231 2324 1341 2386 Sit
1384 2322 1543 2387 laus,
1630 2332 1736 2386 an.

552 2410 851 2493 Spiritus.
893 2420 983 2492 ps.
1036 2411 1286 2493 Legem
1345 2431 1533 2494 pone.
1589 2409 1736 2492 Cap.

554 2499 735 2562 Dum
766 2499 1266 2582 complerentur.
1311 2500 1421 2564 Re.
1472 2499 1738 2582 Repleti

550 2597 705 2650 sunt
734 2607 961 2650 omnes
992 2589 1223 2670 spiritu
1269 2597 1517 2652 sancto.
1560 2588 1740 2651 All’a

548 2675 713 2738 all’a.
803 2692 845 2761 γ
942 2676 1032 2739 Et
1127 2687 1440 2757 ceperunt
1542 2676 1738 2759 loqui.

549 2763 727 2826 All'a
784 2763 947 2827 all'a.
1040 2763 1281 2828 Gloria.
1364 2765 1647 2847 Repleti.
1693 2782 1740 2851 y

550 2851 1038 2932 Loquebantur.
1134 2853 1278 2916 Oro.
1371 2854 1553 2916 Deus
1627 2855 1740 2935 qui

551 2939 883 3002 hodierna.
974 2940 1099 3003 Ad
1134 2949 1378 3003 sextam
1417 2942 1739 3022 Hymnus.

550 3028 795 3090 Rector
824 3037 1075 3110 potens,
1141 3038 1247 3092 an.
1315 3029 1595 3111 Repleti.
1638 3039 1739 3110 ps.

550 3115 827 3179 Defecit.
1357 3116 1740 3200 Capitulum.

546 3206 697 3338 F
724 3213 911 3267 actus
962 3213 1064 3268 est
1119 3214 1388 3287 repente
1437 3207 1525 3270 de
1600 3207 1742 3269 celo
1816 3259 1821 3265 .

722 3313 923 3355 sonus
963 3302 1281 3374 tanquam
1332 3293 1742 3358 advenientis

548 3380 816 3462 spiritus
870 3380 1308 3447 vehementis:
1354 3391 1422 3445 et
1467 3382 1742 3465 replevit

546 3479 761 3533 totam
793 3470 1065 3534 domum
1098 3471 1208 3534 ubi
1237 3481 1427 3534 erant
1457 3471 1739 3552 apostoli

548 3558 869 3622 sedentes.
908 3557 1023 3622 Re.
1048 3558 1520 3642 Loquebantur
1547 3560 1740 3622 variis

548 3645 790 3728 linguis
878 3647 1175 3728 apostoli.
1307 3646 1488 3712 All‘a
1573 3647 1740 3712 all'a.

553 3735 1516 3909 gloffggnfflgoessgssmffss'ss
1592 3733 1738 3907 {¹1¹3

552 3911 713 3975 ritus
744 3910 993 3974 domini
1042 3912 1330 3995 replevit.
1400 3910 1628 3976 Oratio
1672 3921 1748 3975 ut

546 4009 761 4079 supra.
826 3999 948 4064 Ad
971 4021 1203 4062 nonam
1243 4001 1562 4080 Hymnus.
1612 4001 1747 4063 Re-

553 4106 697 4148 rum
729 4085 911 4150 deus,
952 4097 1058 4151 aii.
1126 4089 1612 4170 Loquebantur.
1644 4098 1746 4172 pf.

552 4174 897 4240 Mirabilia.
1363 4176 1743 4259 Capitulum.

656 4333 671 4362 ¹
706 4335 947 4400 perpetim
972 4355 983 4385 :
1020 4337 1085 4386 Ν.

658 4403 678 4430 ²
710 4416 801 4464 pro
846 4405 859 4428 ⁸
878 4410 935 4450 ut
970 4411 1122 4466 supra
1161 4439 1173 4452 .
1210 4440 1223 4453 .
1264 4441 1276 4452 .
1318 4441 1329 4453 .
1370 4406 1618 4468 sequentia
1638 4406 1650 4426 ’
1686 4413 1744 4454 ut

557 4473 780 4516 notatum
804 4474 873 4516 est
902 4469 959 4516 in
982 4471 1299 4532 completoria
1319 4478 1431 4535 post
1440 4473 1737 4536 psalterium

556 4534 779 4585 sertatim
790 4535 969 4600 positis
986 4551 1003 4584 .·
1036 4536 1105 4586 N.

2343 452 2496 507 504

1999 566 2401 640 pparuerunt
2427 554 2746 639 apostolis
2775 554 3027 638 disper-

1999 648 2118 709 tite
2177 646 2400 728 lingue
2457 655 2776 726 tanquam
2851 646 3025 727 ignis

1835 735 2137 815 seditque
2185 754 2382 815 supra
2441 732 2734 815 singulos
2792 753 3022 797 eorum

1833 824 2098 904 spiritus
2157 831 2438 885 sanctus,
2527 822 2643 885 Re.
2734 820 3023 903 Spiritus

1834 910 2084 973 domini
2109 910 2383 992 replevit
2413 909 2640 972 orbem
2680 918 3021 972 terrarum.

1833 998 2180 1063 All’aall’a.
2213 1015 2260 1084 y
2293 997 2708 1079 Ethocquod
2727 998 3024 1060 continet

1832 1088 2058 1150 omnia
2127 1087 2466 1150 scientiam
2549 1086 2752 1149 habet
2823 1086 3024 1149 vocis,

1833 1174 2010 1238 All’a
2096 1175 2260 1238 all’a.
2378 1174 2620 1238 Gloria.
2739 1173 3024 1255 Spiritus

1835 1262 2100 1325 domini.
2147 1280 2195 1348 γ
2242 1262 2524 1345 Spiritus
2543 1270 2807 1325 sanctus
2830 1262 3025 1325 doce-

1835 1350 1948 1415 bit.
1983 1350 2210 1415 Oratio
2239 1360 2314 1413 ut
2338 1361 2551 1432 supra.
2601 1349 2726 1413 Ad
2741 1360 3031 1431 vesperas

1833 1448 1939 1503 αὴ.
2003 1439 2182 1502 Dum
2230 1438 2728 1521 complerentur.
2775 1448 2838 1501 et
2875 1448 3025 1500 cete-

1834 1548 1908 1590 re
1977 1527 2322 1608 antiphone
2373 1526 2453 1589 de
2501 1526 2806 1589 laudibus
2873 1546 3022 1588 cum

1819 1615 2103 1696 psalmis
2111 1614 2612 1678 dominicalibus.
2633 1614 3025 1695 Capitulum.

1838 1705 2018 1767 Dum
2049 1703 2544 1786 complerentur.
2607 1703 2721 1765 Re.
2797 1702 3028 1766 Adve-

1837 1792 1936 1855 nit
2009 1791 2196 1873 igniS.
2285 1791 2484 1871 Hym.
2547 1792 2756 1854 Beata
2831 1790 3023 1853 nobis

1834 1880 2093 1962 gaudia.
2140 1896 2187 1965 y
2232 1879 2516 1962 Spiritus
2535 1878 2788 1942 domini
2819 1878 3028 1961 reple-

1837 1970 1948 2031 vit.
2011 1970 2094 2031 In
2123 1988 2376 2049 evange.
2420 1977 2524 2031 aii.
2576 1966 2800 2030 Hodie
2848 1986 3027 2029 com-

1839 2056 1998 2138 pleti
2023 2063 2176 2119 sunt
2199 2056 2339 2119 dies
2358 2055 2816 2139 penthecostes
2835 2054 2986 2117 all’a
3009 2076 3026 2117 :

1838 2144 2035 2208 hodie
2103 2145 2368 2225 spiritus
2429 2152 2696 2207 sanctus
2754 2144 2820 2205 in
2873 2144 3028 2223 igne

1837 2231 2172 2315 discipulis
2219 2233 2558 2316 apparuit:
2611 2241 2680 2295 et
2729 2231 3027 2294 tribuens

1837 2322 1930 2384 eis
1961 2320 2424 2386 charismatum
2469 2321 2646 2383 dona
2691 2320 2868 2383 misit
2912 2339 3027 2381 eos

1836 2412 1904 2473 in
1978 2412 2349 2473 universum
2425 2408 2743 2472 mundum
2812 2408 3030 2488 predi-

1835 2518 1985 2564 care
2014 2507 2082 2563 et
2113 2496 2443 2562 testificari
2473 2517 2488 2561 :
2535 2498 2645 2579 qui
2677 2495 3030 2559 crediderit

1838 2596 1906 2650 et
1956 2588 2330 2670 baptizatus
2388 2585 2582 2649 fuerit
2639 2585 2860 2648 salvus
2905 2586 3029 2648 erit

1839 2675 2004 2740 all'a.
2079 2684 2177 2756 ps.
2270 2672 2673 2756 Magnificat.
2783 2672 3028 2736 Oratio.

1841 2764 2024 2827 Deus
2055 2764 2167 2845 qui
2199 2762 2531 2826 hodierna.

1840 2852 1964 2916 Ad
2036 2851 2506 2934 completorium
2579 2860 2657 2913 ut
2707 2859 2910 2930 supra
2954 2847 3026 2910 in

1841 2939 2075 3020 vigilia
2098 2962 2122 3002 .·
2164 2949 2399 3020 excepto
2429 2939 2601 3020 quod
2621 2939 2748 3002 loco
2803 2937 3034 3018 hymni

1839 3028 2084 3090 dicetur
2121 3027 2492 3110 sequentia)
2787 3025 2795 3028 ’

2007 3117 2141 3180 lma
2213 3116 2450 3180 chorus
2525 3115 2775 3178 domini
2851 3132 3026 3176 nunc

2005 3215 2252 3286 pangat
2361 3205 2631 3267 nomina
2769 3203 3026 3266 summi.

1839 3293 2129 3357 Messias
2141 3290 3030 3356 sother³2emanuelsabaoth

1839 3381 2148 3462 adonay.⁴
2237 3381 2368 3444 Est
2441 3381 2858 3462 unigenitus:
2922 3379 3032 3441 via

1835 3469 2011 3533 vita:
2044 3489 2278 3533 manus
2318 3469 2748 3551 homousyon.
2833 3467 3032 3530 Prin-

1841 3559 2081 3639 cipium
2157 3559 2633 3641 primogenitus
2705 3555 3032 3638 sapientia

1839 3649 2062 3710 virtus,
2160 3645 2390 3728 Alpha
2447 3655 2678 3728 caput:
2747 3644 3027 3724 finisque

1841 3734 2035 3797 simul
2067 3735 2395 3798 vocitatur
2424 3743 2493 3797 et
2525 3743 2627 3796 est
2671 3733 2757 3797 αὖ
2843 3733 3027 3795 Fons

1841 3831 1908 3886 et
1937 3823 2121 3904 origo
2151 3822 2306 3885 boni
2360 3821 2713 3903 paraclitus
2764 3840 2843 3884 ac
2892 3841 3029 3883 me-

1841 3913 2071 3976 diator.
2192 3911 2473 3991 Agnus:
2519 3911 2699 3974 ovis:
2744 3910 3030 3990 vitulus:

1841 4019 2146 4082 serpens:
2191 4001 2398 4062 aries:
2445 3999 2591 4063 leo:
2636 4000 2890 4061 vermis,
2943 3996 3034 4062 Os

1793 4083 1798 4088 ’
1843 4088 2159 4152 verbum:
2206 4087 2552 4170 splendor:
2597 4087 2738 4151 sol:
2783 4085 3038 4169 gloria:

1847 4176 1966 4239 lux
1997 4185 2065 4239 et
2097 4176 2334 4258 imago,
2379 4175 2626 4240 Panis:
2659 4174 2817 4239 flos:
2848 4175 3038 4238 vitis:

1943 4341 1962 4368 ⁸
1996 4345 2166 4388 soter:
2201 4337 2267 4385 N.

1941 4408 1958 4436 ⁴
1992 4404 2205 4453 adonai:
2241 4403 2306 4452 N.

1934 4474 1955 4500 ³
1989 4486 2087 4520 oo:
2123 4469 2188 4518 N.
