3375 5100
1114 319 1538 378 DOMINICA
1596 319 1914 392 QUINTA
1967 319 2087 376 ET
2127 319 2404 377 SEXTA

1039 427 1167 482 571

506 534 768 600 hebreis
794 532 1000 599 :sicut
1012 533 1478 607 illiservierunt
1496 534 1705 600 nobis.

509 622 995 691 confortamini
1047 633 1118 688 et
1178 622 1443 689 bellate.
1536 625 1708 707 Pug-

510 721 832 777 naverunt
863 709 1255 778 Philistiim:
1300 722 1369 777 et
1387 732 1575 777 cesus
1604 720 1708 777 est

508 800 739 865 israel:
786 809 855 864 et
912 800 1083 883 sugit
1132 800 1580 885 unusquisque
1641 802 1708 865 in

508 888 1007 954 tabernaculum
1038 908 1247 953 suum.
1392 889 1609 954 Lectio
1639 888 1709 971 ij.

508 980 689 1112 Et
717 977 893 1041 facta
935 986 1039 1041 est
1085 978 1283 1061 plaga
1322 998 1565 1061 magna
1610 978 1711 1041 ni-

658 1065 818 1129 mis:
864 1073 934 1129 et
982 1066 1359 1130 ceciderunt
1402 1067 1488 1130 de
1517 1065 1712 1131 israel

510 1153 787 1235 triginta
816 1153 999 1217 milia
1027 1154 1345 1237 peditum.
1396 1155 1490 1218 Et
1513 1154 1713 1219 archa

512 1242 622 1305 dei
650 1250 853 1325 capta
884 1252 1000 1307 est.
1112 1242 1269 1306 Duo
1297 1262 1563 1325 quoque
1592 1243 1711 1308 filii

509 1330 642 1394 heli
673 1331 915 1394 mortui
945 1340 1101 1395 sunt
1135 1330 1273 1395 ofni
1321 1341 1391 1395 et
1419 1332 1712 1413 phinees,

517 1420 806 1485 Currens
829 1427 1053 1482 autem
1082 1420 1184 1484 vir
1242 1420 1327 1484 de
1360 1422 1710 1504 Benjamin

513 1528 605 1571 ex
636 1508 775 1570 acie
801 1509 1017 1572 :venit
1048 1508 1116 1570 in
1133 1508 1282 1589 sylo
1313 1509 1380 1572 in
1411 1510 1519 1574 die
1550 1511 1666 1576 illo
1693 1532 1710 1577 z

511 1596 717 1659 scissa
759 1604 985 1661 veste:
1029 1605 1098 1661 et
1124 1615 1517 1681 consparsus
1564 1598 1710 1684 pul-

512 1704 666 1747 vere
696 1693 912 1766 caput.
1367 1685 1581 1753 Lectio
1612 1688 1710 1772 iij.

526 1773 871 1905 Cunque
901 1772 1011 1836 ille
1039 1773 1365 1839 venisset:
1415 1776 1572 1840 Heli
1602 1798 1712 1841 se-

648 1860 853 1924 debat
911 1881 1109 1944 super
1165 1862 1398 1945 sellam
1476 1874 1710 1930 contra

510 1949 689 2013 viam
718 1959 1101 2031 expectans,
1193 1952 1358 2015 Erat
1387 1953 1564 2018 enim
1594 1973 1712 2018 cor

514 2036 657 2119 ejus
704 2057 953 2120 pavens
1012 2059 1133 2122 pro
1191 2040 1389 2105 archa
1434 2042 1708 2108 domini.

512 2126 634 2191 Vir
662 2134 886 2190 autem
931 2126 1041 2191 ille
1074 2139 1428 2212 postquam
1459 2132 1710 2213 ingres-

513 2234 627 2277 sus
685 2223 790 2277 est
847 2216 1325 2282 nunciaverunt
1356 2216 1373 2255 ¹
1406 2219 1593 2283 urbi:
1638 2227 1709 2284 et

516 2391 695 2524 Et
726 2391 979 2455 audivit
1041 2394 1200 2458 Heli
1251 2395 1543 2459 sonitum
1576 2396 1710 2462 cla-

666 2480 900 2544 moris:
959 2482 1284 2567 dixitque.
1374 2482 1542 2566 Quis
1607 2494 1712 2549 est

514 2567 623 2632 hic
646 2568 901 2632 sonitus
940 2572 1265 2637 tumultus
1306 2571 1521 2655 hujus.
1608 2572 1713 2638 At

515 2655 631 2720 ille
681 2655 1017 2723 festinavit
1064 2670 1135 2725 et
1176 2662 1397 2726 venit:
1444 2671 1513 2726 et
1542 2683 1712 2726 nun-

515 2743 717 2808 ciavit
775 2744 923 2809 heli.
1062 2748 1222 2812 Heli
1282 2760 1509 2815 autem
1568 2760 1712 2816 erat

517 2832 883 2913 nonaginta
910 2844 981 2899 et
1026 2846 1181 2901 octo
1232 2858 1597 2904 annorum:
1642 2849 1714 2904 et

516 2919 692 2985 oculi
722 2921 865 3004 ejus
892 2922 1341 3008 caligaverant
1363 2937 1467 2993 :et
1488 2929 1715 2993 videre

518 3027 653 3072 non
685 3020 1007 3092 poterant.
1405 3017 1624 3081 Lectio
1652 3037 1715 3082 v.

724 3097 900 3164 dixit
948 3101 1033 3165 ad
1085 3101 1235 3168 heli.
1354 3104 1510 3189 Ego
1567 3126 1716 3170 sum

668 3187 782 3268 qui
841 3190 992 3253 veni
1041 3190 1127 3254 de
1179 3191 1429 3276 prelio:
1476 3203 1545 3258 et
1589 3213 1718 3277 ego

518 3273 634 3358 qui
664 3275 751 3339 de
780 3278 921 3340 acie
974 3277 1113 3362 fugi
1143 3279 1359 3346 hodie.
1450 3281 1575 3347 Cui
1607 3282 1718 3346 ille

520 3363 653 3428 ait:
730 3364 912 3448 Quid
975 3378 1199 3433 actum
1260 3379 1363 3434 est
1421 3369 1516 3434 fili
1578 3371 1716 3435 mi?

525 3451 970 3536 Respondens
1000 3467 1223 3522 autem
1274 3459 1386 3541 qui
1448 3460 1718 3523 nuncia-

520 3539 659 3604 bat.
750 3542 954 3626 Fugit
983 3546 1198 3628 inquit
1256 3547 1449 3612 israel
1489 3568 1717 3614 coram

522 3629 906 3712 philistiim:
953 3642 1022 3697 et
1051 3636 1239 3699 ruina
1270 3655 1514 3719 magna
1542 3636 1720 3702 facta

521 3726 624 3782 est
675 3719 742 3782 in
787 3722 1052 3804 populo.
1146 3724 1428 3807 Insuper
1470 3735 1537 3790 et
1582 3726 1721 3790 duo

520 3805 637 3871 filii
669 3808 766 3873 tui
798 3811 1039 3875 mortui
1088 3821 1244 3876 sunt
1290 3812 1428 3877 osni
1472 3823 1541 3878 et
1573 3813 1719 3898 phi-

522 3914 719 3961 nees:
794 3906 864 3962 et
924 3900 1124 3965 archa
1175 3901 1283 3966 dei
1345 3912 1541 3984 capta
1599 3913 1716 3968 est.

532 3985 883 4117 Cunque
901 3987 1010 4052 ille
1028 3990 1288 4053 nomin·
1366 3990 1604 4075 [Lectio
1632 3992 1717 4073 ρι’.

657 4082 838 4137 asset
866 4076 1133 4141 archam
1165 4079 1275 4142 dei
1303 4099 1319 4143 ε
1364 4080 1603 4145 cecidit
1633 4081 1720 4145 de

516 4159 679 4223 sella
710 4171 1060 4228 retrorsum
1088 4165 1287 4247 juxta
1317 4167 1557 4232 ostium
1588 4191 1603 4234 :
1652 4180 1721 4233 et

519 4248 743 4314 fractis
804 4254 1162 4318 cervicibus
1221 4265 1521 4321 mortuus
1598 4267 1714 4322 est.

520 4337 748 4404 Senex
793 4341 970 4407 enim
1015 4354 1158 4408 erat
1201 4346 1301 4409 vir
1358 4353 1426 4410 et
1475 4346 1718 4430 grand-

954 4521 969 4552 ¹
1005 4521 1258 4574 nunciavit
1282 4540 1295 4574 :
1328 4523 1409 4574 W.

2332 426 2482 481 572

1808 555 1968 601 evus
1989 534 2245 618 :etipse
2259 532 2582 617 judicavit
2593 532 2783 599 israel
2800 534 3012 617 quad-

1807 624 2067 707 raginta
2107 622 2313 687 annis.
2403 622 2731 687 Tulerunt
2777 634 3008 687 autem

1807 712 2149 797 philistiim
2179 710 2446 775 archam
2475 710 2624 776 dei:
2669 720 2737 775 et
2767 712 3006 775 intule-
3073 730 3082 741 ·

1806 811 1959 867 runt
1981 820 2130 864 eam
2162 800 2230 863 in
2261 798 2584 883 templum
2615 800 2856 881 dagon.

1812 896 1877 970 (s
1907 889 2253 955 Dominica
2325 908 2454 971 qua
2539 897 2846 951 cantatur
2896 894 3009 951 aii.

1811 981 2078 1045 Montes
2107 976 2362 1060 gelboe.
2720 976 2932 1039 Lectio
2941 976 3010 1057 j.

1807 1067 2252 1201 Philistiim
2317 1073 2540 1129 autem
2616 1066 3012 1147 pugnabant

1959 1157 2310 1220 adversum
2340 1152 2567 1216 israel:
2611 1163 2680 1217 et
2698 1153 3011 1236 fugerunt

1809 1244 1932 1309 viri
1963 1243 2154 1309 israel
2185 1252 2342 1305 ante
2370 1241 2606 1305 faciem
2636 1241 3010 1325 philistino-

1811 1353 1956 1397 rum
2018 1342 2087 1398 et
2133 1330 2510 1395 ceciderunt
2562 1329 2886 1393 interfecti
2939 1330 3012 1391 in

1812 1432 2042 1487 monte
2144 1419 2402 1503 gelboe.
2539 1417 3012 1501 Irrueruntque

1812 1510 2155 1594 philistiim
2186 1509 2253 1571 in
2272 1506 2414 1571 saul
2435 1515 2504 1571 et
2526 1506 2594 1570 in
2618 1506 2788 1570 filios
2817 1508 2962 1589 ejus
2989 1526 3008 1569 :

1809 1609 1882 1666 et
1951 1605 2412 1681 percusserunt
2492 1594 2842 1676 jonatham
2937 1604 3011 1659 et

1811 1688 2170 1751 aminadab
2193 1693 2261 1749 et
2283 1683 2642 1748 melchisue
2653 1684 2821 1749 filios
2843 1679 3008 1748 saul.

1810 1776 2194 1857 Totumque
2223 1773 2485 1857 pondus
2529 1772 2713 1856 prelii
2744 1791 3008 1836 versum

1811 1874 1912 1929 est
1942 1865 2010 1929 in
2061 1863 2225 1927 saul.
2315 1861 2410 1924 Et
2467 1862 2803 1926 consecuti
2853 1868 3013 1923 sunt

1813 1972 1964 2017 eum
2009 1953 2131 2016 viri
2179 1949 2548 2033 sagittarii:
2595 1959 2662 2014 et
2708 1947 3012 2014 vulnera-

1809 2051 1918 2107 tus
1963 2050 2066 2105 est
2095 2040 2520 2104 vehementer
2563 2059 2604 2102 a
2632 2038 3010 2121 sagittariis.

1806 2131 2223 2263 Dixitque
2293 2124 2436 2193 saul
2511 2127 2600 2189 ad
2675 2125 2910 2209 [Lectio
2941 2124 3011 2203 ii.

1965 2220 2359 2301 armigerum
2421 2235 2652 2280 suum:
2705 2214 3012 2297 Evagina

1645 2329 1692 2390 J
1809 2307 2106 2391 gladium
2129 2316 2320 2370 tuum
2345 2314 2412 2369 et
2443 2313 2710 2388 percute
2729 2323 2874 2367 me:
2919 2322 3008 2366 ne

1811 2396 1980 2460 forte
2010 2395 2281 2459 veniant
2326 2392 2733 2458 incircuncisi
2783 2391 2890 2455 isti
2937 2399 3010 2455 et

1811 2482 2207 2549 interficiant
2238 2502 2385 2548 me:
2431 2482 2783 2545 illudentes
2829 2479 3007 2543 mihi.

1813 2575 1908 2640 Et
1959 2572 2171 2638 noluit
2219 2573 2504 2654 armiger
2561 2571 2744 2654 ejus=
2795 2569 3011 2633 fuerat

1811 2663 1987 2728 enim
2049 2661 2254 2726 nimio
2313 2669 2558 2724 terrore
2609 2659 3008 2742 perterritus·

1811 2751 2212 2884 Arripuit
2241 2750 2467 2832 itaque
2497 2747 2637 2812 saul
2721 2746 2884 2830 [Lec.
2909 2745 3008 2829 iij.

1977 2838 2277 2922 gladium
2309 2857 2502 2901 suum
2531 2857 2547 2900 :
2592 2844 2662 2900 et
2683 2835 2869 2899 irruit
2899 2854 3014 2898 su-

1813 2947 1932 3012 per
1992 2948 2162 2991 eum.
2262 2924 2464 3009 Quod
2523 2944 2678 2988 cum
2734 2923 3010 2987 vidisset

1813 3017 2098 3099 armiger
2127 3015 2270 3098 ejus
2298 3013 2604 3079 videlicet
2625 3011 2804 3096 quod
2836 3031 3010 3074 mor-

1814 3115 1969 3169 tuus
1997 3112 2174 3168 esset
2201 3101 2385 3168 saul:
2429 3103 2611 3166 irruit
2639 3101 2842 3164 etiam
2867 3100 3010 3182 ipse

1816 3213 2014 3276 super
2043 3191 2335 3275 gladium
2365 3211 2557 3254 suum
2589 3199 2658 3254 et
2709 3197 3010 3252 mortuus

1817 3292 1919 3347 est
1949 3302 2100 3346 cum
2153 3301 2252 3344 eo,
2343 3280 2647 3343 Mortuus
2699 3287 2801 3342 est
2851 3296 3012 3359 ergo

1817 3371 1960 3435 saul
1991 3379 2060 3434 et
2090 3380 2222 3434 tres
2253 3367 2368 3432 filii
2399 3367 2580 3451 ejus:
2628 3375 2698 3430 et
2727 3366 3013 3448 armiger

1819 3459 1993 3523 illius
2022 3459 2282 3542 pariter.
2635 3455 2853 3519 Lectio
2883 3453 3008 3535 iiij.

1836 3550 1984 3682 V
1999 3548 2256 3612 identes
2328 3554 2552 3610 autem
2598 3543 2713 3607 filii
2779 3542 3012 3607 israel²

1998 3636 2114 3720 qui
2174 3644 2361 3699 erant
2421 3641 2606 3698 trans
2652 3632 2892 3697 vallem
2939 3641 3008 3695 et

1819 3734 2001 3790 trans
2039 3724 2388 3807 jordanem
2463 3722 2643 3807 quod
2685 3720 3011 3804 fugissent

1815 3813 1936 3878 viri
1990 3813 2310 3877 israelite:
2355 3821 2425 3876 et
2469 3811 2649 3895 quod
2712 3819 3012 3874 mortuus

1817 3910 1993 3967 esset
2021 3901 2164 3965 saul
2220 3910 2286 3966 et
2333 3900 2448 3963 filii
2509 3899 2689 3982 ejus:
2736 3898 3013 3980 relique-

1817 4000 1971 4056 runt
2031 3991 2330 4056 civitates
2377 4009 2530 4052 suas
2572 3997 2640 4052 et
2685 3985 3011 4071 fugerunt.

1818 4081 2290 4161 Veneruntque
2303 4077 2644 4162 philistiim
2663 4086 2732 4140 et
2755 4075 3016 4140 habita·

1818 4177 2057 4234 verunt
2077 4168 2183 4231 ibi.
2713 4164 2927 4228 Lectio
2955 4185 3015 4229 v.

1979 4265 2130 4321 acta
2159 4265 2384 4319 autem
2404 4255 2514 4319 die
2543 4255 2789 4318 altera:
2819 4273 3018 4317 vene·-

1953 4355 2107 4411 runt
2136 4344 2478 4429 philistiim
2499 4353 2574 4408 ut
2598 4343 3020 4427 expoliarent

2187 4525 2210 4555 ²
2244 4523 2348 4574 ‘illi
2369 4523 2382 4547 ’
2404 4523 2539 4574 add:
2574 4521 2642 4574 N.
