3375 5100
1588 341 1850 397 RUBRI
1850 341 1946 395 CA

1062 448 1197 503 551

529 564 651 617 tur.
730 554 935 636 Cujus
966 556 1140 619 enim
1174 556 1724 639 potentiacrean-

528 654 673 705 tur:
719 646 900 725 prius
944 644 1087 726 eJus
1133 646 1362 727 utique
1389 645 1593 709 verbo
1634 644 1723 708 ad

530 731 763 794 melius
787 743 1225 815 procreantur.
1276 734 1560 816 Reliqua
1582 754 1725 797 orn-

530 820 638 882 nia
669 840 799 901 que
828 821 1133 884 sacerdos
1178 822 1339 885 dicit
1368 832 1485 886 aut
1514 821 1724 886 clerus

527 908 708 971 chori
769 910 990 974 canit:
1056 909 1214 973 nihil
1278 909 1457 974 aliud
1519 930 1721 993 quam

528 994 759 1059 laudes
842 1005 910 1061 et
984 998 1347 1079 gratiarum
1429 1002 1724 1063 actiones

526 1094 725 1149 sunt:
770 1093 887 1149 aut
916 1096 1093 1149 certe
1138 1086 1625 1151 obsecrationes
1654 1097 1724 1151 et

528 1172 823 1235 fidelium
854 1174 1223 1255 petitiones
1421 1176 1632 1239 Lectio
1662 1197 1720 1239 v.

540 1261 845 1394 Omnia
905 1282 1293 1344 quecunque
1344 1263 1553 1327 voluit
1602 1264 1721 1327 do-

665 1349 882 1412 minus
957 1352 1112 1414 fecit
1170 1352 1237 1413 in
1298 1350 1440 1414 celo
1514 1362 1583 1415 et
1652 1353 1718 1415 in

492 1446 744 1502 ,ten-a:
806 1438 918 1501 et¹
967 1438 1124 1522 quia
1172 1440 1267 1503 sic
1314 1440 1561 1505 voluit:
1625 1442 1720 1505 sic

527 1524 776 1588 factum
808 1535 925 1590 est.
1019 1526 1125 1590 Ita
1168 1526 1322 1591 licet
1350 1527 1562 1609 figura
1606 1550 1721 1611 pa-

527 1613 628 1675 nis
674 1623 742 1676 et
770 1614 905 1678 vini
950 1616 1289 1681 videatur:
1334 1616 1495 1680 nihil
1540 1618 1720 1682 aliud

526 1711 753 1765 tamen
779 1722 979 1784 quam
1012 1724 1165 1768 caro
1198 1704 1440 1769 Christi
1472 1715 1541 1769 et
1570 1727 1722 1770 san·

525 1790 674 1870 guis
745 1801 897 1873 post
955 1794 1513 1857 consecrationem
1583 1814 1723 1859 cre-

526 1878 747 1942 denda
792 1889 963 1945 sunt.
1056 1880 1257 1946 Unde
1303 1882 1449 1965 ipsa
1478 1884 1720 1947 veritas

524 1966 611 2029 ad
660 1967 1031 2051 discipulos
1129 1969 1277 2035 Hec
1321 1971 1534 2054 inquit
1565 1992 1720 2036 caro

527 2075 679 2118 mea
709 2066 809 2120 est
839 2078 959 2139 pro
991 2059 1221 2122 mundi
1252 2058 1407 2123 vita.
1466 2060 1606 2124 Lec.
1632 2061 1718 2143 ψ’.

524 2145 879 2275 Panem
933 2147 1203 2229 quidem
1264 2148 1463 2211 istum
1518 2169 1718 2230 quern

683 2234 1007 2297 sumimus
1038 2236 1105 2298 in
1136 2236 1449 2318 mysterio
1478 2256 1493 2299 ι
1532 2237 1718 2301 illum

524 2320 753 2403 utique
784 2323 1083 2405 intelligo
1105 2344 1347 2406 panem
1373 2325 1485 2408 qui
1518 2345 1719 2389 manu

524 2410 737 2472 sancti
799 2412 1065 2492 spiritus
1119 2411 1439 2477 formatus
1500 2421 1602 2476 est
1648 2414 1718 2477 in

525 2508 713 2560 utero
734 2498 1041 2582 virginis:
1080 2509 1149 2564 et
1168 2502 1191 2539 ²
1210 2502 1363 2583 igne
1394 2503 1720 2585 passionis

522 2587 835 2650 decoctus
895 2589 961 2651 in
1023 2610 1138 2653 ara
1196 2591 1419 2655 crucis..
1518 2592 1720 2656 Panis

520 2675 700 2737 enim
732 2676 1118 2758 angelorum
1150 2677 1363 2742 factus
1400 2688 1502 2743 est
1532 2680 1718 2744 cibus

524 2763 885 2828 hominum.
973 2766 1174 2830 Unde
1205 2767 1345 2850 ipse
1376 2768 1468 2830 ait
1502 2789 1518 2831 ε
1568 2768 1718 2851 Ego

522 2870 671 2913 sum
704 2853 892 2933 panis
922 2853 1108 2916 vivus
1139 2856 1253 2937 qui
1298 2855 1385 2918 de
1428 2856 1571 2920 celo
1603 2860 1718 2921 de·

520 2940 765 3003 scendi.
843 2941 932 3004 Et
964 2943 1241 3007 iterum:
1289 2944 1485 3008 Panis
1515 2965 1716 3026 quem

521 3047 648 3109 ego
708 3028 934 3093 dado:
1010 3051 1164 3094 caro
1218 3053 1367 3096 mea
1435 3043 1539 3097 est
1595 3054 1716 3116 pro

522 3117 751 3180 mundi
783 3118 937 3182 vita.
1197 3121 1330 3184 Sec.
1340 3120 1712 3203 johannem.

516 3207 670 3336 ln
727 3205 837 3268 illo
880 3216 1222 3289 tempore:
1294 3209 1489 3273 Dixit
1519 3211 1714 3292 Jesus

624 3294 958 3376 discipulis
989 3297 1125 3358 suis
1155 3306 1223 3360 et
1253 3297 1461 3361 turbis
1478 3297 1714 3379 judeo-

518 3402 681 3446 rum.
775 3383 945 3448 Caro
992 3404 1142 3448 mea
1185 3407 1338 3449 vere
1387 3397 1487 3450 est
1525 3387 1713 3452 cibus

416 3519 421 3522 .
515 3480 583 3533 et
614 3473 883 3553 sanguis
914 3493 1099 3536 meus
1130 3495 1323 3538 verus
1362 3484 1464 3538 est
1495 3485 1710 3558 potuS.

516 3558 607 3622 Et
640 3559 907 3642 reliqua.
1352 3564 1563 3628 Lectio
1593 3565 1709 3648 vij.

509 3647 664 3780 Si
725 3650 1293 3734 quotienscunque
1352 3653 1712 3718 effunditur

643 3737 910 3820 sanguis
967 3739 1211 3804 Christi
1260 3741 1326 3803 in
1380 3743 1705 3806 remissio·

509 3844 662 3887 nem
688 3837 1106 3907 peccatorum
1132 3828 1457 3894 funditur:
1490 3831 1705 3895 debeo

508 3911 694 3975 illum
741 3933 1002 3997 semper
1042 3918 1381 4000 accipere:
1429 3929 1500 3982 ut
1530 3941 1704 3982 sem-

508 4020 627 4080 per
686 4003 848 4065 mihi
922 4015 1195 4085 peccata
1264 4006 1699 4074 dimittantur.

507 4088 642 4170 Qui
687 4110 949 4172 semper
993 4113 1238 4174 pecco:
1284 4115 1545 4178 semper
1584 4098 1699 4160 de-

506 4177 633 4238 beo
722 4177 965 4242 habere
1050 4183 1462 4247 medicinam.
1573 4184 1706 4266 Qui

503 4263 817 4330 scelerate
878 4269 1106 4333 vivunt
1171 4271 1237 4334 in
1299 4273 1577 4337 ecclesia
1637 4285 1708 4337 et

501 4356 989 4420 communicare
1020 4378 1153 4421 non
1184 4361 1497 4426 desinunt
1524 4384 1538 4426 :
1588 4383 1706 4444 pu-

832 4551 1159 4603 '‘ct’o1n.:
1199 4555 1262 4604 N.

1526 4559 1545 4587 ²
1584 4557 1687 4606 ‘et'
1712 4573 1852 4607 om.:
1893 4557 1955 4606 N.

2332 448 2488 503 552

1821 564 2044 618 tantes
2071 574 2143 618 se
2173 554 2289 618 tali
2321 552 2784 618 communione
2827 571 3022 617 mun-

1823 645 2003 707 dari:
2049 645 2305 707 discant
2350 642 2511 707 nihil
2565 644 2651 706 ad
2703 644 3020 706 emenda-

1825 733 2076 796 tionem
2099 732 2224 795 sibi
2243 730 2572 814 proficere.
2623 731 2758 795 Lec.
2777 739 3021 794 octava.

1823 820 2256 953 Nunquid
2303 840 2533 883 carnes
2579 829 2806 883 sancte
2854 820 3021 882 hau-

2003 918 2229 973 serunt
2268 929 2310 973 a
2361 918 2428 973 te
2481 907 2767 971 malitias
2819 906 3020 971 tuas?

1827 996 1918 1060 Et
1961 996 2348 1080 apostolus:
2395 997 2634 1061 Probet
2678 1016 2750 1059 se
2801 996 3020 1077 inquit

1823 1084 2065 1151 homo:
2111 1096 2178 1149 et
2207 1086 2300 1149 sic
2344 1085 2430 1148 de
2475 1105 2647 1168 pane
2676 1082 2792 1147 illo
2821 1085 3018 1147 edat:

1823 1184 1893 1237 et
1923 1174 2008 1237 de
2037 1174 2239 1237 calice
2268 1173 2470 1237 bibat.
2557 1173 2708 1236 Non
2741 1173 2866 1235 iste
2896 1192 3018 1254 pa-

1823 1262 1924 1325 nis
1956 1272 2057 1326 est
2102 1262 2214 1344 qui
2259 1263 2441 1325 vadit
2471 1262 2538 1325 in
2568 1280 2850 1342 corpus:
2893 1261 3014 1324 sed

1824 1352 2014 1433 panis
2042 1352 2178 1414 vite
2207 1360 2431 1415 eterne
2469 1350 2583 1433 qui
2615 1350 2833 1412 anime
2863 1368 3017 1411 nos-

1823 1448 1922 1502 tre
1952 1439 2390 1503 substantiam
2416 1438 2616 1503 sulcit.
2665 1436 2802 1501 Iste
2826 1437 3019 1518 panis

1822 1528 2246 1610 quotidianus
2291 1537 2411 1592 est.
2497 1526 2754 1608 Accipe
2798 1526 3020 1608 quoti-

1819 1616 1968 1681 die:
2034 1616 2214 1698 quod
2267 1613 2560 1699 quotidie
2605 1613 2726 1677 tibi
2785 1614 3014 1696 prosit.

1824 1706 1936 1770 Sic
1988 1705 2176 1769 vive:
2233 1714 2308 1769 ut
2360 1702 2656 1786 quotidie
2703 1703 3012 1765 merearis

1821 1792 2134 1876 accipere.
2690 1790 2900 1855 Lectio
2931 1811 3014 1853 ιτ.

1819 1882 2148 2015 Sancta
2193 1879 2384 1944 malis
2429 1889 2707 1963 possunt
2736 1881 3015 1942 obesse:

1949 1970 2107 2052 quia
2135 1968 2327 2033 bonis
2371 1978 2524 2031 sunt
2557 1968 2640 2031 ad
2685 1967 2968 2031 salutem
2998 1986 3015 2031 t

1823 2058 2014 2121 malis
2044 2059 2130 2122 ad
2157 2057 2496 2139 judicium.
2589 2056 2789 2122 Unde
2821 2076 3012 2137 apos-

1821 2146 2044 2211 tolus:
2109 2146 2242 2230 Qui
2305 2146 2663 2209 manducat
2721 2152 2788 2207 et
2847 2143 3015 2208 bibit

1782 2287 1794 2299 .
1821 2235 2128 2317 indigne:
2154 2234 2473 2318 judicium
2499 2233 2624 2296 sibi
2657 2233 3014 2296 manducat

1821 2333 1889 2387 et
1920 2324 2104 2388 bibit.
2183 2324 2337 2386 Non
2375 2323 2532 2404 quia
2581 2342 2681 2385 res
2726 2320 2838 2384 illa
2875 2342 3014 2385 ma-

1821 2411 1886 2475 la
1916 2423 2055 2477 est:
2101 2412 2218 2476 sed
2265 2412 2420 2494 quia
2455 2409 2667 2474 malus
2697 2409 2873 2472 male
2903 2429 3012 2473 ac-

1821 2501 1980 2584 cipit
2011 2502 2189 2586 quod
2222 2500 2469 2565 bonum
2495 2508 2612 2564 est.
2658 2499 2814 2562 Non
2835 2498 3016 2562 enim

1821 2590 2000 2654 mala
2057 2598 2199 2653 erat
2259 2588 2604 2653 buccella³
2655 2608 2786 2670 que
2850 2587 3012 2669 jude

1819 2679 1980 2742 data
2049 2687 2152 2742 est
2211 2697 2252 2740 a
2310 2678 2596 2741 domino,
2711 2675 3011 2740 Salutem

1821 2767 2116 2830 medicus
2146 2767 2330 2831 dedit
2359 2786 2372 2831 :
2419 2766 2535 2829 sed
2574 2763 2730 2847 quia
2760 2765 2867 2826 ille
2898 2765 3012 2846 qui

1821 2855 2130 2938 indignus
2176 2855 2474 2938 accepit:
2522 2854 2605 2916 ad
2654 2854 3011 2935 perniciem

1820 2965 2009 3007 suam
2059 2944 2327 3025 accepit.
2377 2953 2438 3006 et
2479 2952 2676 3006 cetera
2723 2941 2892 3004 sicut
2940 2941 3013 3004 in

1817 3033 1926 3096 die
1952 3043 2027 3095 ut
2042 3043 2221 3114 patet
2245 3041 2460 3113 supra.

1822 3126 1885 3199 (Ι
1938 3121 2223 3185 Rubrica
2290 3121 2372 3183 de
2435 3117 2778 3182 dominicis
2835 3117 3011 3182 ordi-

1817 3210 2070 3274 nandis.

1813 3301 1994 3430 N
2007 3297 2316 3362 otandum
2390 3307 2604 3360 autem
2657 3294 2832 3378 quod
2884 3303 3012 3358 octo

2006 3386 2318 3450 dominice
2363 3386 2586 3449 debent
2643 3384 2810 3466 ficri
2864 3393 3017 3446 ante

1794 3475 2048 3555 festum
2081 3475 2250 3540 beati
2289 3475 2480 3538 Petri
2506 3473 2602 3536 ad
2624 3471 2880 3535 vincula
2924 3470 3022 3533 ad

1813 3564 2031 3628 minus
2110 3564 2348 3627 scilicet
2433 3571 2508 3625 ut
2577 3559 3008 3643 frequentius.

1817 3653 1981 3719 Cum
2011 3663 2226 3716 autem
2259 3651 2592 3733 prolixum
2619 3649 2830 3726 fueret
2859 3659 3011 3711 tem-

1793 3753 1928 3823 pus
1959 3741 2129 3804 inter
2155 3740 2407 3822 festum
2447 3747 2661 3802 sancte
2689 3736 3013 3800 trinitatis

1805 3839 1869 3892 et
1896 3829 2258 3912 predictum
2299 3829 2549 3909 festum
2595 3826 2807 3890 sancti
2817 3824 3007 3907 petri.

1823 3918 1941 3983 Vel
1961 3919 2026 3981 si
2054 3918 2219 3981 idem
2233 3919 2488 3999 festum
2529 3916 2698 3978 beati
2723 3913 2915 3978 Petri
2943 3913 3010 3976 in

1802 4007 2130 4071 dominica
2159 4005 2438 4069 evenerit
2459 4028 2482 4068 .·
2529 4015 2680 4067 tunc
2688 4003 2874 4085 fiant
2902 4022 3011 4064 no-

1807 4117 1948 4160 vem
1979 4095 2086 4158 vel
2108 4095 2310 4158 decem
2341 4092 2654 4156 dominice
2682 4101 2834 4155 ante
2855 4100 3010 4172 pre-

1807 4185 2048 4248 dictum
2064 4180 2322 4265 festum
2368 4181 2580 4244 sancti
2605 4183 2815 4264 petri:
2859 4189 2920 4240 et
2945 4175 3012 4240 si

1809 4274 1878 4336 in
1912 4273 2070 4355 ipsis·
2097 4271 2439 4334 dominicis
2467 4270 2688 4333 diebus
2720 4289 2842 4332 non
2865 4280 3008 4348 pos-

1807 4372 1962 4426 sunt
1974 4361 2175 4444 fieri:
2200 4361 2388 4443 fiant
2409 4359 2636 4422 dicbus
2649 4357 3011 4439 ferialibus

2328 4559 2347 4586 ³
2379 4555 2573 4606 bucella
2593 4573 2606 4604 z
2645 4554 2725 4603 W.
2737 4553 2780 4602 N
2792 4591 2802 4602 .

3331 1974 3342 3666 ——————=——.-———-.—-—a——-——.—-——-
3326 1841 3336 1856 ⁸
