3375 5100
1051 369 1370 424 DEDICA
1383 369 1668 425 TJONIS
1712 371 2131 428 ECCLESIE.

879 476 1024 530 657

345 579 726 644 Gloriosum
797 592 866 645 et
940 584 1230 647 terribile
1297 605 1538 648 nomen

342 679 532 732 tuum
579 670 892 734 domine:
938 681 1005 734 et
1038 672 1378 736 edificavi¹
1419 675 1538 738 do·

345 777 528 821 mum
573 759 638 820 in
673 759 976 823 universa
1005 771 1220 824 terra:
1258 782 1540 844 magnus

343 845 654 910 dominus
673 858 897 911 noster
923 870 938 913 ε
986 851 1142 933 quia
1164 850 1538 914 exaltatum

343 945 444 997 est
475 955 716 999 nomen
750 935 894 1017 ejus
924 938 1128 1000 solius
1155 961 1169 1001 :
1217 939 1393 1002 beati
1427 941 1540 1022 qui

343 1022 650 1088 habitant
687 1025 752 1087 in
783 1026 987 1088 domo
1019 1036 1135 1090 tua
1165 1027 1436 1091 domine
1467 1029 1534 1092 in

346 1112 638 1175 seculum
673 1113 874 1176 seculi
908 1114 1274 1178 laudabunt
1306 1126 1390 1180 te.
1439 1125 1541 1198 pf.

346 1200 493 1263 Nisi
569 1201 878 1265 dominus
952 1203 1298 1269 edificavit.
1405 1206 1538 1268 Αῆ.

346 1289 744 1354 Benedictus
789 1310 860 1354 es
907 1291 975 1355 in
1013 1292 1264 1376 templo
1310 1304 1542 1357 sancto

343 1377 552 1458 glorie
613 1388 724 1442 tue
772 1381 952 1461 quod
1003 1380 1380 1444 edificatum
1436 1392 1537 1447 est

346 1466 432 1528 ad
489 1466 751 1530 laudem
810 1476 876 1531 et
924 1469 1202 1550 gloriam
1253 1471 1540 1533 nominis

345 1555 442 1617 tui
475 1555 760 1620 domiue.
811 1566 912 1637 pf.
961 1557 1362 1622 confitebor.
1427 1559 1539 1642 (ᾔ)

345 1645 476 1706 Aa.
529 1643 609 1706 In
635 1645 1049 1709 dedicatione
1081 1646 1276 1728 hujus
1305 1648 1540 1730 templi

346 1731 614 1796 laudate
660 1732 860 1796 deum
893 1735 1108 1797 omnis
1157 1735 1392 1799 militia
1434 1757 1540 1798 ce-

345 1819 604 1884 lorum:
679 1830 745 1884 et
808 1823 1024 1885 omnis
1083 1834 1254 1887 terra
1317 1823 1542 1887 laudet

347 1928 588 1972 nomen
627 1909 918 1976 domini:
965 1913 1123 1994 quia
1167 1911 1538 1976 exaltatum

345 2008 448 2061 est
481 2018 723 2062 nomen
757 1998 899 2080 ejus
929 2000 1146 2063 solius,
1227 2018 1271 2086 γ
1307 2001 1540 2064 Lauda

345 2084 738 2150 hierusalem
757 2088 1121 2152 dominum.
1155 2087 1542 2171 Capitulum.

362 2176 602 2306 Vidi
665 2176 1002 2239 civitatem
1053 2187 1350 2241 sanctam
1404 2177 1541 2241 hie-

510 2264 794 2327 rusalem
851 2285 1088 2329 novam
1138 2266 1541 2330 descenden-

343 2361 480 2415 tem
514 2353 598 2416 de
640 2352 783 2416 celo
815 2375 854 2416 a
884 2353 1011 2416 deo
1043 2364 1340 2436 paratam
1373 2355 1544 2418 sicut

345 2460 660 2522 sponsam
692 2450 994 2504 ornatam
1027 2443 1167 2505 viro
1197 2463 1335 2506 sue.
1425 2443 1540 2508 Re.

347 2529 653 2594 Fundata
684 2539 784 2595 est
817 2531 1056 2594 domus
1088 2531 1357 2595 domini.

365 2619 627 2754 Urbs
660 2618 858 2682 beata
887 2620 1278 2683 hierusalem
1315 2620 1540 2704 [Hym.

516 2708 698 2771 dicta
751 2708 932 2789 pacis
980 2709 1146 2771 visio
1193 2730 1322 2791 que
1384 2729 1538 2773 con-

345 2796 618 2859 struitur
658 2796 724 2859 in
762 2796 918 2859 celis
963 2798 1126 2861 vivis
1171 2817 1259 2860 ex
1307 2798 1539 2880 lapidi-

343 2883 470 2947 bus
499 2894 568 2947 et
597 2884 853 2967 angelis
889 2895 1204 2949 coronata
1237 2896 1310 2949 ut
1341 2907 1538 2969 spon-

345 2982 492 3036 sata
551 2976 810 3038 comite.
913 2974 1114 3037 Nova
1171 2975 1441 3038 veniens
1503 2997 1540 3039 e

346 3060 489 3125 celo
537 3062 814 3143 nuptiali
863 3062 1158 3126 thalamo
1189 3074 1541 3146 preparata

345 3160 419 3213 ut
486 3160 802 3233 sponsata
863 3151 1208 3233 copuletur
1266 3152 1540 3216 domino

343 3238 564 3320 platee
594 3248 661 3303 et
693 3240 860 3302 muri
907 3239 1048 3322 ejus
1095 3261 1182 3303 ex
1229 3260 1388 3303 auro
1419 3260 1541 3322 pu-

343 3328 616 3391 rissimo,
709 3328 918 3391 Porte
963 3328 1178 3391 nitent
1227 3330 1540 3411 margari-

343 3416 428 3479 tis
481 3416 702 3498 adytis
755 3416 1135 3499 patentibus
1189 3426 1254 3481 et
1301 3418 1540 3481 virtute

344 3506 724 3567 meritorum
757 3505 911 3569 illuc
944 3506 1378 3569 introducitur
1399 3525 1541 3568 om-

342 3594 443 3655 nis
489 3594 602 3675 qui
650 3613 769 3675 pro
823 3593 1066 3658 Christi
1115 3595 1382 3657 nomine
1435 3593 1542 3657 hic

343 3683 407 3744 in
475 3683 724 3745 mundo
799 3684 1130 3764 premitur.
1266 3682 1540 3745 Tunsio-

342 3770 536 3833 nibus
591 3772 908 3854 pressuris
956 3771 1238 3853 expoliti
1287 3771 1543 3854 lapides

343 3860 610 3942 suisque
654 3869 968 3941 aptantur
1017 3860 1176 3924 locis
1235 3881 1353 3945 per
1403 3880 1543 3923 ma-

345 3967 468 4010 nus
493 3947 759 4013 artificis
778 3949 1218 4031 disponuntur
1238 3969 1541 4031 perman·

344 4037 475 4098 suri
539 4038 738 4100 sacris
798 4036 1090 4101 edificiis.
1191 4038 1416 4101 Gloria
1475 4046 1543 4101 et

342 4124 557 4187 honor
613 4126 744 4188 deo
805 4147 1148 4209 usquequo
1219 4126 1540 4189 altissimo

344 4232 476 4275 una
522 4214 694 4296 patri
743 4214 1009 4298 filioque
1057 4215 1308 4298 inclyto
1353 4235 1542 4297 para-

343 4301 544 4365 clito:
615 4303 718 4367 cui
773 4302 916 4365 laus
975 4314 1078 4367 est
1129 4313 1197 4368 et
1247 4313 1542 4385 potestas

343 4409 462 4471 per
521 4400 748 4455 eterna
806 4392 1045 4456 secula.
1155 4392 1399 4456 Amen.
1497 4408 1545 4477 y

2152 481 2305 535 658
2388 517 2393 520 -

1644 585 1833 651 Beati
1880 587 1995 670 qui
2041 587 2345 652 habitant
2392 588 2458 652 in
2489 588 2693 653 domo
2724 599 2841 654 tua

1639 676 1927 739 domine.
2050 677 2129 740 In
2191 677 2413 741 secula
2472 679 2841 742 seculorum

1638 763 2005 826 laudabunt
2039 774 2105 828 te
2127 765 2405 829 alleluia.
2468 767 2552 829 In
2583 789 2839 849 evange.

1639 861 1743 914 αῆ.
1795 851 1856 917 O
1882 873 2083 934 quam
2110 855 2503 917 metuendus
2536 865 2635 918 est
2659 856 2843 921 locus

1640 940 1765 1002 iste
1811 961 1962 1004 vere
2012 962 2144 1005 non
2192 952 2292 1005 est
2336 943 2441 1006 hic
2488 943 2665 1006 aliud
2715 946 2841 1008 nisi

1638 1028 1881 1093 domus
1938 1030 2047 1093 dei
2108 1039 2177 1094 et
2238 1040 2431 1113 porta
2492 1033 2632 1096 celi.
2738 1043 2839 1115 pf.

1644 1117 2053 1200 Magnificat.
2593 1121 2840 1187 Orati0.

1639 1208 1915 1337 Deus
1967 1208 2079 1290 qui
2131 1207 2321 1271 nobis
2375 1229 2492 1290 per
2546 1209 2842 1291 singulos

1797 1314 2009 1360 annos
2068 1295 2263 1376 hujus
2333 1298 2543 1362 sancti
2606 1299 2840 1380 templi

1641 1383 1739 1446 tui
1773 1385 2282 1449 consecrationis
2320 1405 2586 1468 raparas
2618 1387 2793 1450 diem
2823 1409 2840 1452 :

1642 1481 1710 1534 et
1742 1474 1940 1536 sacris
1973 1493 2235 1556 semper
2265 1475 2594 1556 mysteriis
2626 1495 2840 1558 repre·

1641 1569 1867 1623 sentas
1909 1561 2273 1624 incolumes
2318 1563 2567 1626 exaudi
2614 1584 2843 1645 preces

1641 1648 1871 1730 populi
1903 1651 1999 1712 tui
2030 1659 2100 1712 et
2129 1660 2349 1732 presta
2378 1672 2393 1714 :
2441 1661 2515 1714 ut
2544 1653 2845 1734 quisquis

1642 1736 1768 1800 hoc
1800 1737 2126 1820 templum
2160 1738 2475 1802 beneficia
2518 1742 2843 1822 petiturus

1643 1825 2045 1906 ingreditur:
2080 1836 2318 1890 cuncta
2350 1847 2419 1890 se
2454 1828 2845 1910 impetrasse

1641 1912 1895 1977 letetur.
1976 1914 2098 1977 Per
2126 1915 2487 1979 dominum.
2556 1917 2681 1979 Ad
2704 1938 2842 1980 ma—

1641 2002 1892 2065 tutinas
1922 2003 2390 2066 invitatorium.
2476 2003 2641 2068 Filie
2670 2025 2841 2087 syon

1641 2091 1879 2154 currite
1920 2100 2148 2155 assunt
2180 2091 2355 2154 enim
2387 2092 2671 2156 celebria
2704 2114 2844 2157 ma-

1641 2179 1757 2241 tris
1802 2189 2025 2242 nostre
2070 2178 2383 2242 solennia.
2474 2181 2843 2263 Jubilemus

1643 2267 1841 2348 igitur
1882 2269 2013 2331 deo
2060 2276 2285 2331 nostro
2335 2269 2678 2333 unanimes
2725 2271 2839 2352 qui

1641 2356 1767 2418 sibi
1810 2375 1957 2419 eam
1988 2358 2279 2437 gratuita
2326 2356 2525 2439 elegit
2557 2358 2843 2422 clemen-

1639 2444 1751 2507 tia.
1828 2453 1929 2525 pf.
1977 2444 2236 2508 Venite.
2285 2445 2611 2526 Hymnus.
2660 2448 2841 2512 Urbs

1641 2532 1837 2596 beata
1868 2533 2280 2598 hierusalem.
2356 2535 2438 2597 In
2450 2536 2513 2618 j.
2546 2545 2700 2600 noct.
2732 2545 2839 2600 aii.

1659 2622 1986 2753 Tollite
2011 2632 2237 2705 portas
2250 2624 2575 2706 principes
2586 2636 2839 2689 vestras

1775 2719 1843 2774 et
1874 2711 2222 2775 elevamini
2269 2721 2457 2794 porte
2496 2713 2839 2781 eternales,

1623 2807 1727 2879 pf.
1779 2799 2050 2862 Domini
2101 2810 2201 2863 est
2255 2810 2444 2864 terra.
2497 2811 2603 2865 αῆ.
2648 2802 2840 2867 Vidit

1631 2887 1833 2968 jacob
1857 2889 2149 2951 schalam
2183 2890 2531 2952 summitas
2563 2891 2704 2972 ejus
2735 2911 2840 2955 ce—

1639 2975 1737 3038 los
1772 2976 2091 3057 tangebat
2118 2985 2185 3040 et
2215 2979 2692 3043 descendentes
2724 2999 2842 3043 an-

1637 3064 1825 3145 gelos
1877 3074 1946 3128 et
1997 3065 2213 3129 dixit:
2266 3087 2419 3129 vere
2474 3067 2655 3132 locus
2717 3068 2839 3133 iste

1639 3162 1909 3216 sanctus
1984 3163 2101 3217 est.
2176 3164 2277 3235 pf.
2356 3156 2541 3219 Deus
2616 3166 2841 3219 noster

1639 3240 1981 3323 refugium.
2072 3244 2203 3306 Αῆ.
2262 3242 2433 3307 Cum
2466 3244 2841 3327 evigilasset

1631 3330 1832 3413 jacob
1874 3330 1961 3395 de
1996 3349 2231 3394 somno
2278 3332 2411 3395 ait:
2458 3353 2609 3395 vere
2656 3332 2841 3397 locus

1639 3418 1762 3481 iste
1838 3428 2105 3481 sanctus
2180 3428 2297 3483 est.
2371 3429 2474 3501 pff.
2551 3421 2843 3504 Magnus

1639 3507 1967 3570 dominus,
2058 3524 2106 3593 γ
2156 3508 2448 3571 Domum
2488 3517 2673 3573 tuam
2719 3510 2841 3574 do-

1642 3596 1820 3658 mine
1864 3597 2057 3659 decet
2086 3597 2481 3661 sanctitudo,
2577 3598 2655 3661 In
2696 3597 2840 3662 lon-

1639 3684 2013 3765 gitudinem
2045 3684 2318 3748 dierum.
2396 3685 2675 3750 alleluia.

1779 3773 2300 3855 uotienscunque
2331 3773 2561 3837 fratres
2597 3774 2761 3857 [Lec.
2776 3777 2839 3857 j.

1652 3774 2141 3938 Qcharissimi
2185 3860 2409 3925 altaris
2452 3863 2555 3927 vel
2606 3864 2839 3947 templi

1617 3942 2071 4013 ‘festivitatem
2103 3950 2379 4014 colimus
2410 3972 2425 4015 ε
2472 3952 2525 4014 si
2562 3950 2841 4015 fideliter

1642 4046 1711 4101 et
1758 4037 2109 4120 diligenter
2159 4040 2567 4103 attendimus
2620 4050 2689 4105 et
2733 4042 2843 4125 pie

1643 4146 1721 4189 ac
1777 4126 1953 4208 juste
2012 4127 2336 4191 vivimus:
2400 4128 2714 4212 quicquid
2778 4131 2843 4193 in

1643 4216 1912 4297 templis
1945 4215 2340 4281 manufactis
2376 4218 2595 4299 agitur
2623 4228 2841 4283 totum

1645 4303 1711 4365 in
1776 4303 1965 4367 nobis
2032 4304 2355 4387 spirituali
2429 4304 2847 4372 edificatione

1645 4392 2030 4476 completur.
2124 4392 2239 4457 Re.
2320 4394 2397 4456 In
2430 4394 2849 4461 dedicatione

1375 4567 1388 4595 ¹
1423 4563 1668 4616 edificavit
1698 4584 1710 4615 τ
1748 4566 1811 4615 R.

2437 4678 2581 4727 UU
