3375 5100
1302 368 1353 423 S
1358 367 1623 424 UFFRA
1634 366 1778 423 GJA
1833 366 1884 421 C
1883 366 2048 423 ONS
2051 366 2112 423 U
2111 366 2164 421 E
2169 366 2292 421 TA.

1110 476 1245 531 941

574 580 913 665 presidiis:
944 602 1227 664 quorum
1254 583 1521 646 donasti
1546 580 1778 646 fideles

574 692 719 735 esse
749 670 1065 735 doctrinis
1096 690 1214 753 per
1244 672 1601 736 Christum.

694 760 800 823 De
812 769 1031 821 sancto
1050 760 1369 823 willelmo,
1401 761 1533 824 Αῆ.
1570 760 1776 842 Rapi-

576 858 699 911 unt
730 868 773 911 a
803 848 1029 930 pugile
1062 848 1173 912 lex
1206 857 1275 911 et
1306 848 1517 912 hostis
1550 848 1776 911 lumen

576 938 756 1019 quod
792 958 911 1019 per
940 946 1245 1000 sanctum
1298 946 1559 1019 reparat
1591 937 1774 1000 celo¹

574 1026 701 1088 celi
748 1046 1011 1089 numen.
1103 1042 1150 1112 γ
1198 1025 1337 1090 Ora
1395 1046 1517 1109 pro
1566 1026 1774 1089 nobis,

576 1113 773 1177 beate
803 1114 1157 1177 willelme)¹
1528 1114 1777 1179 Gratia.

574 1204 848 1333 Deus
910 1204 1021 1284 qui
1085 1222 1205 1265 nos
1258 1202 1437 1265 beati
1482 1201 1774 1267 willelmi

733 1291 1122 1355 confessoris
1154 1292 1251 1353 tui
1288 1301 1493 1373 atque
1552 1291 1778 1373 ponti-

579 1379 719 1443 ficis
755 1381 1005 1443 meritis
1037 1390 1105 1443 et
1138 1380 1606 1443 intercessione
1632 1380 1778 1442 leti-

574 1467 773 1533 ficas:
820 1468 1109 1531 concede
1153 1468 1524 1551 propicius:
1556 1478 1631 1532 ut
1662 1468 1776 1551 qui

576 1557 719 1638 ejus
780 1555 1105 1620 beneficia
1164 1559 1539 1639 poscimus:
1594 1556 1776 1620 dono

578 1654 693 1708 tue
787 1646 999 1727 gratie
1093 1665 1595 1727 consequamur.
1658 1666 1779 1728 per

582 1733 947 1799 Christum.

711 1822 819 1885 De
846 1821 1183 1903 reliqum-‚³
1272 1822 1571 1904 Corpora
1588 1842 1776 1886 sanc-

578 1920 799 1974 torum
862 1912 929 1973 in
980 1932 1145 1993 pace
1198 1911 1461 1994 sepulta
1506 1920 1663 1974 sunt
1707 1920 1778 1975 et

576 2000 807 2063 vivent
854 2001 1129 2064 nomina
1182 2020 1411 2063 eorum
1486 2000 1553 2062 in
1606 2008 1779 2063 eter-

581 2108 761 2151 num.
820 2081 872 2156 Ϋ
948 2088 1374 2152 Exultabunt
1432 2090 1644 2151 sancti
1709 2090 1777 2152 in

577 2177 830 2259 gloria.⁴
1530 2177 1778 2241 Oratim

578 2265 1051 2398 propitiare
1142 2265 1335 2329 nobis
1418 2286 1780 2348 quesumus

739 2354 1009 2416 domine
1085 2354 1349 2417 famulis
1442 2356 1574 2418 tuis
1662 2376 1782 2437 per

580 2452 959 2505 sanctorum
992 2452 1257 2505 tuorum
1305 2462 1587 2525 quorum
1634 2443 1781 2506 reli-

581 2532 735 2615 quie
805 2532 871 2594 in
968 2532 1259 2614 presenti
1358 2533 1784 2615 requiescunt

582 2619 902 2683 ecclesia-'³
980 2622 1217 2684 merita
1289 2621 1616 2702 gloriosa:
1709 2630 1785 2685 ut

582 2729 808 2772 eorum
871 2709 997 2792 piis
1058 2710 1635 2773 intercessionibus
1697 2710 1783 2773 ab

583 2797 893 2860 omnibus
968 2807 1397 2880 protegamur
1472 2799 1784 2862 adversis,

582 2907 703 2970 per
734 2886 1097 2950 Christum.

586 2981 650 3053 (Ι
696 2975 801 3038 De
854 2973 1319 3056 confessoribus
1381 2976 1516 3040 (172⁶
1629 2975 1783 3040 Sint

584 3063 793 3128 lumbi
846 3065 1046 3127 vestri
1078 3066 1392 3146 precincti
1426 3073 1495 3126 et
1526 3063 1788 3127 lucerne

582 3153 891 3216 ardentes
923 3155 989 3214 in
1024 3152 1333 3216 manibus
1387 3153 1638 3216 vestris.
1737 3169 1783 3239 γ

584 3238 1027 3306 SacerdoteS.⁷
1538 3242 1784 3306 Oratio,

580 3333 855 3462 Deus
888 3331 1001 3412 qui
1057 3349 1179 3392 nos
1210 3339 1593 3393 sanctorum
1628 3351 1789 3394 con-

738 3418 1059 3482 fessorum
1148 3428 1413 3482 tuorum
1481 3418 1794 3500 johannis

581 3507 845 3571 wilfridi
898 3517 968 3570 et
1020 3507 1387 3572 cuthberti:
1432 3508 1792 3571 consessio-

581 3598 777 3660 nibus
806 3596 1111 3679 gloriosis
1143 3597 1491 3661 circundas
1522 3605 1591 3660 et
1641 3617 1790 3678 pro-

686 3783 701 3814 ¹
734 3799 891 3833 ceco:
928 3783 1155 3834 E.G.W.

658 3851 707 3967 G'
740 3851 856 3900 ⁴Re.
898 3850 973 3900 Ut
1028 3848 1169 3914 digni
1224 3849 1522 3900 efficiamur'
1581 3849 1682 3900 add
1709 3869 1722 3898 :

684 3985 705 4015 ⁸
744 3981 1103 4046 ‘Antiphona’
1125 3983 1258 4032 add:
1288 3983 1357 4032 E.
1372 3983 1429 4031 G.

686 4053 705 4081 ⁴
746 4054 759 4077 ⁸
778 4051 865 4099 Re.
914 4049 1227 4099 Letabuntur
1246 4048 1260 4072 ’
1306 4049 1443 4099 add:
1479 4049 1675 4100 E.G.S.
1715 4048 1788 4112 [in

588 4115 838 4166 cubilibus
860 4117 995 4165 suis:
1031 4115 1192 4178 E.G.]

683 4186 705 4213 ⁸
738 4183 905 4232 Verba
927 4199 958 4231 a
987 4188 1220 4247 ‘quorum
1239 4181 1252 4205 ’
1268 4198 1425 4248 usque
1442 4180 1506 4231 ad
1536 4181 1790 4232 ‘ecclesia’

586 4249 781 4299 uncinis
804 4249 1122 4298 includuntur
1144 4249 1279 4314 apud
1314 4249 1375 4298 E.
1405 4249 1451 4298 ἃ
1477 4249 1541 4300 G.

685 4318 705 4347 ⁸
744 4321 757 4344 ‘
774 4315 883 4365 αἷμ’
905 4332 999 4364 om.
1023 4329 1041 4364 :
1084 4315 1160 4364 W.

686 4385 705 4413 '¹
744 4387 761 4410 ⁴
778 4382 851 4431 tui
870 4383 881 4404 ’
904 4383 1026 4431 add:
1054 4381 1186 4432 E.G.
1212 4381 1502 4444 [induantur
1518 4382 1792 4446 justiciam:

585 4449 679 4510 G.]
754 4453 767 4476 ⁴
784 4449 868 4497 Re.
901 4449 967 4497 Et
991 4447 1149 4497 sancti
1172 4448 1183 4469 '
1206 4448 1306 4497 add
1334 4466 1345 4496 :
1381 4449 1446 4498 G.

686 4519 705 4544 ⁸
739 4531 829 4579 pro
854 4521 931 4563 ‘ct
957 4515 969 4537 '
991 4531 1051 4564 ex
1076 4531 1088 4564 ε
1125 4515 1345 4564 E.G.W.

684 4585 703 4612 ⁰
739 4581 1011 4645 proficere:
1048 4581 1259 4632 G.W.S.

2389 474 2545 531 942

1877 584 2092 665 tegis:
2139 582 2230 645 da
2283 581 2475 644 nobis
2525 581 2637 644 et⁸
2667 602 2898 645 eorum
2932 582 3077 647 irni-

1877 674 2135 736 tatione
2173 669 2525 753 perficere⁹
2550 680 2617 733 et
2665 671 3080 735 intercessio-

1878 781 1962 825 ne
1979 760 2028 797 ¹⁰
2059 760 2367 842 gaudere.
2403 778 2522 840 per
2539 759 2901 824 Christum.

2009 848 2114 911 De
2207 847 2510 910 omnibus
2592 848 2853 912 sanctis.
2943 849 3006 911 Α
3021 858 3083 911 ἦ.

1880 938 2112 1003 Sancti
2191 936 2300 999 dei
2375 955 2610 999 omnes
2691 938 3084 1001 intercedite

1879 1046 2002 1109 pro
2033 1036 2263 1089 nostra
2287 1026 2720 1106 omniumque
2749 1027 2984 1090 salute.
3035 1030 3086 1103 Ῠ

1879 1114 2212 1177 Letamini
2245 1114 2312 1176 in
2343 1113 2680 1177 domino.¹¹
2833 1114 3084 1178 Oratio.

1897 1204 2230 1335 Tribue
2261 1222 2623 1284 quesumus
2647 1202 2919 1266 domine
2941 1223 3088 1265 om-

2043 1312 2160 1354 nes
2265 1300 2535 1354 sanctos
2609 1300 2761 1354 tuos
2831 1291 3089 1373 jugiter

1875 1400 2066 1443 orare
2112 1400 2234 1461 pro
2279 1380 2510 1443 nobis:
2558 1387 2626 1443 et
2673 1400 2938 1462 semper
2967 1401 3087 1443 eos

1877 1468 2241 1531 clementer
2288 1469 2522 1532 audire
2574 1469 2911 1551 digneris:
2967 1490 3090 1553 per

1879 1556 2286 1623 Christum.¹²

2011 1646 2150 1708 Pro
2164 1654 2328 1726 pace
2351 1654 2458 1708 αῆ.
2555 1646 2662 1709 Da
2695 1665 2930 1727 pacem
2963 1646 3088 1709 do-

1879 1736 2060 1797 mine
2092 1735 2158 1796 in
2183 1733 2419 1796 diebus
2449 1736 2692 1797 nostris
2720 1756 2734 1797 :
2767 1736 2928 1815 quia
2947 1756 3088 1797 non

1877 1832 1980 1886 est
2028 1824 2197 1885 alius
2240 1824 2352 1904 qui
2407 1832 2836 1913 pugnet-pro
2892 1824 3090 1887 nobis

1879 1913 2003 1975 nisi
2080 1922 2153 1974 tu
2229 1912 2396 1975 deus
2457 1922 2700 1975 noster.
2791 1928 2840 1998 γ
2935 1914 3094 1975 Fiat

1879 2021 2020 2083 pax
2053 1999 2190 2062 in.¹³
2837 2000 3093 2065 Orati0.

1877 2092 2149 2221 Deus
2209 2110 2250 2153 a
2297 2108 2434 2172 quo
2485 2098 2717 2153 sancta
2757 2090 3097 2153 desideria

2034 2188 2215 2242 recta
2267 2178 2542 2242 consilia
2587 2188 2656 2241 et
2700 2178 2886 2259 justa
2931 2188 3096 2241 sunt

1878 2286 2114 2348 opera:
2162 2268 2252 2331 da
2281 2266 2486 2331 servis
2505 2268 2636 2330 tuis
2661 2268 2846 2330 illam
2881 2286 3094 2349 quam

1881 2356 2168 2419 mundus
2200 2356 2360 2419 dare
2405 2375 2540 2418 non
2593 2363 2816 2436 potest
2851 2376 3094 2438 pacem

1884 2454 1957 2507 ut
1991 2454 2057 2506 et
2088 2444 2290 2507 corda
2324 2452 2550 2507 nostra
2583 2445 2925 2507 mandatis
2957 2445 3095 2507 tuis

1883 2532 2114 2596 dedita
2144 2544 2213 2598 et
2242 2532 2538 2596 hostium
2573 2533 2841 2597 sublata
2864 2533 3096 2596 formi-

1886 2622 2042 2685 dine
2073 2633 2380 2704 tempora
2411 2623 2544 2684 sint
2579 2623 2626 2660 ¹⁴
2673 2625 3096 2703 protectione

1885 2712 2244 2792 tranquilla
2262 2732 2382 2794 per
2405 2711 2753 2774 dominum
2765 2720 3098 2774 nostrum.

1889 2799 2224 2864 Dominus
2296 2798 2661 2863 vobiscum.
2766 2800 2860 2862 Et
2939 2819 3097 2864 cum

1887 2890 2120 2970 spiritu
2185 2897 2321 2952 tu0.
2423 2889 2912 2952 Benedicamus
2977 2889 3102 2952 do-

1889 2976 2148 3040 min0.¹⁵

1973 3065 2098 3127 Ad
2121 3074 2416 3146 vesperas
2435 3065 2481 3102 ¹⁶
2511 3063 2592 3127 de
2611 3062 2657 3103 ¹⁷
2673 3076 2906 3128 sancta
2919 3086 3108 3128 cruce

1887 3163 1994 3216 αῆ.
2091 3155 2237 3217 Nos
2268 3162 2492 3216 autem
2525 3153 2791 3235 gloriari
2823 3162 3102 3236 oportet

1889 3243 1956 3305 in
2031 3262 2221 3307 cruce
2305 3242 2558 3305 domini
2645 3243 2854 3306 nostri
2931 3243 3100 3324 Jesu

1899 3331 2164 3396 Christi.
2211 3347 2260 3416 γ
2308 3330 2550 3395 Omnis
2579 3340 2755 3394 terra
2787 3331 3102 3394 adoret.¹⁸

1893 3420 2253 3550 Adesto
2276 3421 2468 3482 nobis
2499 3421 2768 3483 domine
2813 3419 3102 3503 [Gratia.

2062 3509 2228 3571 deus
2275 3519 2504 3572 noster
2551 3519 2620 3571 et
2667 3529 2842 3590 qnos
2903 3529 3096 3572 sanc·

1892 3606 1960 3660 te
2006 3598 2214 3661 crucis
2273 3596 2462 3660 letari
2553 3597 2713 3660 facis
2787 3597 3100 3660 honore:

1973 3784 2010 3815 ¹0
2043 3782 2212 3832 Verba
2241 3781 2390 3847 ‘perfi
2417 3791 2466 3832 et
2489 3781 2656 3832 inter)
2678 3798 2777 3832 om.
2807 3801 2822 3832 ε
2859 3783 2925 3833 Ε.

1971 3850 2006 3880 ¹¹
2049 3854 2129 3899 ‘et
2152 3849 2368 3899 exultate
2387 3848 2523 3913 justi.
2575 3851 2662 3899 Re.
2693 3850 2760 3898 Et
2781 3849 3104 3914 gloriamini’

1890 3916 1994 3965 add
2018 3932 2029 3966 ι
2065 3915 2124 3964 E.
2136 3917 2245 3966 G.S
2271 3917 2465 3978 [omnes
2489 3934 2502 3964 ι
2538 3916 2627 3978 Ε.]

1973 3983 2008 4013 ¹²
2045 3987 2060 4010 ‘
2077 3982 2338 4032 dominum
2358 3991 2597 4031 nostrum.
2639 3983 2804 4031 Amen
2827 3981 2841 4004 ’
2863 3983 2972 4032 add
3000 4001 3012 4032 :
3050 3983 3098 4032 S.

1971 4050 2011 4080 ¹⁸
2051 4048 2286 4114 ‘[virtute
2311 4057 2396 4098 tua
2418 4067 2432 4098 z
2457 4049 2538 4113 S.]
2559 4049 2647 4098 Re.
2671 4049 2740 4098 Et
2761 4049 3108 4099 abundantia'

1889 4115 1988 4165 add
2017 4134 2029 4164 ε
2065 4115 2260 4165 E.G.S.

1975 4183 2013 4213 ¹⁴
2052 4187 2168 4230 ‘tua
2187 4182 2200 4204 ’
2222 4181 2323 4230 add
2349 4199 2361 4231 :
2397 4177 2623 4231 E.G.W.

1973 4249 2011 4279 ¹⁵
2051 4253 2064 4276 ⁶
2085 4249 2198 4297 Deo
2219 4248 2404 4311 gratias
2420 4248 2432 4270 ’
2455 4248 2556 4297 add
2578 4268 2591 4298 ε
2625 4247 2688 4298 G.

1974 4316 2013 4346 ¹⁸
2051 4321 2066 4342 ‘
2085 4315 2176 4362 Ad
2191 4314 2339 4378 vesp)
2361 4331 2455 4362 om.
2475 4329 2494 4362 .·
2532 4315 2589 4363 G.

1975 4383 2013 4412 ¹⁷
2047 4381 2248 4430 Abhinc
2272 4397 2424 4445 usque
2443 4382 2514 4429 ad
2549 4385 2710 4429 ‘terra
2728 4381 2740 4402 ’
2763 4381 2940 4430 omnia
2965 4399 3069 4431 om.
3089 4397 3106 4430 .·

1900 4447 1957 4497 G.
2032 4449 2088 4496 in
2127 4449 2214 4496 hoc
2251 4449 2346 4496 loco
2371 4463 2388 4495 .·
2421 4449 2602 4497 inserit
2638 4455 2802 4497 tamen
2849 4449 3004 4512 iufra
3050 4451 3106 4497 in

1897 4515 2608 4646 Faza‘qitffitztgffsszmeta.
2681 4582 2774 4630 Ad
2791 4589 3022 4646 vesperas
3055 4583 3111 4634 de
