3375 5100
1087 347 1210 401 EX
1207 347 1456 403 POSIT
1450 347 1710 402 IONES
1754 347 1812 400 E
1824 345 2433 403 VANGELIORUM

1050 455 1208 512 635

524 560 806 645 apostoli
841 560 1159 631 videbant
1189 563 1412 626 videre
1458 562 1721 626 deside-

526 659 832 714 raverunt
859 672 874 715 :
921 650 1038 713 sed
1069 653 1337 715 minime
1367 652 1686 716 viderunt.

527 741 706 870 Et
737 758 889 801 ecce
933 741 1206 820 quidam
1253 741 1346 803 le-
1383 740 1544 824 [Lec.
1577 740 1717 822 viij.

679 829 1028 909 gisperitus
1059 831 1344 894 surrexit
1387 839 1723 911 temptans

530 915 716 978 illum
765 924 832 979 et
873 916 1141 981 dicens:
1192 919 1513 1000 Magister
1562 917 1721 998 quid

531 1003 834 1066 faciendo
863 1004 1068 1068 vitam
1101 1015 1396 1068 eternam
1429 1007 1724 1088 posside-

531 1094 636 1156 bo,
731 1091 1035 1156 Surrexit
1073 1103 1298 1156 autem
1336 1113 1470 1156 non
1508 1094 1721 1157 solum

531 1200 806 1262 corpore
841 1181 926 1244 ad
973 1181 1549 1264 interrogandum:
1604 1183 1721 1244 sed

534 1269 736 1332 etiarn
771 1270 1009 1331 mentis
1047 1270 1331 1333 elatione
1374 1270 1458 1333 ad
1505 1279 1725 1352 temp-

535 1357 834 1420 tandum.
937 1357 1070 1422 Sed
1141 1358 1447 1421 dominus
1523 1379 1723 1441 quem

536 1444 794 1508 occulta
842 1445 1052 1507 cordis
1102 1466 1234 1509 non
1287 1445 1566 1510 fallunt:
1633 1448 1727 1509 ita

534 1553 724 1596 suam
757 1535 1150 1615 temperavit
1189 1537 1679 1617 responsionem
1710 1556 1723 1598 :

535 1631 608 1686 ut
641 1622 725 1684 ad
769 1622 1349 1704 interrogationem
1382 1623 1592 1688 scribe
1624 1644 1723 1686 re-

533 1710 902 1792 spondeat:
951 1719 1018 1773 et
1063 1732 1104 1774 a
1146 1713 1588 1794 temptatore¹
1626 1733 1727 1774 re-

533 1798 851 1880 prehendi
885 1819 1017 1861 non
1048 1801 1273 1882 possit.
1394 1800 1609 1863 Lectio
1640 1800 1723 1864 ix.

531 1887 844 2020 Misit
906 1889 1083 1950 enim
1145 1907 1296 1950 eum
1358 1889 1584 1952 statim
1637 1889 1725 1952 ad

716 1974 931 2057 legem
963 1977 1227 2042 dicens:
1279 1977 1355 2040 In
1388 1976 1534 2059 lege
1565 1977 1725 2059 quid

531 2063 849 2145 scriptum
909 2073 1050 2128 est:
1114 2067 1451 2147 quomodo
1519 2065 1727 2147 legis?

534 2151 632 2214 At
681 2152 789 2215 ille
834 2153 1240 2235 respondens
1285 2155 1422 2218 ait:
1471 2153 1729 2236 Diliges

535 2241 878 2303 dominum
939 2241 1140 2305 deum
1193 2251 1381 2305 tuum
1437 2262 1525 2305 ex
1579 2251 1727 2306 toto

537 2329 732 2392 corde
794 2338 948 2392 tuo:
1023 2339 1090 2394 et
1151 2350 1239 2392 ex
1302 2340 1443 2393 tota
1503 2333 1727 2394 anima

536 2425 682 2480 tua:
729 2425 796 2479 et
827 2438 915 2479 ex
947 2418 1256 2481 omnibus
1280 2419 1526 2482 viribus
1557 2421 1726 2485 tuis:

536 2515 605 2568 et
629 2525 718 2568 ex
747 2506 929 2569 omni
964 2517 1185 2570 mente
1217 2517 1369 2571 tua:
1402 2517 1469 2571 et
1499 2508 1727 2592 proxi·-

538 2614 722 2657 mum
755 2604 942 2657 tuum
976 2596 1142 2658 sicut
1174 2597 1476 2677 teipsum.
1543 2597 1726 2661 Dum

537 2683 738 2764 igitur
797 2682 1103 2746 dominus
1177 2683 1553 2766 legisperito
1625 2704 1725 2748 re-

535 2770 803 2852 spondit
834 2770 1194 2853 persectum
1229 2774 1416 2836 nobis
1449 2774 1572 2836 iter
1591 2775 1727 2837 vite

537 2858 798 2921 celestis
851 2860 1182 2923 ostendit:
1227 2862 1332 2923 cui
1381 2864 1594 2944 primo
1645 2862 1729 2925 de

538 2946 890 3009 dilectione
937 2947 1083 3011 dei:
1133 2958 1199 3011 et
1231 2951 1518 3032 proximi
1565 2951 1729 3032 legis

539 3036 782 3117 scripta
813 3038 1205 3119 proponenti
1253 3038 1427 3103 dicit.
1521 3039 1729 3101 Recte

540 3124 966 3205 respondisti:
1014 3124 1137 3187 hoc
1171 3125 1272 3188 sac
1305 3136 1370 3191 et
1401 3129 1597 3190 vives,
1645 3128 1730 3189 In

537 3212 862 3293 evangelio
900 3222 1002 3276 αῆ.
1069 3214 1388 3297 Magister
1428 3216 1585 3298 quid
1635 3215 1732 3279 sa-

539 3300 775 3363 ciendo
823 3301 1028 3365 vitam
1089 3313 1384 3367 eternam
1432 3304 1732 3386 posside-

540 3387 669 3452 bo:
730 3388 824 3452 ait
876 3389 966 3452 illi
1019 3390 1212 3472 Jesus
1261 3392 1326 3455 in
1378 3392 1523 3475 lege
1570 3391 1731 3475 quid

541 3478 857 3559 scriptum
908 3488 1046 3543 est:
1105 3479 1339 3562 diliges
1387 3481 1731 3544 dominum

539 3586 628 3628 ex
690 3575 834 3630 toto
893 3568 1093 3631 corde
1147 3578 1279 3633 tuo,
1354 3578 1454 3650 pf.
1522 3570 1733 3631 Bene-

543 3656 777 3718 dictus,
1489 3657 1735 3721 Oratio.

552 3744 1052 3877 Omnipotens
1084 3755 1150 3808 et
1175 3747 1539 3810 misericors
1572 3746 1735 3809 deus

674 3833 760 3895 de
809 3834 994 3915 cujus
1055 3854 1326 3897 munere
1373 3836 1595 3899 venit:
1659 3844 1733 3897 ut

541 3920 662 3983 tibi
695 3942 736 3983 a
767 3920 1070 3985 fidelibus
1100 3925 1232 3987 tuis
1263 3925 1464 4005 digne
1495 3933 1561 3986 et
1595 3922 1736 3986 lau-

541 4007 850 4071 dabiliter
879 4012 1234 4075 serviatur:
1282 4011 1495 4075 tribue
1543 4012 1735 4075 nobis

541 4116 943 4178 quesumus:
1003 4110 1074 4163 ut
1125 4100 1213 4163 ad
1269 4101 1734 4183 promissiones

545 4195 693 4247 tuas
754 4186 896 4248 sine
955 4187 1320 4252 offensione
1379 4209 1733 4252 curramus».

549 4272 670 4335 Per
709 4272 1069 4339 dominum.
1161 4278 1284 4340 Ad
1329 4288 1618 4360 vesperas
1666 4276 1735 4339 ia

539 4382 796 4443 evange.
845 4372 950 4425 ar‘i.
1019 4365 1246 4429 Homo
1297 4367 1570 4447 quidam
1621 4367 1736 4429 de-

645 4538 658 4567 ¹
695 4544 938 4588 tentatore
964 4556 976 4588 :
993 4506 1091 4589 ’Ν
1102 4540 1169 4589 N.

1474 4540 1493 4570 ¹
1531 4540 1771 4589 ‘in’0m.
1804 4556 1815 4588 :
1850 4538 1933 4589 W.

2332 455 2493 512 636

1822 563 2181 627 scendebat
2209 562 2297 626 de
2342 561 2735 626 hierusalem
2782 562 2849 627 in
2878 563 3031 628 hie·-

1823 651 2003 714 richo
2049 661 2117 715 et
2160 651 2389 734 incidit
2420 652 2485 714 in
2513 651 2537 687 ²
2566 651 2855 716 latrones
2900 653 3021 736 qui

1822 740 2023 804 etiam
2114 740 2643 822 despoliaverunt
2718 762 2871 804 eum
2948 752 3023 804 et

1822 828 2037 912 plagis
2082 829 2408 910 impositis
2460 829 2764 892 abierunt
2816 831 3023 892 semi-

1822 917 1973 980 vivo
2002 917 2248 980 relicto,
2324 925 2423 998 pf.
2477 917 2881 999 Magnificat.

1826 1010 1891 1082 (Ι
1921 1005 2265 1068 Dominica
2290 1004 2464 1086 xiiij.
2524 1004 2747 1068 Secun.
2780 1006 3023 1070 lucam.

1824 1096 1973 1226 ln
2034 1093 2149 1156 illo
2208 1102 2557 1176 tempore:
2634 1093 2816 1156 Dum
2893 1095 3023 1158 iret

1926 1181 2121 1263 Jesus
2166 1182 2233 1244 in
2264 1180 2655 1244 hierusalem
2688 1182 3017 1246 transibat

1826 1291 1943 1353 per
1988 1271 2275 1332 mediam
2328 1271 2681 1332 samariam
2731 1279 2799 1333 et
2848 1270 3023 1352 gali-

1826 1359 2014 1422 leam.
2053 1359 2142 1420 Et
2162 1378 2311 1421 curn
2334 1358 2785 1440 ingrederetur
2802 1359 3017 1440 quod-

1826 1448 1981 1511 dam
2003 1446 2347 1510 castellum
2367 1457 2785 1510 occurrerunt
2816 1447 2873 1509 ei
2900 1448 3027 1510 de-·

1827 1556 1969 1600 cem
2004 1536 2124 1597 viri
2156 1533 2411 1616 leprosi.
2507 1535 2598 1597 Et
2631 1534 2898 1617 reliqua.

1830 1623 2085 1689 Omelia
2132 1622 2514 1686 venerabilis·
2572 1621 2721 1686 bede
2760 1622 3025 1704 presby-

1826 1712 1966 1777 teri.
2654 1710 2870 1774 Lectio
2900 1711 3023 1794 vij.

1826 1799 2241 1932 Dominus
2272 1798 2469 1882 igitur
2497 1798 2691 1880 Jesus
2717 1799 3023 1864 Christus

1979 1897 2250 1970 propter
2272 1897 2565 1950 nostram
2592 1887 2872 1950 salutem
2896 1889 3025 1951 ho-

1830 1998 1939 2040 mo
1970 1975 2223 2041 factus:
2269 1995 2401 2038 non
2433 1975 2648 2039 solum
2680 1976 2763 2038 ad
2808 1996 2881 2038 se
2909 1997 3023 2040 ve-

1827 2065 2158 2128 nientibus
2202 2083 2477 2146 regnum
2522 2065 2630 2127 dei
2684 2064 3022 2146 evangeli-

1828 2154 2066 2217 zabat:
2142 2153 2258 2216 sed
2323 2153 2523 2217 etiam
2586 2172 2705 2234 per
2760 2153 3021 2216 diversa

1826 2241 1972 2306 loca
2002 2261 2283 2324 pergens
2326 2240 2621 2322 plurimis
2662 2243 3019 2304 sanitatem

1824 2330 2175 2394 tribuebat.
2246 2328 2607 2392 Castellum
2640 2349 2795 2392 vero
2827 2348 3022 2392 mun-

1826 2421 1987 2482 dum
2008 2417 2382 2500 significans
2403 2417 2670 2480 intravit
2688 2417 3027 2482 dominus:

1826 2507 2096 2591 quando
2126 2527 2215 2569 ex
2248 2506 2455 2569 maria
2476 2505 2727 2588 virgine
2750 2526 3019 2571 carnem

1827 2616 2167 2661 assumens
2214 2595 2462 2658 mundo
2498 2594 2769 2659 visibilis
2815 2614 3025 2677 appa-

1828 2686 1974 2749 ruit.
2056 2741 2064 2751 .
2634 2683 2847 2746 Lectio
2876 2682 3021 2766 viij.

1826 2777 2057 2907 Per
2118 2771 2413 2853 leprosos
2471 2792 2629 2853 ergo
2697 2771 3021 2834 hereticos

1989 2860 2353 2942 intelligere
2406 2880 2797 2942 possumus:
2862 2860 3022 2941 quia

1826 2950 1994 3014 sicut
2026 2949 2207 3031 lepra
2242 2949 2457 3011 varios
2502 2947 2753 3011 colores
2798 2948 3022 3030 expri-

1830 3039 1951 3101 mit
2021 3038 2084 3100 in
2146 3046 2341 3101 cute:
2418 3038 2510 3099 sic
2586 3036 3021 3100 hereticorum

1828 3126 2125 3189 doctrina
2185 3127 2399 3189 varios
2448 3144 2696 3187 errores
2747 3134 3025 3207 generat

1830 3216 1896 3277 in
1928 3234 2246 3277 sermone.
2300 3213 2421 3277 Est
2452 3214 2628 3276 enim
2661 3213 2891 3276 fratres
2925 3213 3025 3275 in-

1830 3302 2101 3366 visibilis
2134 3302 2318 3384 lepra
2348 3302 2413 3363 in
2444 3302 2706 3365 anima:
2752 3300 3027 3383 quando

1832 3392 2027 3455 variis
2087 3389 2374 3473 peccatis
2435 3390 2815 3473 inquinatur
2867 3408 3028 3451 con-

1832 3480 2121 3543 scientia.
2689 3477 2906 3541 Lectio
2938 3476 3027 3540 ix.

1854 3568 2126 3700 Tales
2175 3587 2334 3649 ergo
2382 3568 2435 3630 si
2482 3566 3023 3629 emendationem

1990 3657 2207 3719 anime
2254 3656 2546 3738 accipere
2592 3654 2861 3717 volunt:
2910 3673 3029 3716 ne-

1832 3764 2015 3808 cesse
2060 3754 2161 3807 est
2214 3753 2289 3807 ut
2335 3744 2531 3825 longe
2577 3752 2769 3805 stent.
2814 3742 2881 3805 id
2926 3750 3031 3804 est

1834 3843 1909 3897 ut
1940 3854 1981 3896 a
2025 3834 2358 3895 consortio
2402 3840 2783 3895 sanctorum
2814 3850 2886 3893 se
2930 3830 3031 3892 in-

1834 3923 2071 4004 dignos
2098 3920 2395 4002 judicent
2425 3942 2438 3984 :
2487 3918 2873 4001 magisque⁸
2897 3918 3032 3982 cla-

1837 4010 2127 4073 moribus
2186 4009 2413 4091 Jesum
2468 4007 2906 4090 interpellent.
2962 4007 3031 4069 id

1834 4108 1936 4163 est
1976 4118 2126 4161 cum
2169 4118 2413 4180 magna
2456 4097 2850 4160 contritione
2887 4115 3035 4157 cor-

1836 4189 1939 4250 dis
1972 4188 2263 4251 divinam
2290 4185 2707 4249 clementiam
2732 4192 3036 4247 exorent.

1838 4278 1922 4339 In
1960 4296 2211 4359 evange.
2259 4283 2365 4337 αῆ.
2458 4273 2631 4338 Cum
2665 4272 3041 4354 ingredere-

1840 4375 1946 4428 tur
2006 4364 2199 4446 Jesus
2252 4363 2594 4445 quoddam
2644 4361 3040 4425 castellum:

2202 4540 2221 4569 ³
2257 4537 2547 4601 magnisque
2576 4553 2587 4585 :
2623 4534 2692 4583 N.
