3375 5100
1167 313 1292 366 AD
1345 312 1470 368 MA
1488 311 1869 366 TUTJNAS.

809 421 959 476 735

293 548 516 593 eorum
583 527 990 592 destruxisti.
1081 527 1296 592 Periit
1355 548 1495 591 me-

295 619 500 681 moria
561 637 788 680 eorum
851 636 1002 680 curn
1078 618 1352 681 sonitu:
1425 626 1495 679 et

295 706 602 770 dominus
645 706 712 766 in
767 715 1068 768 eternum
1129 716 1492 788 permanet.

297 794 570 858 Paravit
660 794 726 856 in
824 793 1076 875 judicio
1180 792 1494 858 thronum

301 904 534 946 suum:
581 891 652 945 et
703 881 844 964 ipse
886 881 1214 964 judicabit
1262 882 1492 946 orbem

301 982 468 1035 terre
516 971 578 1033 in
627 971 963 1052 equitate:
1005 971 1331 1051 judicabit
1375 991 1495 1054 po-

301 1061 490 1143 pulos
537 1060 604 1122 in
629 1059 912 1140 justicia.
1003 1059 1105 1122 Et
1134 1057 1348 1123 factus
1394 1069 1498 1124 est

300 1149 607 1212 dominus
655 1147 980 1229 refugium
1014 1149 1332 1230 pauperi:
1378 1148 1497 1211 ad·

295 1237 474 1318 jutor
516 1237 581 1298 in
629 1237 1239 1319 opportunitatibus
1285 1237 1352 1299 in
1383 1237 1497 1300 tri-

302 1325 656 1389 bulatione.
746 1324 845 1387 Et
877 1333 1146 1408 sperent
1175 1326 1242 1388 in
1275 1334 1344 1389 te
1384 1325 1498 1406 qui

303 1423 624 1477 noverunt
649 1432 894 1476 nornen
919 1423 1109 1476 tuum
1134 1435 1148 1477 :
1181 1415 1498 1495 quoniam

304 1523 433 1566 non
465 1501 872 1583 dereliquisti
904 1511 1255 1584 querentes
1285 1511 1352 1566 te
1383 1503 1501 1567 do-

306 1593 496 1654 mine.
589 1589 873 1654 Psallite
903 1591 1179 1654 domino
1224 1592 1338 1673 qui
1384 1591 1500 1654 ha-

303 1680 471 1743 bitat
518 1679 583 1741 in
631 1699 841 1759 syon:
887 1680 1286 1743 annunciate
1332 1680 1504 1742 inter

304 1778 534 1852 gentes
595 1768 818 1831 studia
885 1767 1044 1849 ejus,
1171 1767 1502 1846 Quoniam

304 1857 638 1940 requirens
686 1857 1078 1938 sanguinem
1123 1876 1354 1920 eorum
1407 1877 1505 1920 re-

302 1945 611 2008 cordatus
673 1952 824 2008 est:
899 1963 1036 2008 non
1098 1955 1199 2008 est
1260 1944 1506 2008 oblitus

305 2035 660 2098 clamorem
694 2053 1078 2116 pauperum.
1169 2034 1508 2098 Miserere

308 2124 436 2186 mei
490 2122 804 2186 domine:
850 2121 1004 2186 vide
1056 2121 1506 2186 humilitatem

309 2231 526 2274 meam
590 2211 674 2273 de
735 2210 1018 2273 inimicis
1079 2211 1258 2275 meis,
1380 2210 1507 2289 Qui

307 2299 564 2363 exaltas
611 2319 717 2363 me
761 2298 848 2362 de
879 2299 1088 2381 portis
1119 2299 1389 2364 mortis:
1436 2308 1512 2363 ut

309 2387 702 2452 annunciem
777 2407 1010 2451 omnes
1085 2385 1510 2452 laudaciones

307 2485 458 2540 tuas
503 2476 569 2538 in
602 2475 809 2560 portis
842 2475 975 2540 filie
1005 2496 1192 2559 syon.
1287 2476 1510 2540 Exul-

307 2566 466 2629 tabo
510 2567 576 2627 in
608 2564 878 2629 salutari
910 2576 1067 2630 tuo:
1114 2564 1322 2629 infixe
1355 2574 1510 2630 sunt

307 2663 543 2737 gentes
575 2654 640 2717 in
667 2656 932 2718 interitu
965 2674 1166 2737 quem
1197 2654 1510 2719 fecerunt.

307 2744 395 2807 In
458 2742 699 2825 laqueo
770 2744 899 2806 isto
963 2763 1163 2825 quem
1231 2743 1511 2808 abscon-

310 2832 588 2895 derunt:
665 2830 1180 2914 comprehensus
1243 2842 1344 2896 est
1392 2852 1512 2915 pes

313 2939 560 2984 eorum.
676 2919 1123 3003 Cognoscetur
1199 2920 1514 2985 dominus

307 3007 562 3091 judicia
590 3008 880 3073 faciens:
927 3008 994 3071 in
1025 3008 1335 3092 operibus
1373 3030 1513 3073 ma-

315 3116 520 3159 nuum
553 3116 818 3160 suarum
849 3096 1366 3180 comprehensus
1413 3106 1514 3161 est

313 3192 637 3268 peccator.
745 3182 1224 3251 Convertantur
1281 3205 1514 3268 pecca·

314 3282 494 3337 tores
525 3274 592 3336 in
617 3270 986 3337 infernum:
1019 3293 1250 3337 omnes
1280 3284 1515 3356 gentes

316 3381 447 3445 que
496 3362 974 3425 obliviscuntur
1025 3362 1244 3425 deum.
1339 3362 1516 3441 Quo-

317 3452 495 3513 niam
547 3471 681 3514 non
731 3452 798 3514 in
853 3450 1054 3513 finem
1101 3450 1348 3514 oblivio
1394 3452 1518 3515 erit

316 3540 626 3622 pauperis
663 3561 678 3603 :
753 3539 1076 3622 patientia
1150 3560 1514 3623 pauperum

319 3647 454 3690 non
516 3628 753 3710 peribit
803 3628 871 3691 in
925 3626 1144 3691 finem.
1234 3628 1521 3710 Exurge

319 3717 591 3781 domine
637 3736 770 3780 non
826 3715 1229 3780 confortetur
1273 3716 1519 3781 homo:

311 3804 695 3887 judicentur
753 3813 987 3887 gentes
1047 3804 1112 3867 in
1162 3813 1520 3887 conspectu

317 3902 456 3957 tuo,
527 3892 868 3959 Constitue
893 3892 1165 3957 domine
1188 3892 1521 3975 legislato-

317 4002 462 4045 rem
496 4001 692 4071 super
714 4002 865 4045 eos:
917 3981 1022 4045 ut¹
1047 3982 1260 4046 sciant
1289 3990 1523 4064 gentes

319 4070 641 4152 quoniam
674 4068 977 4133 homines
1007 4080 1177 4135 sunt.
1246 4070 1340 4135 Ut
1358 4070 1518 4153 quid

318 4158 594 4222 domine
617 4158 940 4222 recessisti
966 4158 1162 4241 longe
1191 4181 1206 4223 :
1238 4160 1522 4242 despicis

319 4248 392 4311 in
457 4246 1064 4329 opportunitatibus
1123 4249 1190 4311 in
1251 4246 1522 4312 tribula-

324 4335 535 4400 cione.
612 4334 796 4398 Dum
831 4336 1124 4417 superbit
1155 4336 1396 4419 impius
1429 4337 1526 4399 in-

707 4516 720 4545 ¹
762 4514 872 4563 ‘ut’
895 4528 1022 4564 om.:
1048 4514 1192 4564 W.S.

2110 419 2261 478 736

1593 527 1899 591 cenditur
1914 547 2197 609 pauper:
2224 523 2796 608 comprehendun-

1594 625 1704 680 tur
1744 618 1809 678 in
1859 615 2147 680 consiliis
2194 615 2436 698 quibus
2482 617 2795 697 cogitant.

1600 705 1931 783 Quoniam
1988 705 2303 767 laudatur
2360 712 2668 786 peccator
2728 703 2795 765 in

1595 793 1939 856 desideriis
1970 794 2193 856 anime
2222 813 2339 855 sue
2368 813 2382 857 :
2430 801 2497 855 et
2536 792 2801 874 iniquus

1595 882 2023 946 benedicitur.
2097 880 2557 945 Exacerbavit
2588 880 2803 944 domi-

1597 991 1758 1034 num
1790 980 2140 1053 peccator:
2186 970 2553 1034 secundum
2580 966 2801 1032 multi-

1596 1060 1899 1123 tudinem
1922 1059 2015 1122 ire
2037 1079 2155 1122 sue
2178 1079 2312 1120 non
2334 1067 2579 1140 queret.
2637 1058 2801 1121 Non

1597 1156 1702 1211 est
1741 1149 1907 1210 deus
1956 1149 2022 1211 in
2074 1157 2433 1230 conspectu
2477 1147 2657 1228 ejus:
2704 1145 2803 1208 in-

1599 1237 1875 1319 quinate
1921 1245 2077 1316 sunt
2124 1236 2229 1299 vie
2276 1235 2447 1299 illius
2498 1235 2564 1298 in
2618 1233 2801 1298 omni

1599 1334 1917 1407 tempore.
1978 1323 2396 1388 Auferuntur
2410 1323 2659 1405 judicia
2688 1332 2805 1386 tua

1602 1435 1645 1477 a
1696 1412 1862 1477 facie
1912 1411 2097 1494 ejus:
2158 1414 2456 1477 omnium
2510 1413 2805 1475 inimico-

1603 1521 1750 1565 rum
1783 1521 2051 1566 suorum
2084 1501 2550 1565 dominabitur.
2604 1500 2807 1564 Dixit

1604 1590 1783 1654 enim
1808 1591 1875 1653 in
1896 1590 2094 1653 corde
2116 1610 2277 1654 suo:
2324 1610 2458 1652 non
2492 1589 2810 1652 movebor

1603 1699 1646 1742 a
1706 1679 2133 1760 generatione
2194 1680 2261 1741 in
2311 1679 2805 1760 generationem

1605 1768 1749 1830 sine
1798 1767 1992 1831 malo,
2090 1766 2292 1848 Cujus
2341 1766 2808 1830 maledictione

1606 1875 1683 1918 os
1714 1855 1987 1937 plenum
2022 1864 2124 1918 est
2155 1865 2225 1918 et
2256 1855 2699 1918 amaritudine
2740 1864 2808 1918 et

1606 1944 1803 2009 dolo:
1853 1943 1979 2007 sub
2028 1943 2253 2026 lingua
2306 1944 2451 2026 ejus
2501 1943 2690 2007 labor
2741 1951 2810 2006 et

1607 2032 1813 2097 dolor.
1931 2032 2145 2096 Sedet
2212 2033 2277 2094 in
2340 2032 2595 2095 insidiis
2657 2051 2807 2096 cum

1609 2121 1925 2186 divitibus
1987 2121 2054 2183 in
2116 2119 2427 2185 occultis:
2493 2129 2569 2184 ut
2614 2121 2811 2183 inter-

1610 2209 1789 2273 ficiat
1822 2209 2259 2272 innocentem.
2342 2210 2530 2274 Oculi
2570 2208 2713 2290 ejus
2744 2209 2811 2272 in

1609 2317 1969 2381 pauperem
2019 2299 2418 2380 respiciunt:
2468 2298 2816 2361 insidiatur

1610 2387 1677 2451 in
1724 2387 2116 2452 abscondito
2167 2389 2357 2470 quasi
2400 2385 2505 2450 leo
2555 2388 2621 2450 in
2667 2406 2816 2469 spe-

1611 2476 1808 2540 lunca
1854 2496 1991 2539 sua.
2080 2474 2449 2539 Insidiatur
2479 2484 2553 2540 ut
2600 2477 2815 2559 rapiat

1611 2584 1971 2649 pauperem
2010 2586 2025 2628 ε
2133 2585 2363 2647 rapere
2451 2584 2813 2648 pauperem

1612 2655 1775 2719 dum
1836 2653 2112 2717 attrahit
2173 2673 2345 2719 eum.
2434 2656 2521 2717 In
2578 2654 2817 2736 laqueo

1612 2763 1736 2806 suo
1787 2740 2164 2806 humiliabit
2224 2762 2422 2807 eum:
2472 2742 2817 2807 inclinabit

1614 2852 1686 2896 se
1712 2840 1779 2895 et
1810 2832 2007 2895 cadet
2035 2850 2187 2895 cum
2209 2831 2591 2895 dominatus
2622 2832 2818 2895 fuerit

1615 2939 2002 3003 pauperum.
2078 2919 2278 2984 Dixit
2310 2921 2487 2983 enim
2522 2921 2587 2983 in
2620 2920 2821 2984 corde

1616 3029 1782 3073 suo:
1847 3007 2093 3072 oblitus
2154 3018 2255 3073 est
2303 3010 2513 3074 deus:
2580 3010 2820 3074 avertit

1616 3096 1855 3161 faciem
1902 3116 2093 3160 suam
2126 3117 2209 3161 ne
2240 3098 2465 3162 videat
2498 3098 2565 3161 in
2596 3097 2815 3162 finem.

1615 3185 1904 3267 Exurge
1948 3185 2223 3251 domine
2252 3185 2417 3249 deus
2436 3188 2460 3225 ²
2490 3187 2821 3250 exaltetur

1617 3294 1856 3337 manus
1887 3282 2044 3337 tua:
2091 3294 2177 3337 ne
2220 3273 2626 3338 obliviscaris
2657 3295 2819 3358 pau-

1617 3381 1869 3446 perum.
1978 3362 2268 3445 Propter
2324 3362 2485 3445 quid
2546 3364 2823 3427 irritavit

1619 3451 1864 3533 impius
1937 3451 2182 3514 deum:
2258 3450 2431 3515 dixit
2498 3452 2675 3514 enim
2752 3452 2821 3515 in

1619 3539 1818 3603 corde
1863 3558 1985 3603 suo
2021 3558 2153 3603 non
2202 3540 2505 3621 requiret.
2614 3538 2823 3603 Vides

1621 3628 1936 3711 quoniam
1980 3637 2055 3691 tu
2102 3627 2397 3691 laborem
2428 3636 2497 3692 et
2526 3626 2823 3691 dolorem
2916 3700 2922 3707 ,

1621 3716 2043 3779 consideras:
2120 3725 2196 3779 ut
2268 3716 2493 3780 tradas
2568 3736 2681 3779 eos
2757 3717 2825 3780 in

1623 3824 1862 3869 manus
1893 3815 2059 3869 tuas
2150 3804 2308 3869 Tibi
2339 3804 2693 3869 derelictus
2723 3814 2826 3869 est

1622 3912 1877 3977 pauper
1904 3913 1918 3957 :
1949 3893 2250 3975 orphano
2281 3903 2355 3957 tu
2385 3894 2511 3956 eris
2541 3894 2822 3976 adjutor.

1630 3980 1911 4049 Contere
1956 3979 2297 4046 brachium
2345 3983 2709 4063 peccatoris
2757 3992 2825 4046 et

1629 4070 1941 4153 maligni:
1989 4080 2301 4153 queretur
2345 4079 2694 4152 peccatum
2748 4071 2825 4134 il-

1624 4159 1751 4223 lius
1781 4168 1849 4222 et
1882 4178 2015 4221 non
2048 4159 2432 4223 invenietur.
2490 4158 2826 4224 Dominus

1627 4247 1935 4329 regnabit
1976 4247 2041 4309 in
2076 4257 2373 4311 eternum
2413 4256 2481 4311 et
2527 4248 2593 4310 in
2643 4269 2828 4313 secu-

1628 4337 1767 4400 lum
1823 4334 2063 4399 seculi:
2112 4334 2408 4418 peribitis
2460 4344 2695 4417 gentes
2744 4338 2829 4401 de

1798 4517 1817 4545 ²
1858 4512 1963 4564 ‘et’
1991 4513 2127 4564 add:
2164 4512 2450 4565 E.G.W.S.
