3375 5100
1200 300 1323 371 AD
1371 314 1497 369 MA
1514 314 1830 370 TUTJNA
1839 318 1905 371 S.

830 430 947 483 771

298 544 525 599 autern
582 555 713 597 non
765 534 1179 617 derelinquet
1226 552 1377 595 eum
1435 532 1501 593 in

302 625 609 687 manibus
686 624 879 705 ejus:
956 644 1079 688 nec
1154 622 1501 686 damnabit

300 732 455 776 eum
511 733 661 777 cum
705 711 1113 793 judicabitur
1163 712 1273 775 illi.
1350 712 1503 775 Ex-

301 813 501 883 pecta
545 802 892 864 dominum
932 810 1002 864 et
1031 800 1291 864 custodi
1326 800 1501 864 viam

301 889 485 971 ejus:
533 898 602 952 et
648 890 977 954 exaltabit
1021 900 1088 953 te
1132 899 1207 952 ut
1246 889 1504 952 heredi-

300 987 445 1042 tate
477 979 699 1060 capias
730 986 973 1042 terram
1006 997 1157 1041 cum
1190 978 1503 1060 perierint

302 1076 683 1149 peccatores
701 1068 971 1131 videbis.
1039 1066 1197 1132 Vidi
1223 1066 1501 1149 impium

302 1155 913 1238 superexaltatum:
956 1163 1023 1218 et
1054 1154 1385 1219 elevatum
1419 1156 1506 1217 si-

302 1253 418 1307 cut
448 1244 679 1307 cedros
713 1244 933 1308 libani.
1000 1244 1101 1307 Et
1132 1242 1405 1307 transivi
1438 1252 1505 1305 et

304 1353 457 1396 ecce
504 1352 638 1396 non
691 1342 877 1396 erat:
934 1333 1185 1415 quesivi
1236 1352 1388 1395 eum
1438 1340 1507 1395 et

304 1441 439 1485 non
516 1431 619 1484 est
695 1422 1001 1484 inventus
1089 1420 1273 1483 locus
1346 1419 1506 1500 ejus,

311 1509 590 1575 Custodi
684 1510 1131 1573 innocentiam
1210 1519 1278 1572 et
1357 1510 1507 1572 vide

305 1601 715 1680 equitatem:
784 1599 1101 1680 quoniam
1154 1610 1310 1661 sunt
1364 1598 1508 1661 reli-

305 1688 461 1769 quie
536 1686 787 1749 homini
866 1685 1156 1768 pacifico„
1265 1686 1508 1768 Injusti

306 1786 533 1838 autem
594 1775 1007 1857 disperibunt
1065 1774 1305 1838 simul:
1364 1775 1511 1838 reli-

307 1866 461 1946 quie
494 1863 845 1944 impiorum
872 1864 1253 1927 interibunt.
1308 1863 1510 1927 Salus

308 1961 534 2015 autem
581 1952 909 2032 justorum
966 1972 1007 2013 a
1058 1952 1381 2015 domino:
1442 1962 1509 2015 et

309 2049 644 2122 protector
675 2060 901 2103 eorum
934 2040 1075 2103 est¹
1112 2040 1177 2102 in
1209 2050 1509 2123 ternpore

308 2128 765 2191 tribulationis,
858 2128 953 2191 Et
1005 2128 1349 2210 adjuvabit
1394 2150 1509 2192 eos

310 2218 621 2280 dominus
680 2226 748 2279 et
808 2216 1113 2279 liberabit
1180 2238 1345 2282 eos:
1438 2226 1509 2281 et

310 2314 493 2368 eruet
524 2326 637 2369 eos
684 2326 724 2369 a
770 2306 1228 2388 peccatoribus
1272 2316 1341 2369 et
1381 2306 1510 2369 sal-

308 2392 493 2457 vabit
539 2414 696 2457 eos:
754 2395 912 2476 quia
956 2404 1387 2477 speraverunt
1440 2396 1508 2457 in

310 2503 407 2545 eo,
1151 2482 1511 2561 psalmus?

512 2572 686 2636 mine
734 2592 817 2636 ne
866 2571 931 2634 in
978 2571 1195 2636 furore
1240 2583 1359 2636 tuo
1405 2593 1509 2636 ar-

464 2681 631 2742 guas
678 2681 827 2726 me:
876 2680 1093 2745 neque
1140 2663 1207 2724 in
1253 2663 1350 2725 ira
1394 2671 1511 2725 tua

310 2751 623 2831 corripias
670 2770 795 2812 me.
893 2749 1221 2828 Quoniam
1268 2752 1511 2832 sagitte

311 2849 425 2901 tue
486 2837 692 2901 infixe
744 2847 901 2900 sunt
954 2839 1197 2902 mihi³:
1274 2839 1511 2902 confir-

309 2927 507 2990 masti
571 2945 769 3009 super
820 2946 928 2990 me
984 2947 1255 2990 manum
1306 2937 1509 2992 tuam.

308 3015 471 3079 Non
503 3024 605 3078 est
636 3016 885 3079 sanitas
928 3015 997 3079 in
1034 3035 1233 3080 carne
1277 3035 1428 3080 mea
1470 3037 1512 3080 a

312 3104 477 3168 facie
522 3104 615 3166 ire
646 3114 798 3167 tue:
846 3123 977 3166 non
1031 3114 1129 3168 est
1160 3125 1299 3186 pax
1344 3106 1510 3168 ossi-

310 3193 435 3256 bus
510 3193 675 3256 meis
744 3213 785 3256 a
857 3191 1025 3256 facie
1084 3203 1509 3276 peccatorum

312 3301 627 3345 meorum.
733 3281 1063 3360 Quoniam
1126 3283 1509 3364 iniquitates

313 3390 457 3432 mee
548 3390 968 3452 supergresse
1064 3380 1219 3434 sunt
1308 3381 1511 3453 caput

312 3479 578 3522 meum:
667 3469 735 3522 et
814 3459 987 3521 sicut
1064 3479 1231 3523 onus
1309 3479 1509 3542 grave

310 3557 581 3629 gravate
656 3555 812 3610 sunt
872 3566 1071 3630 super
1128 3568 1255 3612 me.
1363 3549 1508 3613 Pu-

311 3645 610 3699 truerunt
655 3645 723 3700 et
773 3645 1083 3718 corrupte
1135 3645 1293 3700 sunt
1340 3637 1509 3701 cica-

310 3725 505 3788 trices
558 3744 749 3788 mee:
814 3745 857 3787 a
908 3725 1077 3788 facie
1136 3725 1509 3807 insipientie

312 3833 474 3876 mee.
564 3813 792 3876 Miser
828 3812 1041 3877 factus
1088 3833 1236 3877 sum
1269 3823 1337 3876 et
1365 3834 1510 3877 cur-

310 3913 501 3964 vatus
539 3922 685 3965 sum
734 3921 944 3984 usque
989 3902 1054 3964 in
1105 3900 1349 3966 finem:
1407 3912 1509 3966 to-

311 4000 381 4052 ta
431 3991 541 4054 die
593 3991 1021 4054 contristatus
1077 3991 1508 4074 ingrediebar.

316 4077 642 4154 Quoniam
668 4078 876 4142 lumbi
910 4079 1039 4142 mei
1073 4079 1331 4161 impleti
1354 4089 1511 4143 sunt

310 4165 760 4230 illusionibus:
807 4177 875 4230 et
921 4187 1054 4231 non
1105 4178 1205 4231 est
1258 4168 1511 4232 sanitas

312 4256 373 4317 in
406 4275 603 4318 carne
650 4276 817 4319 mea.
906 4256 1219 4320 Afflictus
1264 4277 1412 4320 sum
1444 4266 1512 4320 et

679 4455 691 4483 ¹
735 4460 749 4482 ⁸
767 4462 839 4503 est
863 4455 876 4477 '
899 4471 1026 4505 om.:
1052 4456 1196 4506 WS.

2130 428 2268 481 772

1605 531 1988 597 humiliatus
2063 555 2208 597 sum
2281 534 2514 599 nimis:
2591 538 2806 619 rugie-

1604 621 1760 684 bam
1809 642 1848 685 a
1893 624 2146 705 gemitu
2179 624 2394 687 cordis
2435 625 2580 688 mei.
2658 626 2806 689 Do-

1604 712 1784 773 mine
1830 722 1986 775 ante
2039 722 2108 775 te
2156 732 2357 775 omne
2404 712 2803 777 desiderium

1606 818 1876 862 meum:
1943 809 2012 863 et
2061 802 2354 884 gemitus
2407 822 2596 865 meus
2647 824 2690 865 a
2737 813 2808 866 te

1604 906 1740 950 non
1773 896 1874 951 est
1906 890 2350 953 absconditus.
2424 889 2553 955 Cor
2581 910 2804 955 meum

1604 977 2074 1041 conturbatum
2121 988 2264 1041 est:
2314 978 2666 1061 dereliquit
2697 1000 2808 1043 me

1604 1064 1813 1127 virtus
1861 1084 2047 1129 mea:
2094 1066 2416 1129 etlumen
2462 1068 2806 1131 oculorum

1606 1171 1946 1217 meorum:
1994 1163 2061 1216 et
2096 1154 2310 1238 ipsum
2345 1176 2478 1218 non
2518 1165 2621 1218 est
2667 1176 2807 1219 me-

1606 1261 1780 1305 cum.
1889 1241 2115 1305 Amici
2193 1243 2324 1307 mei
2385 1253 2454 1307 et
2515 1244 2808 1326 proximi

1608 1330 1792 1393 mei:
1869 1330 2217 1394 adversum
2282 1352 2390 1394 me
2449 1335 2808 1416 appropin-

1608 1428 1978 1499 quaverunt
2021 1429 2092 1483 et
2131 1428 2474 1484 steterunt.
2563 1422 2665 1485 Et
2695 1422 2809 1504 qui

1603 1506 1806 1588 juxta
1853 1527 1959 1571 me
2007 1519 2196 1571 erant
2235 1510 2320 1571 de
2369 1509 2566 1591 longe
2610 1520 2810 1574 stete-

1612 1606 1808 1659 runt:
1855 1605 1924 1658 et
1950 1598 2086 1659 vim
2119 1596 2450 1661 faciebant
2487 1599 2599 1681 qui
2647 1619 2810 1682 que-

1613 1684 1848 1747 rebant
1893 1686 2186 1748 animam
2235 1706 2472 1750 meam.
2563 1688 2662 1750 Et
2697 1688 2812 1772 qui

1613 1772 2034 1853 inquirebant
2114 1772 2290 1837 mala
2370 1775 2532 1839 mihi
2607 1776 2810 1839 locuti

1612 1870 1766 1922 sunt
1827 1862 2194 1925 vanitates:
2271 1872 2340 1926 et
2401 1862 2594 1927 dolos
2669 1874 2814 1928 tota

1610 1949 1722 2012 die
1777 1950 2288 2014 meditabantur.
2377 1951 2537 2034 Ego
2585 1961 2810 2016 autern

1611 2046 1934 2120 tanquam
1959 2039 2202 2105 ,surdus
2249 2059 2382 2103 non
2417 2040 2812 2105 audiebam:

1610 2133 1678 2189 et
1729 2127 1897 2190 sicut
1943 2137 2168 2191 mutus
2211 2148 2342 2190 non
2389 2130 2690 2211 aperiens
2740 2150 2816 2193 os

1610 2234 1823 2278 suum.
1915 2215 2014 2278 Et
2047 2215 2261 2280 sactus
2302 2236 2451 2279 sum
2499 2217 2669 2282 sicut
2698 2217 2814 2281 ho·

1612 2324 1728 2365 mo
1759 2323 1892 2367 non
1925 2303 2198 2367 audiens
2226 2325 2241 2367 :
2291 2315 2360 2369 et
2391 2325 2526 2369 non
2559 2305 2814 2370 habens

1612 2394 1679 2455 in
1713 2411 1825 2455 ore
1871 2412 1992 2455 suo
2025 2393 2536 2475 redargutiones,
2634 2394 2814 2474 Quo-

1612 2481 1794 2544 niam
1849 2480 1914 2543 in
1960 2490 2030 2545 te
2076 2482 2346 2546 domine
2390 2484 2694 2566 speravi:
2739 2492 2812 2547 tu

1612 2570 1934 2634 exaudies
1967 2591 2075 2634 me
2105 2573 2375 2635 domine
2406 2574 2572 2636 deus
2609 2593 2814 2637 meus,

1618 2658 1790 2738 Quia
1841 2661 1982 2722 dixi
2038 2662 2394 2743 nequando
2453 2681 2816 2744 supergau-

1611 2749 1818 2812 deant
1851 2748 2012 2811 mihi
2053 2749 2301 2812 inimici
2335 2749 2506 2813 mei:
2553 2759 2621 2813 et
2650 2751 2812 2814 dum

1612 2846 2120 2900 commoventur
2172 2838 2377 2919 pedes
2427 2839 2556 2901 mei
2617 2859 2817 2922 super

1614 2947 1722 2988 me
1747 2945 1991 3008 magna
2024 2924 2225 2990 locuti
2259 2935 2431 2990 sunt.
2484 2925 2814 3006 Quoniam

1612 3035 1742 3097 ego
1787 3016 1854 3078 in
1887 3012 2155 3098 flagella
2196 3026 2468 3098 paratus
2509 3037 2702 3080 sum:
2749 3027 2820 3079 et

1610 3103 1804 3167 dolor
1865 3124 2052 3167 meus
2112 3104 2180 3166 in
2241 3112 2601 3186 conspectu
2662 3124 2816 3168 meo

1610 3212 1888 3276 semper.
1985 3190 2318 3270 Quoniam
2394 3193 2814 3275 iniquitatem

1612 3302 1834 3346 meam
1879 3281 2336 3344 annunciabo:
2388 3291 2458 3343 et
2503 3282 2816 3364 cogitabo

1611 3391 1734 3452 pro
1786 3379 2063 3453 peccato
2124 3388 2292 3432 meo.
2381 3369 2645 3433 Inimici
2701 3390 2814 3434 au-

1611 3469 1751 3522 tem
1806 3458 1938 3521 mei
1989 3459 2258 3520 vivunt:
2318 3465 2386 3520 et
2439 3457 2812 3522 confirmati

1611 3556 1768 3611 sunt
1815 3567 2015 3629 super
2064 3565 2216 3610 me:
2270 3554 2342 3609 et
2393 3545 2815 3629 multiplicati

1610 3645 1770 3699 sunt
1799 3636 1912 3718 qui
1945 3634 2229 3697 oderunt
2251 3653 2360 3696 me
2391 3634 2632 3717 inique.
2687 3633 2812 3714 Qui

1612 3725 1986 3789 retribuunt
2016 3723 2193 3786 mala
2224 3742 2345 3805 pro
2374 3722 2566 3786 bonis
2596 3723 2816 3786 detra-

1611 3813 1862 3877 hebant
1895 3812 2054 3874 mihi
2080 3833 2095 3875 :
2141 3812 2458 3893 quoniam
2491 3811 2818 3894 sequebar

1612 3902 2001 3966 bonitatem.
2094 3899 2206 3962 Ne
2247 3899 2668 3984 derelinquas
2707 3919 2816 3964 me

1612 3991 1885 4054 domine
1937 3990 2102 4053 deus
2153 4007 2380 4052 meus:
2439 4008 2526 4052 ne
2572 3989 2816 4052 disces-

1612 4080 1776 4142 seris
1819 4098 1861 4141 a
1906 4097 2029 4142 me.
2120 4075 2410 4140 Intende
2454 4078 2522 4141 in
2554 4078 2819 4159 adjuto-

1616 4169 1786 4231 rium
1849 4186 2112 4230 meum:
2177 4165 2448 4230 domine
2494 4166 2660 4230 deus
2713 4187 2818 4230 sa·

1614 4257 1772 4320 lutis
1840 4275 2006 4320 mee.
2102 4253 2328 4320 Gloria
2387 4255 2579 4336 patri.
2682 4255 2816 4320 Αῆ.

1684 4457 1704 4488 ²
1729 4461 1806 4520 pl.
1838 4465 1936 4516 37:
1971 4453 2037 4504 E.
2053 4453 2110 4501 G.
2183 4453 2385 4517 xxxv-ij.
2411 4466 2428 4500 .·
2461 4451 2516 4500 S.

1254 4524 1274 4553 ³
1316 4528 1329 4550 ‘
1347 4533 1395 4573 et
1416 4523 1429 4547 ’
1451 4523 1589 4574 add:
1626 4520 1911 4577 E.G.w.S.

2410 4625 2552 4692 311
