3375 5100
1202 332 1296 386 ΙΝ
1351 330 1568 385 CENA
1623 330 1954 386 DOMINI.

862 441 1000 497 381

323 560 503 614 terra
555 547 869 611 adversus
922 566 1075 609 eum
1130 554 1525 627 consurget:

322 648 395 702 et
428 637 851 701 manifestum
897 637 1022 699 erit
1066 644 1412 718 peccatum
1451 634 1523 698 il-

320 727 453 791 lius
485 728 551 788 in
583 726 691 788 die
724 724 955 787 furoris
986 724 1254 787 domini.
1350 724 1521 787 Cum

325 816 425 878 eis
456 815 569 897 qui
602 815 914 877 dixerunt
944 812 1217 875 domino
1253 811 1382 876 deo
1428 832 1526 874 re-

324 904 491 966 cede
544 924 584 966 a
636 902 827 965 nobis
881 901 1222 963 scientiam
1272 901 1523 963 viarum

324 1002 594 1055 tuarum
620 990 944 1053 nolumus,
1035 1005 1083 1075 γ
1130 989 1208 1051 In
1241 990 1350 1051 die
1381 1009 1523 1069 per-

324 1079 599 1143 ditionis
642 1077 1047 1141 servabitur:
1095 1086 1162 1139 et
1205 1077 1293 1139 ad
1346 1077 1522 1139 diem

326 1169 599 1231 ultionis
630 1168 919 1229 ducetur.
986 1166 1175 1229 Cum.
1265 1165 1403 1227 Lec.
1440 1166 1524 1228 zze.

320 1256 723 1389 similiter
753 1264 819 1317 et
850 1254 1120 1317 calicem
1167 1263 1521 1336 postquam

457 1345 714 1407 cenavit
760 1343 1015 1424 accepit
1064 1343 1290 1406 dicens
1326 1364 1339 1405 :
1392 1342 1524 1405 Hic

320 1433 503 1496 calix
536 1452 782 1495 novum
815 1438 1287 1494 testamentum
1321 1439 1422 1493 est
1455 1432 1521 1493 in

320 1542 477 1585 meo
538 1520 897 1603 sanguine:
946 1518 1070 1581 hoc
1118 1519 1312 1582 facite
1360 1538 1523 1601 quo-

320 1611 757 1692 tienscunque
839 1608 1078 1670 bibetis
1156 1608 1223 1669 in
1303 1628 1519 1669 meam

321 1697 1043 1761 commemorationem.
1167 1694 1523 1776 Quotiens-

320 1806 587 1869 cunque
645 1787 823 1848 enim
872 1784 1354 1847 manducabitis
1407 1804 1521 1865 pa-

321 1895 479 1939 nem
541 1874 713 1937 hunc
775 1881 842 1936 et
902 1873 1171 1935 calicem
1233 1872 1523 1935 bibetis:

320 1971 610 2026 mortem
705 1962 956 2024 domini
1040 1960 1521 2024 annunciabitis

317 2052 537 2114 donec
590 2051 828 2114 veniat,
919 2048 1031 2113 Re,
1089 2048 1151 2114 O
1194 2049 1357 2129 juda
1408 2048 1519 2131 qui

317 2139 728 2221 dereliquisti
774 2137 1121 2202 consilium
1179 2138 1402 2219 pacis:
1454 2146 1519 2200 et

317 2248 475 2291 curn
530 2228 749 2309 judeis
821 2226 1203 2289 consiliatus
1277 2246 1347 2288 es
1406 2226 1519 2288 tri-

314 2318 511 2399 ginta
568 2315 897 2397 argenteis
956 2314 1309 2377 vendidisti
1369 2334 1517 2377 san—

316 2406 592 2487 guinem
632 2405 903 2485 justum.
998 2404 1089 2466 Et
1134 2423 1365 2484 pacem
1414 2424 1517 2465 os-

315 2492 471 2557 culo
531 2491 789 2556 ferebas
858 2512 1059 2575 quam
1125 2492 1191 2554 in
1250 2500 1517 2574 pectore

316 2603 455 2646 non
516 2581 826 2644 habebas,
929 2598 975 2666 γ
1023 2581 1119 2646 Os
1166 2589 1355 2643 tuum
1402 2580 1517 2643 ha-

317 2669 645 2735 bundavit
693 2669 993 2732 malicia:
1042 2678 1108 2732 et
1140 2668 1365 2751 lingua
1400 2678 1518 2732 tua

316 2758 762 2824 concinnabat
820 2757 1027 2821 dolos,
1122 2757 1240 2834 Et,
1266 2777 1515 2839 pacem.

315 2847 821 2930 Responsorium
869 2845 931 2911 O
974 2845 1141 2928 juda
1182 2854 1514 2926 repetatur,
1557 2870 1564 2877 ·

313 2936 443 2998 Ad
466 2933 882 3017 Responsorii
907 2934 1065 2996 noni
1091 2933 1515 3015 repetitionem

306 3023 607 3106 pulsetur
673 3022 1025 3086 classicum,
1155 3021 1517 3085 versiculus

310 3112 729 3175 sacerdotalis
755 3120 904 3174 ante
928 3110 1155 3174 laudes
1181 3109 1288 3174 his
1305 3110 1517 3173 tribus

310 3200 539 3263 diebus
590 3221 715 3262 non
760 3199 1022 3262 dicatur
1041 3221 1067 3262 ,·
1129 3199 1249 3261 sed
1285 3200 1515 3262 statim

314 3288 646 3352 inchoetur
669 3287 1019 3371 antiphona
1056 3296 1251 3368 super
1271 3288 1511 3351 laudes.

319 3377 561 3442 Omnes
616 3377 813 3439 etiam
845 3376 1346 3458 prostrationem
1389 3374 1513 3457 fa-

306 3465 497 3529 eiant
551 3464 623 3529 in
685 3465 1025 3546 inceptione
1064 3463 1287 3545 prime
1340 3464 1513 3526 anti-

302 3554 515 3628 phone
556 3564 749 3636 super
772 3552 995 3616 laudes
1036 3562 1100 3616 et
1126 3573 1169 3614 a
1207 3552 1513 3616 versiculo

314 3643 611 3706 Mortem
660 3651 883 3705 autem
933 3641 1156 3704 crucis,
1202 3661 1519 3722 quousque

292 3731 599 3815 finiatur
622 3730 963 3793 servitium
984 3729 1125 3812 fiat
1136 3731 1511 3810 prostratio,

310 3819 511 3883 Dicto
544 3829 758 3882 autem
791 3817 1019 3881 ultimo
1048 3817 1469 3898 Responsorio
1490 3839 1515 3881 .·

310 3918 519 3972 rector
571 3907 751 3970 chori
802 3905 1341 3968 hebdomadarius
1412 3905 1515 3968 in-

307 3997 514 4078 cipiat
530 3997 757 4059 statim
782 3994 1199 4076 antiphonam
1232 3993 1301 4056 in
1324 3993 1516 4057 stallo

304 4106 440 4148 suo,
503 4093 606 4148 an,
654 4082 1059 4166 justificeris,

306 4174 358 4237 l
354 4195 397 4236 n
429 4172 734 4236 laudibus
1150 4170 1517 4252 antiphona.

472 4259 817 4326 ustificeris
862 4259 1133 4323 domine
1172 4259 1239 4322 in
1271 4279 1518 4323 sermo-

306 4263 468 4438 J
470 4350 665 4415 nibus
739 4349 871 4413 tuis
944 4357 1013 4412 et
1072 4349 1298 4413 vincas
1365 4368 1515 4413 cum

678 4511 693 4541 ¹
732 4511 990 4561 Exaltatus
1009 4527 1020 4560 :
1056 4509 1121 4560 G.

2145 438 2302 494 882

1624 543 1953 626 judicaris,
2001 554 2102 627 ps'.
2159 547 2486 611 Miserere.
2530 558 2637 612 ανῖ.
2692 551 2828 614 Βο-

1632 634 1850 697 minus
1911 644 2232 717 tanquam
2293 638 2434 699 ovis
2495 639 2580 700 ad
2641 640 2830 703 victi-

1632 741 1811 785 mam
1844 722 2082 786 ductus
2113 734 2212 788 est
2249 746 2262 787 τ
2309 733 2376 787 et
2407 745 2539 788 non
2572 730 2830 808 aperuit

1631 830 1707 873 os
1738 831 1948 875 suum.
2009 821 2110 893 ps'.
2162 813 2450 876 Domine
2484 814 2826 896 refugium.

1630 907 1738 962 αὴ.
1788 900 2163 963 Contritum
2211 911 2313 965 est
2358 922 2470 965 cor
2505 923 2724 965 meum
2759 906 2824 966 in

1631 987 1855 1050 medio
1888 990 2013 1050 mei
2047 999 2580 1054 contremuerunt
2603 993 2830 1055 omnia

1632 1095 1784 1138 ossa
1830 1096 1993 1139 mea.
2056 1086 2156 1159 ps',
2211 1078 2396 1141 Deus
2427 1080 2590 1142 deus
2624 1100 2825 1144 meus,
2881 1079 2884 1083 ’

1629 1172 1738 1226 an,
1815 1164 2272 1229 Exhortatus¹
2327 1188 2396 1229 es
2457 1169 2523 1230 in
2584 1168 2826 1231 virtute

1631 1260 1789 1315 tua:
1838 1263 1906 1316 et
1938 1255 2001 1316 in
2037 1254 2390 1319 refectione
2435 1266 2664 1319 sancta
2710 1266 2828 1320 tua

1629 1341 1916 1405 domine,
1961 1351 2058 1423 ps.
2096 1344 2472 1407 Cantemus,
2519 1346 2652 1408 Αῆ.
2686 1345 2825 1410 Ob-

1630 1426 1802 1491 latus
1839 1438 1940 1493 est
1972 1431 2126 1513 quia
2171 1432 2310 1514 ipse
2341 1432 2547 1496 voluit
2578 1443 2645 1497 et
2677 1454 2828 1516 pec-

1628 1526 1780 1580 cata
1841 1529 2064 1581 nostra
2124 1520 2264 1603 ipse
2323 1524 2630 1604 portavit,
2721 1532 2822 1603 ps.

1633 1603 1953 1670 Laudate.
2042 1607 2128 1670 In
2187 1630 2436 1691 evange.
2480 1619 2584 1674 an.
2660 1611 2826 1674 Tra-

1629 1694 1807 1756 ditor
1864 1704 2086 1758 autem
2149 1697 2336 1762 dedit
2404 1698 2499 1762 eis
2562 1700 2823 1781 signum

1630 1781 1906 1845 dicens:
1983 1804 2180 1865 quem
2249 1787 2582 1850 osculatus
2641 1788 2826 1851 fuero

1629 1870 1771 1952 ipse
1816 1880 1918 1934 est
1962 1881 2184 1936 tenete
2236 1894 2403 1938 eum.
2462 1885 2564 1956 ps.
2616 1876 2825 1939 Bene-

1628 1958 1860 2022 dictus.
1949 1960 2103 2022 Hac
2146 1963 2498 2042 antiphona
2529 1965 2824 2044 predicta

1629 2045 1870 2128 incepta
1889 2070 1913 2109 ,·
1958 2049 2184 2111 statim
2228 2052 2430 2113 altior
2463 2072 2673 2114 cereus
2710 2053 2829 2135 qui

1624 2134 1798 2197 solus
1840 2157 2132 2199 accensus
2177 2148 2454 2219 superest
2489 2141 2823 2222 extingua-

1627 2232 1742 2285 tur
1762 2245 1787 2287 ,·
1828 2234 1891 2288 et
1901 2225 2329 2306 provideatur
2359 2237 2436 2289 ut
2463 2249 2586 2291 non
2631 2239 2822 2311 appa-

1626 2322 1768 2374 reat
1805 2314 2068 2375 candela
2111 2334 2366 2377 accensa
2413 2316 2484 2379 in
2523 2318 2772 2381 ecclesia
2797 2341 2821 2381 ,·

1621 2399 1813 2463 donec
1835 2402 2176 2464 servitium
2176 2403 2483 2485 finiatur,
2547 2406 2824 2469 Interim

1623 2488 1904 2572 quinque
1942 2491 2140 2572 pueri
2181 2500 2425 2556 stantes
2473 2503 2624 2558 ante
2659 2515 2822 2576 gra-

1621 2577 1748 2640 dus
1777 2579 1801 2614 ²
1845 2579 2082 2642 altaris
2154 2581 2361 2644 versis
2417 2583 2514 2646 ad
2562 2583 2825 2647 chorum

1624 2666 1912 2730 vultibus
1959 2667 2184 2730 dicant
2224 2671 2364 2733 alta
2409 2692 2550 2734 voce
2581 2672 2822 2754 Kyrie-

1624 2754 1850 2820 leison.
1921 2755 2333 2839 kyrieleison,
2408 2759 2822 2842 kyrieleison.

1622 2843 1750 2906 duo
1805 2844 2064 2908 diaconi
2133 2857 2283 2910 ante
2354 2849 2591 2912 ostium
2650 2850 2827 2914 chori

1621 2932 2026 2997 occidentalis
2076 2936 2490 3016 respondeant
2511 2960 2534 3000 ,·
2591 2937 2822 3001 Domi-

1624 3041 1708 3083 ne
1740 3021 2045 3085 miserere
2075 3023 2290 3087 nobis,
2368 3025 2613 3090 Chorus
2639 3037 2826 3090 stans

1620 3107 1774 3172 hinc
1846 3109 1998 3173 inde
2067 3111 2424 3194 subjungat
2521 3113 2823 3179 Christus

1622 3197 1934 3261 dominus
2023 3199 2234 3263 factus
2323 3211 2425 3264 est
2504 3203 2824 3268 obediens

1622 3306 1831 3368 usque
1863 3287 1947 3348 ad
1981 3298 2281 3352 mortem,
2325 3289 2550 3354 Pueri.
2601 3291 2820 3357 Chris-

1621 3373 1914 3438 teleison,
2001 3375 2158 3438 Tres
2204 3377 2445 3440 vicarii
2489 3378 2559 3441 in
2613 3381 2822 3443 medio

1619 3462 1799 3526 chori
1870 3462 2095 3526 dicant
2193 3481 2239 3549 γ
2315 3463 2447 3547 Qui
2509 3487 2821 3549 passurus

1622 3551 1948 3614 advenisti
2027 3561 2298 3634 propter
2363 3573 2500 3617 nos,
2612 3556 2827 3620 Pueri

1623 3638 2149 3703 Christeeleison,
2217 3641 2511 3704 Predicti
2571 3643 2826 3708 Vicarii

1620 3744 1669 3813 γ
1715 3726 1848 3809 Qui
1879 3727 2235 3811 discipulos
2265 3729 2505 3812 pavisti
2546 3752 2820 3814 corpore

1619 3825 1738 3879 tuo
1769 3825 1970 3898 atque
2002 3836 2242 3881 cruore.
2317 3818 2542 3884 Pueri.
2598 3819 2817 3884 Chris-

1619 3903 1952 3968 teeleison,
2014 3904 2226 3967 Iidem
2273 3905 2512 3969 vz‘carii
2581 3926 2627 3994 y
2672 3908 2818 3992 Ag-

1621 4013 1708 4055 no
1770 3994 1915 4056 miti
1974 3992 2160 4058 basia
2217 3994 2322 4057 cui
2384 3994 2575 4078 lupus
2632 3997 2819 4063 dedit

1619 4101 1970 4145 venenosa.
2047 4081 2190 4144 Duo
2233 4082 2492 4147 diaconi
2530 4096 2682 4150 ante
2721 4109 2818 4150 os-

1621 4170 1788 4232 tium
1862 4170 2089 4234 chori:
2154 4172 2443 4236 Domine
2512 4174 2818 4240 miserere

1620 4259 1828 4322 nobis,
1926 4258 2215 4323 Chorus:
2262 4259 2561 4326 Christus
2602 4264 2816 4328 domi-

1618 4367 1742 4412 nus
1786 4356 1890 4411 etc,
1924 4357 1999 4410 ut
2024 4359 2238 4430 supra.
2329 4350 2539 4415 Pueri
2580 4352 2816 4417 iterum

1936 4511 1958 4541 ¹
1983 4510 2200 4575 gmdum
2220 4529 2240 4561 :
2275 4511 2414 4562 EG,
