3375 5100
1558 328 1681 383 AD
1729 330 2098 385 PRIMAM.

1125 437 1269 493 881

570 546 823 629 judicia
876 544 1133 627 justitie
1192 555 1323 611 tue.
1420 544 1772 621 Justifica-

577 637 793 700 tiones
822 642 975 697 tuas
1026 636 1429 700 custodiam:
1476 655 1610 700 non
1658 655 1770 699 me

578 725 999 806 derelinquas
1070 745 1565 806 usquequaque.
1684 724 1770 787 In

578 834 716 897 quo
760 813 1027 895 corrigit
1070 813 1559 877 adolescentior
1587 814 1766 876 viam

580 923 769 965 suam
794 924 809 965 :
835 902 901 963 in
927 901 1362 965 custodienda
1386 902 1403 939 ¹
1425 922 1772 965 sermones

577 1001 751 1054 tuos,
837 991 921 1053 In
952 998 1100 1053 toto
1128 991 1327 1054 corde
1357 1011 1511 1053 meo
1541 990 1777 1072 exqui-

580 1080 701 1143 sivi
715 1088 815 1143 te:
848 1099 931 1141 ne
946 1078 1227 1160 repellas
1252 1099 1359 1141 me
1384 1079 1776 1143 amandatis

580 1169 730 1231 tuiS.
820 1168 905 1231 In
981 1168 1181 1230 corde
1240 1188 1391 1231 meo
1452 1167 1773 1231 abscondi

578 1255 843 1338 eloquia
872 1264 996 1317 tua
1022 1278 1037 1319 :
1070 1264 1144 1319 ut
1176 1276 1305 1318 non
1340 1276 1607 1339 peccem
1634 1256 1772 1319 tibi.

579 1345 983 1408 Benedictus
1014 1364 1085 1406 es
1114 1344 1423 1409 domine:
1470 1344 1636 1408 doce
1668 1364 1778 1409 me

574 1432 1083 1515 justificationes
1130 1442 1299 1497 tuas,
1414 1434 1501 1497 In
1581 1432 1778 1497 labiis

582 1522 747 1585 meis
770 1522 1235 1603 pronunciavi:
1284 1523 1511 1586 omnia
1528 1522 1780 1603 judicia

580 1611 713 1673 oris
742 1610 858 1673 tui.
948 1610 1033 1672 In
1094 1610 1202 1672 via
1246 1611 1776 1674 testimoniorum

580 1708 849 1763 tuorum
882 1696 1251 1761 delectatus
1280 1719 1459 1763 sum:
1507 1700 1675 1763 sicut
1710 1700 1776 1762 in

581 1786 889 1849 omnibus
914 1788 1174 1850 divitiis.
1207 1787 1291 1850 In
1326 1788 1659 1851 mandatis
1672 1798 1778 1851 tu·

583 1875 637 1937 is
658 1875 1053 1938 exercebor:
1085 1885 1153 1938 et
1174 1876 1605 1939 considerabo
1636 1878 1778 1939 vias

582 1973 753 2027 tuas,
859 1964 945 2026 In
996 1963 1583 2046 justificationibus
1644 1966 1779 2028 tuis

584 2052 996 2116 meditabor:
1044 2073 1177 2116 non
1237 2054 1590 2117 obliviscar
1644 2073 1781 2117 ser·

584 2161 814 2204 mones
846 2150 1011 2205 tuos,
1458 2142 1780 2223 psalmus.

582 2229 987 2361 Retribue
999 2250 1187 2292 servo
1201 2238 1319 2293 tuo
1342 2250 1359 2294 :
1388 2230 1655 2293 vivifica
1668 2251 1779 2294 me

730 2328 799 2381 et
844 2318 1215 2381 custodiam
1249 2339 1584 2382 sermones
1608 2329 1775 2384 tuos

583 2406 841 2470 Revela
892 2406 1118 2469 oculos
1180 2428 1405 2471 meos:
1451 2417 1521 2472 et
1564 2408 1781 2471 consi-

584 2495 833 2560 derabo
896 2495 1221 2560 mirabilia
1274 2496 1360 2560 de
1420 2495 1567 2580 lege
1642 2506 1774 2562 tua.

581 2585 817 2648 Incola
877 2605 1005 2666 ego
1064 2605 1210 2648 sum
1252 2585 1319 2649 in
1382 2595 1593 2650 terra:
1641 2606 1776 2648 non

584 2673 957 2738 abscondas
1018 2693 1061 2736 a
1122 2695 1229 2736 me
1272 2675 1591 2739 mandata
1643 2684 1776 2738 tua.

590 2761 980 2843 Concupivit
1026 2763 1249 2826 anima
1280 2783 1470 2826 mea:
1516 2764 1780 2826 deside-

582 2871 726 2912 rare
752 2849 1255 2931 justificationes
1288 2861 1437 2915 tuas
1497 2851 1563 2914 in
1595 2851 1780 2915 omni

582 2947 901 3021 tempore.
993 2939 1363 3022 Increpasti
1418 2941 1778 3022 superbos:

584 3026 918 3090 maledicti
979 3028 1091 3110 qui
1124 3029 1459 3092 declinant
1504 3050 1545 3092 a
1591 3048 1782 3092 man-

584 3116 761 3179 datis
792 3115 939 3178 tuiS.
1032 3116 1250 3179 Auser
1297 3139 1337 3180 a
1381 3137 1487 3180 me
1534 3138 1782 3200 oppro-

584 3203 799 3268 brium
833 3214 901 3267 et
921 3213 1417 3288 contemptum:
1462 3207 1621 3288 quia
1650 3207 1782 3269 tes-

584 3293 865 3357 timonia
909 3301 1026 3356 tua
1056 3294 1405 3375 exquisivi.
1496 3295 1779 3358 Etenim

586 3383 897 3444 sederunt
930 3381 1259 3465 principes
1306 3391 1376 3446 et
1422 3382 1781 3446 adversum

586 3490 695 3534 me
757 3469 1229 3552 loquebantur:
1276 3491 1503 3534 servus
1550 3481 1780 3535 autem

584 3569 739 3622 tuus
758 3559 1193 3623 exercebatur
1213 3559 1279 3623 in
1294 3558 1784 3640 justificationi-

583 3647 709 3710 bus
771 3647 919 3710 tuis,
1020 3649 1205 3711 Nam
1265 3656 1336 3711 et
1396 3649 1783 3712 testimonia

584 3746 701 3799 tua
732 3737 1079 3799 meditatio
1112 3757 1261 3800 mea
1321 3744 1461 3800 est:
1507 3747 1577 3800 et
1622 3757 1784 3800 con-

584 3824 805 3887 silium
840 3845 1061 3887 meum
1108 3823 1615 3906 justificationes
1646 3837 1780 3891 tue.

582 3916 644 3977 A
655 3913 875 3976 dhesit
904 3915 1286 3996 pavimento
1332 3915 1560 3978 anima
1590 3935 1780 3979 mea:

683 4090 698 4120 ¹
732 4089 1063 4139 custodiendo
1089 4106 1101 4139 t
1138 4089 1189 4138 S.

679 4158 701 4186 ²
740 4155 949 4205 ‘Gloria
970 4156 1125 4220 patri’
1162 4155 1261 4205 add
1289 4173 1300 4206 :
1338 4155 1531 4206 E.G.S.

676 4224 696 4253 ⁸
729 4223 812 4270 ‘In
819 4223 985 4271 diebus
997 4223 1294 4272 dominici-ra
1305 4225 1407 4285 [aa.
1418 4237 1437 4272 .·
1448 4225 1513 4272 E.
1525 4223 1544 4288 ]
1558 4223 1780 4273 Domine

580 4304 645 4338 ne
664 4288 715 4337 in
739 4288 811 4337 ira
826 4306 976 4354 usque
998 4289 1071 4337 ad
1078 4289 1481 4353 septuagesimam
1504 4297 1551 4339 et
1575 4305 1614 4338 a
1639 4291 1780 4339 Deus

578 4355 803 4404 omnium
826 4371 978 4420 usque
995 4355 1067 4404 ad
1080 4356 1349 4404 adventum
1370 4355 1564 4405 domini
1578 4357 1778 4421 quando

577 4422 635 4471 de
656 4422 899 4470 dominica
920 4423 1119 4485 σείων
1144 4421 1278 4470 add:
1312 4423 1378 4471 E.
1392 4423 1448 4471 G.

682 4491 699 4518 ⁴
746 4488 898 4537 Verba
934 4505 968 4538 a
1010 4493 1023 4516 ‘
1048 4489 1259 4548 Quando
1278 4487 1291 4511 ’
1327 4505 1479 4552 usque
1498 4487 1571 4538 ad
1594 4494 1607 4517 ⁸
1622 4489 1774 4539 domi·

577 4554 689 4603 ne'ca
706 4554 719 4578 ’
744 4555 883 4618 apud
898 4555 966 4604 E.
997 4555 1064 4603 ἐφ’
1092 4555 1151 4604 G.
1176 4555 1495 4606 omittuntur.

2385 440 2546 495 882

1867 544 2128 609 vivifica
2187 564 2296 608 me
2369 546 2740 611 secundum
2795 546 3088 612 verbum

1869 642 2080 699 tuum.
2188 634 2350 699 Vias
2383 655 2566 698 meas
2625 636 2980 700 enunciavi
3015 646 3092 700 et

1872 722 2206 786 exaudisti
2233 743 2382 787 me:
2428 725 2593 788 doce
2619 745 2728 787 me
2753 724 3089 805 justifica-

1872 813 2088 876 tiones
2132 820 2299 875 tuaS.
2409 810 2598 875 Viam
2655 812 3090 895 justificatio-

1875 920 2034 963 num
2061 910 2322 963 tuarum
2358 901 2606 964 instrue
2655 922 2802 965 me:
2849 911 2922 965 et
2955 923 3090 965 ex-

1875 991 2144 1052 ercebor
2175 990 2241 1051 in
2267 988 2680 1053 mirabilibus
2699 990 2848 1053 tuiS.
2897 990 3084 1053 Dor-

1877 1077 2136 1140 mitavit
2189 1078 2415 1140 anima
2467 1098 2618 1141 mea
2677 1098 2794 1161 pre
2847 1080 3082 1163 tedio:

1875 1164 2192 1229 confirma
2213 1186 2320 1229 me
2341 1167 2408 1228 in
2429 1168 2644 1230 verbis
2665 1168 2814 1231 tuiS.
2877 1165 3078 1231 Viam

1877 1256 2242 1336 iniquitatis
2292 1274 2527 1318 amove
2575 1276 2616 1317 a
2665 1276 2815 1319 me:
2863 1266 2936 1319 et
2989 1257 3079 1320 de

1875 1342 2022 1425 lege
2067 1352 2184 1406 tua
2244 1344 2552 1406 miserere
2615 1344 2762 1407 mei.
2871 1344 3078 1407 Viam

1875 1431 2171 1495 veritatis
2202 1431 2416 1513 elegi:
2456 1430 2710 1513 judicia
2761 1442 2879 1495 tua
2933 1454 3075 1496 non

1875 1540 2024 1583 sum
2085 1520 2348 1583 oblitus.
2446 1521 2709 1584 Adhesi
2767 1522 3084 1586 testimo·

1876 1610 2002 1672 niis
2045 1609 2174 1671 tuis
2205 1610 2522 1672 domine:
2567 1610 2702 1672 noli
2755 1628 2863 1673 me
2910 1630 3076 1673 con-

1876 1698 2167 1761 fundere.
2321 1697 2514 1761 Viam
2598 1699 3074 1762 mandatorum

1875 1795 2139 1849 tuorum
2200 1787 2492 1850 cucurri:
2571 1806 2720 1850 cum
2773 1786 3076 1851 dilatasti

1877 1894 1990 1939 cor
2021 1874 2331 1937 meum.²³
2358 1874 2496 1938 Αῆ.
2542 1874 2872 1938 Dominus
2904 1876 3078 1957 regit

1875 1983 1982 2026 me
2013 1972 2084 2026 et
2115 1962 2275 2025 nihil
2329 1962 2490 2025 mihi
2541 1963 2752 2026 deerit
2795 1964 2864 2027 in
2922 1964 3074 2027 loco

1879 2072 2122 2133 pascue
2153 2052 2242 2114 ibi
2275 2071 2385 2114 me
2417 2050 2790 2116 collocavit.

1881 2144 1944 2218 (Ι
1983 2139 2258 2217 Quando
2287 2141 2311 2176 ⁴
2355 2140 2604 2203 dicitur
2618 2140 2699 2203 de
2709 2140 2900 2219 feria
2919 2164 2942 2204 .·
2976 2142 3084 2203 vel

1861 2228 2208 2311 ferialiter
2251 2228 2332 2291 de
2389 2228 2760 2293 dominz'ca.⁵
2881 2230 3076 2293 Deus

1875 2317 2123 2380 exaudi
2167 2318 2540 2382 orationem
2591 2337 2852 2381 meam:
2901 2320 3078 2381 auri-

1875 2405 2000 2469 bus
2032 2406 2296 2488 percipe
2324 2406 2530 2469 verba
2553 2406 2686 2469 oris
2717 2406 2894 2469 mei.⁶
2941 2406 3077 2489 pff!

1885 2494 2338 2662 Quicunque
2399 2495 2542 2559 vult
2602 2493 2824 2559 salvus
2885 2516 3078 2561 esse:

2010 2593 2164 2648 ante
2210 2584 2436 2648 omnia
2487 2605 2658 2668 opus
2706 2593 2808 2648 est
2853 2595 2934 2650 ut
2978 2594 3086 2649 te-

1875 2682 2031 2737 neat
2076 2671 2470 2738 catholicam
2534 2673 2756 2737 fidem.
2851 2675 3074 2753 Quam

1877 2761 1998 2824 nisi
2012 2761 2290 2844 quisque
2309 2763 2636 2844 integram
2657 2763 3082 2828 inviolatam·

1877 2870 2008 2932 que
2036 2851 2393 2914 servaverit
2422 2872 2438 2914 ε
2484 2851 2738 2933 absque
2768 2853 2978 2917 dubio
3011 2855 3076 2916 in

1876 2947 2178 3002 eternum
2239 2939 2497 3020 peribit.
2597 2941 2810 3003 Fides
2847 2951 3078 3004 autem

1879 3025 2204 3090 catholica
2233 3026 2356 3091 hec
2375 3037 2516 3092 est:
2547 3038 2624 3091 ut
2655 3031 3076 3094 unumdeum

1881 3117 1946 3178 in
1979 3116 2276 3178 trinitate
2307 3125 2378 3180 et
2427 3117 2796 3181 trinitatem
2830 3119 2899 3181 in
2931 3121 3080 3182 uni-

1879 3213 2020 3267 tate
2038 3224 2441 3269 veneremur.
2531 3206 2778 3289 Neque
2799 3207 3082 3270 confun-

1879 3292 2114 3356 dentes
2139 3312 2486 3375 personas:
2519 3315 2734 3377 neque
2765 3296 3085 3360 substan-

1881 3381 2045 3444 tiam
2075 3391 2481 3463 separantes.
2567 3382 2732 3447 Alia
2765 3395 2866 3448 est
2897 3387 3080 3448 enim

1879 3489 2164 3552 persona
2221 3473 2476 3553 patris:
2519 3471 2650 3535 alia
2711 3471 2870 3536 filii:
2947 3473 3083 3537 alia

1881 3559 2381 3640 spiritussancti.
2525 3560 2666 3625 Sed
2739 3562 2950 3644 patris
3013 3573 3084 3626 et

1881 3645 1994 3710 filii
2027 3654 2096 3710 et
2127 3647 2606 3730 spiritussancti
2651 3669 2786 3713 una
2830 3661 2937 3714 est
2983 3651 3084 3714 di-

1879 3736 2160 3799 vinitas:
2225 3737 2480 3818 equalis
2537 3738 2752 3820 gloria
2823 3749 3084 3803 coeter-

1879 3844 1969 3887 na
2011 3824 2345 3904 majestaS.
2440 3826 2670 3905 Qualis
2715 3838 2909 3909 pater
2983 3837 3086 3892 ta·

1882 3914 1960 3976 lis
2015 3912 2228 3978 filius:
2303 3914 2458 3979 talis
2517 3916 3082 3998 spiritussanctuS.

1981 4092 2001 4121 ⁸
2041 4091 2309 4156 ‘Inferiis
2329 4109 2364 4142 a
2385 4093 2604 4144 Domine
2643 4111 2708 4145 ne
2741 4096 2792 4145 in
2826 4096 2904 4148 ira
2937 4115 3090 4164 usque

1880 4157 1952 4206 ad
1967 4159 2367 4222 septuagesimam
2393 4161 2842 4226 [quadragesimam
2863 4179 2883 4212 .·
2922 4165 3009 4228 G.]
3043 4173 3090 4215 et

1879 4239 1914 4272 a
1939 4225 2076 4273 Deus
2099 4225 2320 4274 omnium
2345 4243 2497 4290 usque
2515 4229 2588 4276 ad
2603 4229 2873 4279 adventum
2889 4233 3087 4296 quando

1877 4291 1936 4340 de
1955 4290 2205 4340 dominia!
2225 4293 2402 4356 agitur
2417 4291 2430 4314 ’
2451 4294 2583 4342 add:
2614 4295 2684 4344 E.
2695 4295 2754 4344 G.

1977 4359 1998 4388 ⁸
2035 4363 2050 4385 ⁸
2071 4357 2134 4405 In
2158 4356 2319 4421 seriis
2346 4368 2443 4422 per
2471 4361 2736 4410 adventum
2759 4369 2848 4416 ‹28-
2879 4363 3014 4414 Veni
3037 4371 3086 4415 et

1877 4423 2034 4473 libera
2055 4439 2148 4472 nos
2165 4425 2287 4474 deus
2309 4427 2502 4475 noster'
2527 4428 2659 4475 odd:
2682 4427 2750 4476 E.
2763 4429 2824 4478 G.

1876 4557 1929 4605 E
1955 4493 2003 4606 G'
2029 4491 2314 4553 Symbolum
2333 4492 2626 4556 [Simbolum
2641 4509 2659 4542 .·
2683 4494 2780 4558 El]
2793 4495 3085 4546 athanasii:
