<?xml version="1.0" encoding="UTF-8"?>
<!DOCTYPE html PUBLIC "-//W3C//DTD XHTML 1.0 Transitional//EN"
    "http://www.w3.org/TR/xhtml1/DTD/xhtml1-transitional.dtd">
<html xmlns="http://www.w3.org/1999/xhtml" xml:lang="en" lang="en">
 <head>
  <title>
</title>
<meta http-equiv="Content-Type" content="text/html;charset=utf-8" />
  <meta name='ocr-system' content='tesseract 3.04.00' />
  <meta name='ocr-capabilities' content='ocr_page ocr_carea ocr_par ocr_line ocrx_word'/>
</head>
<body>
  <div class='ocr_page' id='page_1' title='image "./publicationssur05unkngoog_0364.png"; bbox 0 0 3375 5100; ppageno 0'>
   <div class='ocr_carea' id='block_1_1' title="bbox 803 284 2351 343">
    <p class='ocr_par' dir='ltr' id='par_1_1' title="bbox 803 284 2351 343">
     <span class='ocr_line' id='line_1_1' title="bbox 803 284 2351 343; baseline 0.003 -6"><span class='ocrx_word' id='word_1_1' title='bbox 803 284 1112 340; x_wconf 85' lang='lat' dir='ltr'><em>RUBRIC</em></span> <span class='ocrx_word' id='word_1_2' title='bbox 1111 286 1162 339; x_wconf 82' lang='lat' dir='ltr'><em>A</em></span> <span class='ocrx_word' id='word_1_3' title='bbox 1216 285 1336 338; x_wconf 88' lang='lat' dir='ltr'>DE</span> <span class='ocrx_word' id='word_1_4' title='bbox 1386 284 1927 340; x_wconf 80' lang='lat' dir='ltr'><em>COMMEMORA</em></span> <span class='ocrx_word' id='word_1_5' title='bbox 1948 286 2351 343; x_wconf 87' lang='lat' dir='ltr'><em>TIONIBUS.</em></span> 
     </span>
    </p>
   </div>
   <div class='ocr_carea' id='block_1_2' title="bbox 848 392 995 448">
    <p class='ocr_par' dir='ltr' id='par_1_2' title="bbox 848 392 995 448">
     <span class='ocr_line' id='line_1_2' title="bbox 848 392 995 448; baseline 0.007 -2"><span class='ocrx_word' id='word_1_6' title='bbox 848 392 995 448; x_wconf 81' lang='lat'>678</span> 
     </span>
    </p>
   </div>
   <div class='ocr_carea' id='block_1_3' title="bbox 316 498 1530 4030">
    <p class='ocr_par' dir='ltr' id='par_1_3' title="bbox 316 498 1530 4030">
     <span class='ocr_line' id='line_1_3' title="bbox 316 498 1515 583; baseline 0 -20"><span class='ocrx_word' id='word_1_7' title='bbox 316 498 590 563; x_wconf 89' lang='lat' dir='ltr'>domino</span> <span class='ocrx_word' id='word_1_8' title='bbox 622 519 886 582; x_wconf 87' lang='lat' dir='ltr'>semper</span> <span class='ocrx_word' id='word_1_9' title='bbox 914 500 1206 583; x_wconf 86' lang='lat' dir='ltr'>agebant</span> <span class='ocrx_word' id='word_1_10' title='bbox 1233 520 1248 563; x_wconf 72' lang='grc' dir='ltr'>ε</span> <span class='ocrx_word' id='word_1_11' title='bbox 1294 508 1362 563; x_wconf 92' lang='lat' dir='ltr'>et</span> <span class='ocrx_word' id='word_1_12' title='bbox 1392 520 1515 581; x_wconf 93' lang='lat' dir='ltr'>pro</span> 
     </span>
     <span class='ocr_line' id='line_1_4' title="bbox 317 587 1517 670; baseline 0 -19"><span class='ocrx_word' id='word_1_13' title='bbox 317 608 546 651; x_wconf 88' lang='lat' dir='ltr'>eorum</span> <span class='ocrx_word' id='word_1_14' title='bbox 578 587 933 652; x_wconf 87' lang='lat' dir='ltr'>sceleribus</span> <span class='ocrx_word' id='word_1_15' title='bbox 969 589 1107 652; x_wconf 89' lang='lat' dir='ltr'>sive</span> <span class='ocrx_word' id='word_1_16' title='bbox 1153 588 1359 652; x_wconf 90' lang='lat' dir='ltr'>totius</span> <span class='ocrx_word' id='word_1_17' title='bbox 1398 608 1517 670; x_wconf 88' lang='lat' dir='ltr'>po·</span> 
     </span>
     <span class='ocr_line' id='line_1_5' title="bbox 317 676 1516 759; baseline 0 -21"><span class='ocrx_word' id='word_1_18' title='bbox 317 676 455 759; x_wconf 93' lang='lat' dir='ltr'>puli</span> <span class='ocrx_word' id='word_1_19' title='bbox 488 676 823 740; x_wconf 90' lang='lat' dir='ltr'>humiliter</span> <span class='ocrx_word' id='word_1_20' title='bbox 843 677 1206 759; x_wconf 88' lang='lat' dir='ltr'>poscebant</span> <span class='ocrx_word' id='word_1_21' title='bbox 1223 677 1516 740; x_wconf 89' lang='lat' dir='ltr'>veniam-</span> 
     </span>
     <span class='ocr_line' id='line_1_6' title="bbox 319 764 1516 847; baseline 0 -19"><span class='ocrx_word' id='word_1_22' title='bbox 319 785 449 847; x_wconf 88' lang='lat' dir='ltr'>que</span> <span class='ocrx_word' id='word_1_23' title='bbox 481 764 888 847; x_wconf 86' lang='lat' dir='ltr'>flagitabant.</span> <span class='ocrx_word' id='word_1_24' title='bbox 1121 765 1254 829; x_wconf 85' lang='lat' dir='ltr'>Sec.</span> <span class='ocrx_word' id='word_1_25' title='bbox 1285 765 1516 828; x_wconf 89' lang='lat' dir='ltr'>lucam.</span> 
     </span>
     <span class='ocr_line' id='line_1_7' title="bbox 321 852 1517 985; baseline 0.001 -69"><span class='ocrx_word' id='word_1_26' title='bbox 321 856 424 985; x_wconf 79' lang='lat' dir='ltr'><em>J</em></span> <span class='ocrx_word' id='word_1_27' title='bbox 433 874 477 916; x_wconf 92' lang='lat' dir='ltr'>n</span> <span class='ocrx_word' id='word_1_28' title='bbox 509 852 624 918; x_wconf 91' lang='lat' dir='ltr'>illo</span> <span class='ocrx_word' id='word_1_29' title='bbox 668 864 1006 936; x_wconf 88' lang='lat' dir='ltr'>tempore:</span> <span class='ocrx_word' id='word_1_30' title='bbox 1055 853 1378 936; x_wconf 85' lang='lat' dir='ltr'>Egressus</span> <span class='ocrx_word' id='word_1_31' title='bbox 1406 854 1517 935; x_wconf 90' lang='lat' dir='ltr'>Je-</span> 
     </span>
     <span class='ocr_line' id='line_1_8' title="bbox 439 942 1517 1025; baseline 0.001 -20"><span class='ocrx_word' id='word_1_32' title='bbox 439 962 550 1005; x_wconf 92' lang='lat' dir='ltr'>sus</span> <span class='ocrx_word' id='word_1_33' title='bbox 630 942 1134 1025; x_wconf 86' lang='lat' dir='ltr'>perambulabat</span> <span class='ocrx_word' id='word_1_34' title='bbox 1208 942 1517 1006; x_wconf 78' lang='lat' dir='ltr'>hiericho,</span> 
     </span>
     <span class='ocr_line' id='line_1_9' title="bbox 326 1030 1520 1095; baseline 0.001 -2"><span class='ocrx_word' id='word_1_35' title='bbox 326 1030 417 1093; x_wconf 89' lang='lat' dir='ltr'>Et</span> <span class='ocrx_word' id='word_1_36' title='bbox 447 1050 599 1093; x_wconf 84' lang='lat' dir='ltr'>ecce</span> <span class='ocrx_word' id='word_1_37' title='bbox 632 1031 730 1093; x_wconf 89' lang='lat' dir='ltr'>vir</span> <span class='ocrx_word' id='word_1_38' title='bbox 770 1031 1037 1094; x_wconf 89' lang='lat' dir='ltr'>nomine</span> <span class='ocrx_word' id='word_1_39' title='bbox 1083 1030 1404 1095; x_wconf 87' lang='lat' dir='ltr'>zacheus:</span> <span class='ocrx_word' id='word_1_40' title='bbox 1451 1039 1520 1094; x_wconf 89' lang='lat' dir='ltr'>et</span> 
     </span>
     <span class='ocr_line' id='line_1_10' title="bbox 321 1118 1518 1202; baseline 0.003 -21"><span class='ocrx_word' id='word_1_41' title='bbox 321 1118 428 1181; x_wconf 92' lang='lat' dir='ltr'>hic</span> <span class='ocrx_word' id='word_1_42' title='bbox 458 1127 599 1182; x_wconf 88' lang='lat' dir='ltr'>erat</span> <span class='ocrx_word' id='word_1_43' title='bbox 630 1119 932 1202; x_wconf 88' lang='lat' dir='ltr'>princeps</span> <span class='ocrx_word' id='word_1_44' title='bbox 973 1119 1475 1201; x_wconf 86' lang='lat' dir='ltr'>publicanorum</span> <span class='ocrx_word' id='word_1_45' title='bbox 1503 1140 1518 1183; x_wconf 73' lang='grc' dir='ltr'>ε</span> 
     </span>
     <span class='ocr_line' id='line_1_11' title="bbox 321 1206 1274 1290; baseline 0 -19"><span class='ocrx_word' id='word_1_46' title='bbox 321 1217 389 1271; x_wconf 90' lang='lat' dir='ltr'>et</span> <span class='ocrx_word' id='word_1_47' title='bbox 422 1208 562 1290; x_wconf 89' lang='lat' dir='ltr'>ipse</span> <span class='ocrx_word' id='word_1_48' title='bbox 592 1208 794 1271; x_wconf 80' lang='lat' dir='ltr'>diveS.</span> <span class='ocrx_word' id='word_1_49' title='bbox 887 1208 978 1271; x_wconf 89' lang='lat' dir='ltr'>Et</span> <span class='ocrx_word' id='word_1_50' title='bbox 1008 1206 1274 1290; x_wconf 90' lang='lat' dir='ltr'>reliqua.</span> 
     </span>
     <span class='ocr_line' id='line_1_12' title="bbox 327 1294 1438 1378; baseline -0.002 -18"><span class='ocrx_word' id='word_1_51' title='bbox 327 1296 544 1360; x_wconf 89' lang='lat' dir='ltr'>Omeli</span> <span class='ocrx_word' id='word_1_52' title='bbox 571 1296 738 1359; x_wconf 87' lang='lat' dir='ltr'>beati</span> <span class='ocrx_word' id='word_1_53' title='bbox 763 1295 1134 1377; x_wconf 80' lang='lat' dir='ltr'>Augustini</span> <span class='ocrx_word' id='word_1_54' title='bbox 1159 1294 1438 1378; x_wconf 82' lang='lat' dir='ltr'>episcopi.</span> 
     </span>
     <span class='ocr_line' id='line_1_13' title="bbox 321 1382 1518 1518; baseline 0.001 -71"><span class='ocrx_word' id='word_1_55' title='bbox 321 1384 699 1518; x_wconf 67' lang='lat' dir='ltr'>Sacheus</span> <span class='ocrx_word' id='word_1_56' title='bbox 721 1385 997 1467; x_wconf 91' lang='lat' dir='ltr'>pusillus</span> <span class='ocrx_word' id='word_1_57' title='bbox 1022 1406 1036 1448; x_wconf 90' lang='lat'><strong>:</strong></span> <span class='ocrx_word' id='word_1_58' title='bbox 1070 1385 1193 1449; x_wconf 92' lang='lat' dir='ltr'>hoc</span> <span class='ocrx_word' id='word_1_59' title='bbox 1213 1382 1386 1470; x_wconf 82' lang='lat' dir='ltr'>[Lec.</span> <span class='ocrx_word' id='word_1_60' title='bbox 1405 1383 1518 1467; x_wconf 79' lang='lat' dir='ltr'>vij.</span> 
     </span>
     <span class='ocr_line' id='line_1_14' title="bbox 453 1472 1522 1554; baseline 0 -19"><span class='ocrx_word' id='word_1_61' title='bbox 453 1482 556 1536; x_wconf 88' lang='lat' dir='ltr'>est</span> <span class='ocrx_word' id='word_1_62' title='bbox 590 1472 831 1536; x_wconf 92' lang='lat' dir='ltr'>nullius</span> <span class='ocrx_word' id='word_1_63' title='bbox 863 1472 1228 1536; x_wconf 85' lang='lat' dir='ltr'>nobilitatis</span> <span class='ocrx_word' id='word_1_64' title='bbox 1258 1474 1328 1535; x_wconf 89' lang='lat' dir='ltr'>in</span> <span class='ocrx_word' id='word_1_65' title='bbox 1356 1491 1522 1554; x_wconf 87' lang='lat' dir='ltr'>gen-</span> 
     </span>
     <span class='ocr_line' id='line_1_15' title="bbox 322 1561 1520 1644; baseline -0.001 -20"><span class='ocrx_word' id='word_1_66' title='bbox 322 1571 408 1625; x_wconf 89' lang='lat' dir='ltr'>te.</span> <span class='ocrx_word' id='word_1_67' title='bbox 469 1562 818 1644; x_wconf 85' lang='lat' dir='ltr'>Dignitate</span> <span class='ocrx_word' id='word_1_68' title='bbox 847 1561 1190 1625; x_wconf 90' lang='lat' dir='ltr'>sublimis:</span> <span class='ocrx_word' id='word_1_69' title='bbox 1237 1563 1520 1643; x_wconf 75' lang='lat' dir='ltr'>exiguus</span> 
     </span>
     <span class='ocr_line' id='line_1_16' title="bbox 327 1650 1517 1732; baseline 0 -21"><span class='ocrx_word' id='word_1_70' title='bbox 327 1650 577 1712; x_wconf 89' lang='lat' dir='ltr'>meritis</span> <span class='ocrx_word' id='word_1_71' title='bbox 622 1650 790 1714; x_wconf 90' lang='lat' dir='ltr'>sicut</span> <span class='ocrx_word' id='word_1_72' title='bbox 836 1650 1120 1732; x_wconf 91' lang='lat' dir='ltr'>populus</span> <span class='ocrx_word' id='word_1_73' title='bbox 1173 1652 1517 1713; x_wconf 89' lang='lat' dir='ltr'>nationum</span> 
     </span>
     <span class='ocr_line' id='line_1_17' title="bbox 325 1738 1518 1803; baseline 0.001 -3"><span class='ocrx_word' id='word_1_74' title='bbox 325 1738 558 1801; x_wconf 86' lang='lat' dir='ltr'>audito</span> <span class='ocrx_word' id='word_1_75' title='bbox 634 1738 719 1802; x_wconf 91' lang='lat' dir='ltr'>de</span> <span class='ocrx_word' id='word_1_76' title='bbox 806 1738 1150 1803; x_wconf 88' lang='lat' dir='ltr'>salvatoris</span> <span class='ocrx_word' id='word_1_77' title='bbox 1229 1738 1518 1801; x_wconf 89' lang='lat' dir='ltr'>adventu</span> 
     </span>
     <span class='ocr_line' id='line_1_18' title="bbox 326 1828 1520 1909; baseline 0.002 -21"><span class='ocrx_word' id='word_1_78' title='bbox 326 1846 526 1909; x_wconf 92' lang='lat' dir='ltr'>quem</span> <span class='ocrx_word' id='word_1_79' title='bbox 586 1828 684 1889; x_wconf 91' lang='lat' dir='ltr'>sui</span> <span class='ocrx_word' id='word_1_80' title='bbox 747 1846 882 1890; x_wconf 93' lang='lat' dir='ltr'>non</span> <span class='ocrx_word' id='word_1_81' title='bbox 943 1835 1362 1909; x_wconf 85' lang='lat' dir='ltr'>receperant:</span> <span class='ocrx_word' id='word_1_82' title='bbox 1422 1828 1520 1890; x_wconf 92' lang='lat' dir='ltr'>vi-</span> 
     </span>
     <span class='ocr_line' id='line_1_19' title="bbox 328 1914 1521 1997; baseline 0.001 -20"><span class='ocrx_word' id='word_1_83' title='bbox 328 1915 484 1977; x_wconf 90' lang='lat' dir='ltr'>dere</span> <span class='ocrx_word' id='word_1_84' title='bbox 513 1914 839 1997; x_wconf 88' lang='lat' dir='ltr'>cupiebat.</span> <span class='ocrx_word' id='word_1_85' title='bbox 930 1916 1067 1981; x_wconf 89' lang='lat' dir='ltr'>Sed</span> <span class='ocrx_word' id='word_1_86' title='bbox 1102 1935 1298 1978; x_wconf 89' lang='lat' dir='ltr'>nemo</span> <span class='ocrx_word' id='word_1_87' title='bbox 1330 1914 1521 1978; x_wconf 86' lang='lat' dir='ltr'>facile</span> 
     </span>
     <span class='ocr_line' id='line_1_20' title="bbox 324 2003 1520 2087; baseline -0.002 -20"><span class='ocrx_word' id='word_1_88' title='bbox 324 2003 554 2084; x_wconf 88' lang='lat' dir='ltr'>Jesum</span> <span class='ocrx_word' id='word_1_89' title='bbox 607 2004 833 2068; x_wconf 89' lang='lat' dir='ltr'>videt:</span> <span class='ocrx_word' id='word_1_90' title='bbox 900 2025 1097 2067; x_wconf 91' lang='lat' dir='ltr'>nemo</span> <span class='ocrx_word' id='word_1_91' title='bbox 1145 2012 1365 2087; x_wconf 89' lang='lat' dir='ltr'>potest</span> <span class='ocrx_word' id='word_1_92' title='bbox 1410 2004 1520 2085; x_wconf 89' lang='lat' dir='ltr'>Je-</span> 
     </span>
     <span class='ocr_line' id='line_1_21' title="bbox 324 2093 1475 2156; baseline 0.001 -2"><span class='ocrx_word' id='word_1_93' title='bbox 324 2111 471 2155; x_wconf 88' lang='lat' dir='ltr'>sum</span> <span class='ocrx_word' id='word_1_94' title='bbox 504 2093 727 2156; x_wconf 89' lang='lat' dir='ltr'>videre</span> <span class='ocrx_word' id='word_1_95' title='bbox 758 2094 1158 2156; x_wconf 89' lang='lat' dir='ltr'>constitutus</span> <span class='ocrx_word' id='word_1_96' title='bbox 1189 2094 1254 2155; x_wconf 90' lang='lat' dir='ltr'>in</span> <span class='ocrx_word' id='word_1_97' title='bbox 1286 2102 1475 2155; x_wconf 89' lang='lat' dir='ltr'>terra.</span> 
     </span>
     <span class='ocr_line' id='line_1_22' title="bbox 323 2180 1522 2315; baseline 0 -72"><span class='ocrx_word' id='word_1_98' title='bbox 323 2183 500 2315; x_wconf 81' lang='lat' dir='ltr'>Et</span> <span class='ocrx_word' id='word_1_99' title='bbox 530 2181 686 2263; x_wconf 90' lang='lat' dir='ltr'>quia</span> <span class='ocrx_word' id='word_1_100' title='bbox 718 2200 850 2244; x_wconf 89' lang='lat' dir='ltr'>non</span> <span class='ocrx_word' id='word_1_101' title='bbox 882 2181 1167 2264; x_wconf 84' lang='lat' dir='ltr'>prophe·</span> <span class='ocrx_word' id='word_1_102' title='bbox 1190 2180 1354 2264; x_wconf 88' lang='lat' dir='ltr'>[Lec.</span> <span class='ocrx_word' id='word_1_103' title='bbox 1379 2180 1522 2262; x_wconf 80' lang='lat' dir='ltr'>viij.</span> 
     </span>
     <span class='ocr_line' id='line_1_23' title="bbox 471 2278 1522 2352; baseline 0 -21"><span class='ocrx_word' id='word_1_104' title='bbox 471 2278 574 2332; x_wconf 90' lang='lat' dir='ltr'>tas</span> <span class='ocrx_word' id='word_1_105' title='bbox 602 2290 618 2333; x_wconf 91' lang='lat'>:</span> <span class='ocrx_word' id='word_1_106' title='bbox 683 2289 815 2333; x_wconf 90' lang='lat' dir='ltr'>non</span> <span class='ocrx_word' id='word_1_107' title='bbox 874 2289 1150 2352; x_wconf 87' lang='lat' dir='ltr'>regnum</span> <span class='ocrx_word' id='word_1_108' title='bbox 1201 2278 1522 2351; x_wconf 85' lang='lat' dir='ltr'>tanquam</span> 
     </span>
     <span class='ocr_line' id='line_1_24' title="bbox 325 2357 1524 2440; baseline 0 -20"><span class='ocrx_word' id='word_1_109' title='bbox 325 2357 536 2421; x_wconf 86' lang='lat' dir='ltr'>forme</span> <span class='ocrx_word' id='word_1_110' title='bbox 573 2359 856 2440; x_wconf 85' lang='lat' dir='ltr'>gratiam</span> <span class='ocrx_word' id='word_1_111' title='bbox 891 2357 1207 2422; x_wconf 88' lang='lat' dir='ltr'>naturalis</span> <span class='ocrx_word' id='word_1_112' title='bbox 1237 2377 1251 2419; x_wconf 75' lang='grc' dir='ltr'><em>τ</em></span> <span class='ocrx_word' id='word_1_113' title='bbox 1297 2377 1524 2421; x_wconf 89' lang='lat' dir='ltr'>ascen-</span> 
     </span>
     <span class='ocr_line' id='line_1_25' title="bbox 325 2446 1524 2510; baseline -0.001 -1"><span class='ocrx_word' id='word_1_114' title='bbox 325 2446 428 2509; x_wconf 93' lang='lat' dir='ltr'>dit</span> <span class='ocrx_word' id='word_1_115' title='bbox 474 2446 540 2508; x_wconf 91' lang='lat' dir='ltr'>in</span> <span class='ocrx_word' id='word_1_116' title='bbox 587 2446 887 2510; x_wconf 88' lang='lat' dir='ltr'>arborem</span> <span class='ocrx_word' id='word_1_117' title='bbox 922 2449 1360 2510; x_wconf 89' lang='lat' dir='ltr'>sicomorum:</span> <span class='ocrx_word' id='word_1_118' title='bbox 1407 2465 1524 2508; x_wconf 88' lang='lat' dir='ltr'>na-</span> 
     </span>
     <span class='ocr_line' id='line_1_26' title="bbox 325 2534 1526 2618; baseline -0.002 -18"><span class='ocrx_word' id='word_1_119' title='bbox 325 2534 652 2600; x_wconf 88' lang='lat' dir='ltr'>tivitatem</span> <span class='ocrx_word' id='word_1_120' title='bbox 685 2536 931 2600; x_wconf 88' lang='lat' dir='ltr'>scilicet</span> <span class='ocrx_word' id='word_1_121' title='bbox 955 2535 1304 2618; x_wconf 88' lang='lat' dir='ltr'>judeorum</span> <span class='ocrx_word' id='word_1_122' title='bbox 1329 2534 1526 2598; x_wconf 89' lang='lat' dir='ltr'>vesti-</span> 
     </span>
     <span class='ocr_line' id='line_1_27' title="bbox 326 2625 1524 2707; baseline 0 -20"><span class='ocrx_word' id='word_1_123' title='bbox 326 2625 439 2707; x_wconf 87' lang='lat' dir='ltr'>gio</span> <span class='ocrx_word' id='word_1_124' title='bbox 469 2644 590 2688; x_wconf 88' lang='lat' dir='ltr'>suo</span> <span class='ocrx_word' id='word_1_125' title='bbox 610 2634 1060 2707; x_wconf 88' lang='lat' dir='ltr'>prosternens:</span> <span class='ocrx_word' id='word_1_126' title='bbox 1092 2634 1233 2688; x_wconf 89' lang='lat' dir='ltr'>erat</span> <span class='ocrx_word' id='word_1_127' title='bbox 1258 2644 1524 2705; x_wconf 89' lang='lat' dir='ltr'>quoque</span> 
     </span>
     <span class='ocr_line' id='line_1_28' title="bbox 328 2712 1523 2796; baseline -0.001 -21"><span class='ocrx_word' id='word_1_128' title='bbox 328 2712 586 2795; x_wconf 86' lang='lat' dir='ltr'>erigens</span> <span class='ocrx_word' id='word_1_129' title='bbox 610 2714 961 2796; x_wconf 86' lang='lat' dir='ltr'>superioris</span> <span class='ocrx_word' id='word_1_130' title='bbox 992 2715 1207 2777; x_wconf 77' lang='lat' dir='ltr'>etatis,</span> <span class='ocrx_word' id='word_1_131' title='bbox 1256 2712 1346 2775; x_wconf 90' lang='lat' dir='ltr'>Et</span> <span class='ocrx_word' id='word_1_132' title='bbox 1372 2712 1523 2775; x_wconf 93' lang='lat' dir='ltr'>ideo</span> 
     </span>
     <span class='ocr_line' id='line_1_29' title="bbox 325 2801 1526 2883; baseline 0 -19"><span class='ocrx_word' id='word_1_133' title='bbox 325 2801 557 2882; x_wconf 90' lang='lat' dir='ltr'>Jesum</span> <span class='ocrx_word' id='word_1_134' title='bbox 613 2801 936 2866; x_wconf 89' lang='lat' dir='ltr'>interioris</span> <span class='ocrx_word' id='word_1_135' title='bbox 987 2804 1226 2867; x_wconf 89' lang='lat' dir='ltr'>domus</span> <span class='ocrx_word' id='word_1_136' title='bbox 1280 2801 1526 2883; x_wconf 88' lang='lat' dir='ltr'>recepit</span> 
     </span>
     <span class='ocr_line' id='line_1_30' title="bbox 329 2889 1523 2972; baseline 0.002 -20"><span class='ocrx_word' id='word_1_137' title='bbox 329 2890 636 2972; x_wconf 80' lang='lat' dir='ltr'>hospitio,</span> <span class='ocrx_word' id='word_1_138' title='bbox 1194 2890 1407 2953; x_wconf 85' lang='lat' dir='ltr'>Lectio</span> <span class='ocrx_word' id='word_1_139' title='bbox 1440 2889 1523 2954; x_wconf 84' lang='lat' dir='ltr'>ix.</span> 
     </span>
     <span class='ocr_line' id='line_1_31' title="bbox 477 2978 1524 3043; baseline -0.003 0"><span class='ocrx_word' id='word_1_140' title='bbox 477 2989 506 3043; x_wconf 94' lang='lat' dir='ltr'>t</span> <span class='ocrx_word' id='word_1_141' title='bbox 551 2978 722 3042; x_wconf 90' lang='lat' dir='ltr'>bene</span> <span class='ocrx_word' id='word_1_142' title='bbox 767 2979 1066 3043; x_wconf 86' lang='lat' dir='ltr'>ascendit</span> <span class='ocrx_word' id='word_1_143' title='bbox 1109 2979 1174 3041; x_wconf 90' lang='lat' dir='ltr'>in</span> <span class='ocrx_word' id='word_1_144' title='bbox 1222 2979 1524 3041; x_wconf 90' lang='lat' dir='ltr'>arborem</span> 
     </span>
     <span class='ocr_line' id='line_1_32' title="bbox 481 3065 1526 3132; baseline 0 -2"><span class='ocrx_word' id='word_1_145' title='bbox 481 3075 554 3130; x_wconf 91' lang='lat' dir='ltr'>ut</span> <span class='ocrx_word' id='word_1_146' title='bbox 583 3067 780 3130; x_wconf 89' lang='lat' dir='ltr'>arbor</span> <span class='ocrx_word' id='word_1_147' title='bbox 807 3067 985 3132; x_wconf 90' lang='lat' dir='ltr'>bona</span> <span class='ocrx_word' id='word_1_148' title='bbox 1023 3067 1273 3131; x_wconf 87' lang='lat' dir='ltr'>fructus</span> <span class='ocrx_word' id='word_1_149' title='bbox 1314 3065 1526 3130; x_wconf 91' lang='lat' dir='ltr'>bonos</span> 
     </span>
     <span class='ocr_line' id='line_1_33' title="bbox 327 3154 1523 3221; baseline -0.001 -2"><span class='ocrx_word' id='word_1_150' title='bbox 327 3155 613 3221; x_wconf 86' lang='lat' dir='ltr'>faceret:</span> <span class='ocrx_word' id='word_1_151' title='bbox 661 3176 739 3220; x_wconf 89' lang='lat' dir='ltr'>ac</span> <span class='ocrx_word' id='word_1_152' title='bbox 771 3155 1052 3220; x_wconf 89' lang='lat' dir='ltr'>naturali</span> <span class='ocrx_word' id='word_1_153' title='bbox 1092 3156 1355 3219; x_wconf 88' lang='lat' dir='ltr'>excisus</span> <span class='ocrx_word' id='word_1_154' title='bbox 1386 3154 1523 3219; x_wconf 92' lang='lat' dir='ltr'>ole-</span> 
     </span>
     <span class='ocr_line' id='line_1_34' title="bbox 329 3245 1526 3308; baseline 0 -2"><span class='ocrx_word' id='word_1_155' title='bbox 329 3254 507 3308; x_wconf 91' lang='lat' dir='ltr'>astro</span> <span class='ocrx_word' id='word_1_156' title='bbox 538 3255 606 3307; x_wconf 90' lang='lat' dir='ltr'>et</span> <span class='ocrx_word' id='word_1_157' title='bbox 637 3254 869 3308; x_wconf 89' lang='lat' dir='ltr'>contra</span> <span class='ocrx_word' id='word_1_158' title='bbox 904 3254 1208 3308; x_wconf 87' lang='lat' dir='ltr'>naturam</span> <span class='ocrx_word' id='word_1_159' title='bbox 1241 3245 1526 3306; x_wconf 88' lang='lat' dir='ltr'>insertus</span> 
     </span>
     <span class='ocr_line' id='line_1_35' title="bbox 331 3332 1526 3414; baseline -0.001 -19"><span class='ocrx_word' id='word_1_160' title='bbox 331 3335 396 3395; x_wconf 89' lang='lat' dir='ltr'>in</span> <span class='ocrx_word' id='word_1_161' title='bbox 430 3332 678 3396; x_wconf 89' lang='lat' dir='ltr'>bonam</span> <span class='ocrx_word' id='word_1_162' title='bbox 709 3332 994 3398; x_wconf 84' lang='lat' dir='ltr'>olivam:</span> <span class='ocrx_word' id='word_1_163' title='bbox 1042 3333 1326 3396; x_wconf 87' lang='lat' dir='ltr'>fructum</span> <span class='ocrx_word' id='word_1_164' title='bbox 1374 3351 1526 3414; x_wconf 90' lang='lat' dir='ltr'>pos-</span> 
     </span>
     <span class='ocr_line' id='line_1_36' title="bbox 328 3420 1524 3504; baseline -0.002 -20"><span class='ocrx_word' id='word_1_165' title='bbox 328 3431 431 3484; x_wconf 88' lang='lat' dir='ltr'>set</span> <span class='ocrx_word' id='word_1_166' title='bbox 491 3420 654 3504; x_wconf 88' lang='lat' dir='ltr'>legis</span> <span class='ocrx_word' id='word_1_167' title='bbox 715 3421 949 3486; x_wconf 86' lang='lat' dir='ltr'>inferre</span> <span class='ocrx_word' id='word_1_168' title='bbox 984 3443 999 3485; x_wconf 88' lang='lat'>:</span> <span class='ocrx_word' id='word_1_169' title='bbox 1077 3420 1268 3484; x_wconf 85' lang='lat' dir='ltr'>radix</span> <span class='ocrx_word' id='word_1_170' title='bbox 1346 3421 1524 3484; x_wconf 89' lang='lat' dir='ltr'>enirn</span> 
     </span>
     <span class='ocr_line' id='line_1_37' title="bbox 327 3509 1526 3591; baseline -0.001 -19"><span class='ocrx_word' id='word_1_171' title='bbox 327 3520 558 3574; x_wconf 89' lang='lat' dir='ltr'>sancta</span> <span class='ocrx_word' id='word_1_172' title='bbox 589 3511 712 3573; x_wconf 90' lang='lat' dir='ltr'>etsi</span> <span class='ocrx_word' id='word_1_173' title='bbox 743 3511 906 3573; x_wconf 90' lang='lat' dir='ltr'>rami</span> <span class='ocrx_word' id='word_1_174' title='bbox 951 3509 1214 3573; x_wconf 88' lang='lat' dir='ltr'>inutiles</span> <span class='ocrx_word' id='word_1_175' title='bbox 1245 3529 1526 3591; x_wconf 90' lang='lat' dir='ltr'>quorum</span> 
     </span>
     <span class='ocr_line' id='line_1_38' title="bbox 329 3597 1530 3681; baseline -0.001 -20"><span class='ocrx_word' id='word_1_176' title='bbox 329 3598 800 3664; x_wconf 86' lang='lat' dir='ltr'>infructuosam</span> <span class='ocrx_word' id='word_1_177' title='bbox 833 3598 1110 3681; x_wconf 85' lang='lat' dir='ltr'>gloriam</span> <span class='ocrx_word' id='word_1_178' title='bbox 1144 3597 1334 3680; x_wconf 91' lang='lat' dir='ltr'>plebs</span> <span class='ocrx_word' id='word_1_179' title='bbox 1363 3617 1530 3680; x_wconf 88' lang='lat' dir='ltr'>gen-</span> 
     </span>
     <span class='ocr_line' id='line_1_39' title="bbox 329 3685 1525 3768; baseline -0.001 -19"><span class='ocrx_word' id='word_1_180' title='bbox 329 3689 497 3750; x_wconf 89' lang='lat' dir='ltr'>tium</span> <span class='ocrx_word' id='word_1_181' title='bbox 552 3687 753 3750; x_wconf 89' lang='lat' dir='ltr'>fidem</span> <span class='ocrx_word' id='word_1_182' title='bbox 805 3686 1292 3751; x_wconf 88' lang='lat' dir='ltr'>resurrectionis</span> <span class='ocrx_word' id='word_1_183' title='bbox 1337 3685 1525 3768; x_wconf 90' lang='lat' dir='ltr'>quasi</span> 
     </span>
     <span class='ocr_line' id='line_1_40' title="bbox 327 3775 1526 3860; baseline 0 -22"><span class='ocrx_word' id='word_1_184' title='bbox 327 3775 620 3857; x_wconf 83' lang='lat' dir='ltr'>quadam</span> <span class='ocrx_word' id='word_1_185' title='bbox 645 3777 936 3860; x_wconf 90' lang='lat' dir='ltr'>corporis</span> <span class='ocrx_word' id='word_1_186' title='bbox 959 3775 1326 3839; x_wconf 87' lang='lat' dir='ltr'>elevatione</span> <span class='ocrx_word' id='word_1_187' title='bbox 1350 3784 1526 3838; x_wconf 89' lang='lat' dir='ltr'>tran-</span> 
     </span>
     <span class='ocr_line' id='line_1_41' title="bbox 326 3864 601 3929; baseline 0.007 -3"><span class='ocrx_word' id='word_1_188' title='bbox 326 3864 601 3929; x_wconf 88' lang='lat' dir='ltr'>scendit.</span> 
     </span>
     <span class='ocr_line' id='line_1_42' title="bbox 327 3951 1524 4030; baseline -0.002 -14"><span class='ocrx_word' id='word_1_189' title='bbox 327 3957 392 4030; x_wconf 69' lang='lat'>(1&#39;</span> <span class='ocrx_word' id='word_1_190' title='bbox 413 3951 706 4016; x_wconf 88' lang='lat' dir='ltr'>Rubrica</span> <span class='ocrx_word' id='word_1_191' title='bbox 723 3951 1524 4017; x_wconf 88' lang='lat' dir='ltr'>decommemorationibus.</span> 
     </span>
    </p>
   </div>
   <div class='ocr_carea' id='block_1_4' title="bbox 322 4040 1526 4173">
    <p class='ocr_par' dir='ltr' id='par_1_4' title="bbox 322 4040 1526 4173">
     <span class='ocr_line' id='line_1_43' title="bbox 322 4040 1526 4173; baseline -0.002 -69"><span class='ocrx_word' id='word_1_192' title='bbox 322 4041 816 4173; x_wconf 83' lang='lat' dir='ltr'>Notandum</span> <span class='ocrx_word' id='word_1_193' title='bbox 863 4042 1050 4105; x_wconf 79' lang='lat' dir='ltr'>vero¹</span> <span class='ocrx_word' id='word_1_194' title='bbox 1086 4041 1262 4123; x_wconf 87' lang='lat' dir='ltr'>quod</span> <span class='ocrx_word' id='word_1_195' title='bbox 1290 4062 1333 4104; x_wconf 90' lang='lat' dir='ltr'>a</span> <span class='ocrx_word' id='word_1_196' title='bbox 1346 4040 1526 4122; x_wconf 89' lang='lat' dir='ltr'>festo</span> 
     </span>
    </p>
   </div>
   <div class='ocr_carea' id='block_1_5' title="bbox 2138 396 2283 449">
    <p class='ocr_par' dir='ltr' id='par_1_5' title="bbox 2138 396 2283 449">
     <span class='ocr_line' id='line_1_44' title="bbox 2138 396 2283 449; baseline 0 0"><span class='ocrx_word' id='word_1_197' title='bbox 2138 396 2283 449; x_wconf 79' lang='lat'>674</span> 
     </span>
    </p>
   </div>
   <div class='ocr_carea' id='block_1_6' title="bbox 1603 501 2831 4122">
    <p class='ocr_par' dir='ltr' id='par_1_6' title="bbox 1603 501 2831 4122">
     <span class='ocr_line' id='line_1_45' title="bbox 1617 501 2822 585; baseline 0.005 -25"><span class='ocrx_word' id='word_1_198' title='bbox 1617 507 1691 561; x_wconf 86' lang='lat' dir='ltr'>tu</span> <span class='ocrx_word' id='word_1_199' title='bbox 1717 521 1741 561; x_wconf 90' lang='lat'>.·</span> <span class='ocrx_word' id='word_1_200' title='bbox 1782 508 1845 561; x_wconf 90' lang='lat' dir='ltr'>et</span> <span class='ocrx_word' id='word_1_201' title='bbox 1870 501 1954 564; x_wconf 91' lang='lat' dir='ltr'>ab</span> <span class='ocrx_word' id='word_1_202' title='bbox 1982 510 2208 563; x_wconf 87' lang='lat' dir='ltr'>octava</span> <span class='ocrx_word' id='word_1_203' title='bbox 2249 501 2582 583; x_wconf 77' lang='lat' dir='ltr'>epiphanie</span> <span class='ocrx_word' id='word_1_204' title='bbox 2622 524 2822 585; x_wconf 83' lang='lat' dir='ltr'>usque</span> 
     </span>
     <span class='ocr_line' id='line_1_46' title="bbox 1617 587 2819 672; baseline 0.005 -23"><span class='ocrx_word' id='word_1_205' title='bbox 1617 587 1713 650; x_wconf 90' lang='lat' dir='ltr'>ad</span> <span class='ocrx_word' id='word_1_206' title='bbox 1763 597 1954 669; x_wconf 89' lang='lat' dir='ltr'>caput</span> <span class='ocrx_word' id='word_1_207' title='bbox 1990 588 2287 672; x_wconf 70' lang='lat' dir='ltr'>jejunii:</span> <span class='ocrx_word' id='word_1_208' title='bbox 2335 599 2397 652; x_wconf 89' lang='lat' dir='ltr'>et</span> <span class='ocrx_word' id='word_1_209' title='bbox 2453 590 2537 654; x_wconf 89' lang='lat' dir='ltr'>ab</span> <span class='ocrx_word' id='word_1_210' title='bbox 2594 601 2819 655; x_wconf 79' lang='lat' dir='ltr'>octava</span> 
     </span>
     <span class='ocr_line' id='line_1_47' title="bbox 1617 676 2815 759; baseline 0.003 -20"><span class='ocrx_word' id='word_1_211' title='bbox 1617 676 1865 739; x_wconf 74' lang='lat' dir='ltr'>Pascite</span> <span class='ocrx_word' id='word_1_212' title='bbox 1914 698 2107 759; x_wconf 88' lang='lat' dir='ltr'>usque</span> <span class='ocrx_word' id='word_1_213' title='bbox 2152 679 2248 740; x_wconf 89' lang='lat' dir='ltr'>ad</span> <span class='ocrx_word' id='word_1_214' title='bbox 2288 679 2589 759; x_wconf 63' lang='lat' dir='ltr'>vigiliam</span> <span class='ocrx_word' id='word_1_215' title='bbox 2644 682 2815 743; x_wconf 88' lang='lat' dir='ltr'>Pen-</span> 
     </span>
     <span class='ocr_line' id='line_1_48' title="bbox 1616 764 2818 849; baseline 0.004 -23"><span class='ocrx_word' id='word_1_216' title='bbox 1616 764 1908 828; x_wconf 78' lang='lat' dir='ltr'>tltecostes</span> <span class='ocrx_word' id='word_1_217' title='bbox 1928 790 1951 827; x_wconf 93' lang='lat'><em>:</em></span> <span class='ocrx_word' id='word_1_218' title='bbox 1994 766 2257 829; x_wconf 89' lang='lat' dir='ltr'>dicatur</span> <span class='ocrx_word' id='word_1_219' title='bbox 2301 768 2498 831; x_wconf 87' lang='lat' dir='ltr'>semel</span> <span class='ocrx_word' id='word_1_220' title='bbox 2547 767 2617 831; x_wconf 84' lang='lat' dir='ltr'>in</span> <span class='ocrx_word' id='word_1_221' title='bbox 2657 788 2818 849; x_wconf 83' lang='lat' dir='ltr'>qua·</span> 
     </span>
     <span class='ocr_line' id='line_1_49' title="bbox 1617 852 2816 934; baseline 0.005 -20"><span class='ocrx_word' id='word_1_222' title='bbox 1617 852 1773 915; x_wconf 91' lang='lat' dir='ltr'>libet</span> <span class='ocrx_word' id='word_1_223' title='bbox 1810 855 2171 934; x_wconf 84' lang='lat' dir='ltr'>septimana</span> <span class='ocrx_word' id='word_1_224' title='bbox 2213 854 2295 918; x_wconf 90' lang='lat' dir='ltr'>de</span> <span class='ocrx_word' id='word_1_225' title='bbox 2330 856 2621 919; x_wconf 88' lang='lat' dir='ltr'>Domina</span> <span class='ocrx_word' id='word_1_226' title='bbox 2644 880 2669 921; x_wconf 90' lang='lat'>.·</span> <span class='ocrx_word' id='word_1_227' title='bbox 2714 857 2816 920; x_wconf 84' lang='lat' dir='ltr'>vi-</span> 
     </span>
     <span class='ocr_line' id='line_1_50' title="bbox 1615 940 2821 1026; baseline 0.003 -22"><span class='ocrx_word' id='word_1_228' title='bbox 1615 940 1837 1004; x_wconf 83' lang='lat' dir='ltr'>delicet</span> <span class='ocrx_word' id='word_1_229' title='bbox 1875 941 1983 1004; x_wconf 87' lang='lat' dir='ltr'>die</span> <span class='ocrx_word' id='word_1_230' title='bbox 2022 943 2280 1007; x_wconf 89' lang='lat' dir='ltr'>sabbati</span> <span class='ocrx_word' id='word_1_231' title='bbox 2318 965 2461 1007; x_wconf 90' lang='lat' dir='ltr'>cum</span> <span class='ocrx_word' id='word_1_232' title='bbox 2509 945 2821 1026; x_wconf 72' lang='lat' dir='ltr'>regy&#39;mine</span> 
     </span>
     <span class='ocr_line' id='line_1_51' title="bbox 1615 1029 2819 1115; baseline 0.004 -24"><span class='ocrx_word' id='word_1_233' title='bbox 1615 1029 1795 1093; x_wconf 78' lang='lat' dir='ltr'>chori</span> <span class='ocrx_word' id='word_1_234' title='bbox 1811 1052 1831 1091; x_wconf 91' lang='lat'>.·</span> <span class='ocrx_word' id='word_1_235' title='bbox 1876 1030 2015 1093; x_wconf 88' lang='lat' dir='ltr'>nisi</span> <span class='ocrx_word' id='word_1_236' title='bbox 2064 1030 2457 1114; x_wconf 84' lang='lat' dir='ltr'>impediatur</span> <span class='ocrx_word' id='word_1_237' title='bbox 2483 1043 2608 1114; x_wconf 88' lang='lat' dir='ltr'>per</span> <span class='ocrx_word' id='word_1_238' title='bbox 2634 1034 2819 1115; x_wconf 88' lang='lat' dir='ltr'>festa</span> 
     </span>
     <span class='ocr_line' id='line_1_52' title="bbox 1617 1118 2822 1185; baseline 0.004 -5"><span class='ocrx_word' id='word_1_239' title='bbox 1617 1138 1843 1181; x_wconf 86' lang='lat' dir='ltr'>novem</span> <span class='ocrx_word' id='word_1_240' title='bbox 1872 1118 2209 1183; x_wconf 90' lang='lat' dir='ltr'>lectionum</span> <span class='ocrx_word' id='word_1_241' title='bbox 2240 1120 2345 1183; x_wconf 87' lang='lat' dir='ltr'>vel</span> <span class='ocrx_word' id='word_1_242' title='bbox 2379 1121 2583 1184; x_wconf 88' lang='lat' dir='ltr'>trium</span> <span class='ocrx_word' id='word_1_243' title='bbox 2613 1122 2822 1185; x_wconf 90' lang='lat' dir='ltr'>lectio-</span> 
     </span>
     <span class='ocr_line' id='line_1_53' title="bbox 1619 1206 2819 1291; baseline 0.003 -22"><span class='ocrx_word' id='word_1_244' title='bbox 1619 1227 1778 1269; x_wconf 87' lang='lat' dir='ltr'>num</span> <span class='ocrx_word' id='word_1_245' title='bbox 1830 1206 2133 1271; x_wconf 79' lang='lat' dir='ltr'>habentia</span> <span class='ocrx_word' id='word_1_246' title='bbox 2178 1212 2452 1290; x_wconf 88' lang='lat' dir='ltr'>propria</span> <span class='ocrx_word' id='word_1_247' title='bbox 2504 1221 2819 1291; x_wconf 88' lang='lat' dir='ltr'>responso-</span> 
     </span>
     <span class='ocr_line' id='line_1_54' title="bbox 1622 1296 2818 1379; baseline 0.004 -22"><span class='ocrx_word' id='word_1_248' title='bbox 1622 1296 1728 1358; x_wconf 84' lang='lat' dir='ltr'>ria</span> <span class='ocrx_word' id='word_1_249' title='bbox 1749 1316 1776 1358; x_wconf 89' lang='lat'>.·</span> <span class='ocrx_word' id='word_1_250' title='bbox 1822 1296 1929 1359; x_wconf 83' lang='lat' dir='ltr'>vel</span> <span class='ocrx_word' id='word_1_251' title='bbox 1955 1296 2257 1379; x_wconf 86' lang='lat' dir='ltr'>proprias</span> <span class='ocrx_word' id='word_1_252' title='bbox 2298 1298 2523 1361; x_wconf 84' lang='lat' dir='ltr'>laudes</span> <span class='ocrx_word' id='word_1_253' title='bbox 2553 1299 2659 1361; x_wconf 86' lang='lat' dir='ltr'>vel</span> <span class='ocrx_word' id='word_1_254' title='bbox 2693 1299 2818 1362; x_wconf 90' lang='lat' dir='ltr'>ali·</span> 
     </span>
     <span class='ocr_line' id='line_1_55' title="bbox 1619 1385 2825 1465; baseline 0.004 -19"><span class='ocrx_word' id='word_1_255' title='bbox 1619 1404 1891 1464; x_wconf 84' lang='lat' dir='ltr'>quorum</span> <span class='ocrx_word' id='word_1_256' title='bbox 1943 1385 2061 1465; x_wconf 85' lang='lat' dir='ltr'>qui</span> <span class='ocrx_word' id='word_1_257' title='bbox 2107 1394 2263 1449; x_wconf 87' lang='lat' dir='ltr'>sunt</span> <span class='ocrx_word' id='word_1_258' title='bbox 2308 1385 2378 1449; x_wconf 92' lang='lat' dir='ltr'>in</span> <span class='ocrx_word' id='word_1_259' title='bbox 2422 1407 2655 1449; x_wconf 84' lang='lat' dir='ltr'>canone</span> <span class='ocrx_word' id='word_1_260' title='bbox 2679 1410 2703 1450; x_wconf 90' lang='lat'>.·</span> <span class='ocrx_word' id='word_1_261' title='bbox 2748 1397 2825 1451; x_wconf 88' lang='lat' dir='ltr'>ut</span> 
     </span>
     <span class='ocr_line' id='line_1_56' title="bbox 1625 1472 2825 1557; baseline 0.001 -20"><span class='ocrx_word' id='word_1_262' title='bbox 1625 1472 1850 1537; x_wconf 89' lang='lat' dir='ltr'>Cosme</span> <span class='ocrx_word' id='word_1_263' title='bbox 1916 1482 1981 1535; x_wconf 89' lang='lat' dir='ltr'>et</span> <span class='ocrx_word' id='word_1_264' title='bbox 2058 1473 2381 1537; x_wconf 88' lang='lat' dir='ltr'>Damiani</span> <span class='ocrx_word' id='word_1_265' title='bbox 2402 1498 2426 1537; x_wconf 93' lang='grc'>.·</span> <span class='ocrx_word' id='word_1_266' title='bbox 2503 1475 2644 1538; x_wconf 83' lang='lat' dir='ltr'>sive</span> <span class='ocrx_word' id='word_1_267' title='bbox 2697 1486 2825 1557; x_wconf 89' lang='lat' dir='ltr'>per</span> 
     </span>
     <span class='ocr_line' id='line_1_57' title="bbox 1619 1563 2821 1645; baseline 0.004 -23"><span class='ocrx_word' id='word_1_268' title='bbox 1619 1570 1901 1643; x_wconf 87' lang='lat' dir='ltr'>quatuor</span> <span class='ocrx_word' id='word_1_269' title='bbox 1924 1570 2203 1643; x_wconf 89' lang='lat' dir='ltr'>tempora</span> <span class='ocrx_word' id='word_1_270' title='bbox 2236 1563 2341 1625; x_wconf 84' lang='lat' dir='ltr'>vel</span> <span class='ocrx_word' id='word_1_271' title='bbox 2363 1563 2634 1645; x_wconf 77' lang='lat' dir='ltr'>vigilias</span> <span class='ocrx_word' id='word_1_272' title='bbox 2648 1587 2671 1626; x_wconf 92' lang='grc'>.·</span> <span class='ocrx_word' id='word_1_273' title='bbox 2708 1585 2821 1627; x_wconf 91' lang='lat' dir='ltr'>seu</span> 
     </span>
     <span class='ocr_line' id='line_1_58' title="bbox 1603 1650 2821 1734; baseline 0.005 -24"><span class='ocrx_word' id='word_1_274' title='bbox 1603 1658 1732 1729; x_wconf 88' lang='lat' dir='ltr'>per</span> <span class='ocrx_word' id='word_1_275' title='bbox 1784 1657 2042 1712; x_wconf 88' lang='lat' dir='ltr'>octavas</span> <span class='ocrx_word' id='word_1_276' title='bbox 2073 1650 2411 1732; x_wconf 88' lang='lat' dir='ltr'>precipuas</span> <span class='ocrx_word' id='word_1_277' title='bbox 2432 1676 2457 1715; x_wconf 92' lang='grc'>.·</span> <span class='ocrx_word' id='word_1_278' title='bbox 2517 1652 2622 1715; x_wconf 83' lang='lat' dir='ltr'>vel</span> <span class='ocrx_word' id='word_1_279' title='bbox 2658 1654 2821 1734; x_wconf 78' lang='lat' dir='ltr'>per²</span> 
     </span>
     <span class='ocr_line' id='line_1_59' title="bbox 1619 1736 2820 1822; baseline 0.005 -23"><span class='ocrx_word' id='word_1_280' title='bbox 1619 1736 1759 1800; x_wconf 85' lang='lat' dir='ltr'>dies</span> <span class='ocrx_word' id='word_1_281' title='bbox 1808 1746 2181 1801; x_wconf 87' lang='lat' dir='ltr'>octavarum</span> <span class='ocrx_word' id='word_1_282' title='bbox 2232 1738 2509 1822; x_wconf 71' lang='lat' dir='ltr'>alicujus</span> <span class='ocrx_word' id='word_1_283' title='bbox 2556 1741 2769 1803; x_wconf 86' lang='lat' dir='ltr'>sancti</span> <span class='ocrx_word' id='word_1_284' title='bbox 2794 1764 2820 1805; x_wconf 87' lang='lat'>.·</span> 
     </span>
     <span class='ocr_line' id='line_1_60' title="bbox 1621 1824 2822 1910; baseline 0.004 -23"><span class='ocrx_word' id='word_1_285' title='bbox 1621 1846 1746 1888; x_wconf 90' lang='lat' dir='ltr'>non</span> <span class='ocrx_word' id='word_1_286' title='bbox 1810 1824 2294 1908; x_wconf 83' lang='lat' dir='ltr'>impedientibus</span> <span class='ocrx_word' id='word_1_287' title='bbox 2350 1828 2574 1891; x_wconf 87' lang='lat' dir='ltr'>diebus</span> <span class='ocrx_word' id='word_1_288' title='bbox 2633 1829 2822 1910; x_wconf 86' lang='lat' dir='ltr'>infra</span> 
     </span>
     <span class='ocr_line' id='line_1_61' title="bbox 1620 1914 2826 1980; baseline 0.003 -4"><span class='ocrx_word' id='word_1_289' title='bbox 1620 1922 1878 1977; x_wconf 86' lang='lat' dir='ltr'>octavas</span> <span class='ocrx_word' id='word_1_290' title='bbox 1948 1914 2161 1978; x_wconf 88' lang='lat' dir='ltr'>sancti</span> <span class='ocrx_word' id='word_1_291' title='bbox 2224 1916 2287 1977; x_wconf 88' lang='lat' dir='ltr'><em>A</em></span> <span class='ocrx_word' id='word_1_292' title='bbox 2298 1915 2487 1978; x_wconf 85' lang='lat' dir='ltr'>ndrce</span> <span class='ocrx_word' id='word_1_293' title='bbox 2512 1938 2537 1979; x_wconf 85' lang='lat'>.·</span> <span class='ocrx_word' id='word_1_294' title='bbox 2607 1928 2826 1980; x_wconf 89' lang='lat' dir='ltr'>sancte</span> 
     </span>
     <span class='ocr_line' id='line_1_62' title="bbox 1620 2003 2823 2086; baseline 0.004 -22"><span class='ocrx_word' id='word_1_295' title='bbox 1620 2003 1903 2083; x_wconf 76' lang='lat' dir='ltr'>Agnetis</span> <span class='ocrx_word' id='word_1_296' title='bbox 1928 2004 2143 2067; x_wconf 89' lang='lat' dir='ltr'>sancti</span> <span class='ocrx_word' id='word_1_297' title='bbox 2160 2003 2495 2078; x_wconf 80' lang='lat' dir='ltr'>Jokannis</span> <span class='ocrx_word' id='word_1_298' title='bbox 2511 2004 2780 2086; x_wconf 84' lang='lat' dir='ltr'>baptiste</span> <span class='ocrx_word' id='word_1_299' title='bbox 2800 2028 2823 2069; x_wconf 93' lang='grc'>.·</span> 
     </span>
     <span class='ocr_line' id='line_1_63' title="bbox 1620 2090 2825 2157; baseline 0.002 -4"><span class='ocrx_word' id='word_1_300' title='bbox 1620 2092 1835 2154; x_wconf 81' lang='lat' dir='ltr'>sancti</span> <span class='ocrx_word' id='word_1_301' title='bbox 1882 2090 2079 2154; x_wconf 90' lang='lat' dir='ltr'>Petri</span> <span class='ocrx_word' id='word_1_302' title='bbox 2124 2091 2221 2154; x_wconf 92' lang='lat' dir='ltr'>ad</span> <span class='ocrx_word' id='word_1_303' title='bbox 2262 2091 2521 2155; x_wconf 84' lang='lat' dir='ltr'>vincula</span> <span class='ocrx_word' id='word_1_304' title='bbox 2541 2115 2565 2155; x_wconf 91' lang='lat'>.·</span> <span class='ocrx_word' id='word_1_305' title='bbox 2611 2094 2825 2157; x_wconf 90' lang='lat' dir='ltr'>sancti</span> 
     </span>
     <span class='ocr_line' id='line_1_64' title="bbox 1623 2178 2817 2246; baseline 0.003 -5"><span class='ocrx_word' id='word_1_306' title='bbox 1623 2178 1975 2242; x_wconf 89' lang='lat' dir='ltr'>Laurentii</span> <span class='ocrx_word' id='word_1_307' title='bbox 1993 2202 2017 2241; x_wconf 91' lang='lat'>.·</span> <span class='ocrx_word' id='word_1_308' title='bbox 2081 2180 2190 2243; x_wconf 83' lang='lat' dir='ltr'>vel</span> <span class='ocrx_word' id='word_1_309' title='bbox 2238 2182 2451 2244; x_wconf 90' lang='lat' dir='ltr'>sancti</span> <span class='ocrx_word' id='word_1_310' title='bbox 2506 2182 2817 2246; x_wconf 89' lang='lat' dir='ltr'>Martini.</span> 
     </span>
     <span class='ocr_line' id='line_1_65' title="bbox 1621 2267 2827 2349; baseline 0.002 -18"><span class='ocrx_word' id='word_1_311' title='bbox 1621 2268 1727 2331; x_wconf 89' lang='lat' dir='ltr'>Et</span> <span class='ocrx_word' id='word_1_312' title='bbox 1752 2267 1818 2329; x_wconf 90' lang='lat' dir='ltr'>si</span> <span class='ocrx_word' id='word_1_313' title='bbox 1849 2288 1974 2330; x_wconf 92' lang='lat' dir='ltr'>non</span> <span class='ocrx_word' id='word_1_314' title='bbox 2002 2267 2251 2349; x_wconf 88' lang='lat' dir='ltr'>poterit</span> <span class='ocrx_word' id='word_1_315' title='bbox 2296 2268 2432 2331; x_wconf 67' lang='lat' dir='ltr'>dici</span> <span class='ocrx_word' id='word_1_316' title='bbox 2478 2268 2558 2331; x_wconf 86' lang='lat' dir='ltr'>de</span> <span class='ocrx_word' id='word_1_317' title='bbox 2599 2289 2674 2332; x_wconf 89' lang='lat' dir='ltr'>ea</span> <span class='ocrx_word' id='word_1_318' title='bbox 2717 2271 2827 2333; x_wconf 83' lang='lat' dir='ltr'>die</span> 
     </span>
     <span class='ocr_line' id='line_1_66' title="bbox 1621 2356 2820 2438; baseline 0.003 -20"><span class='ocrx_word' id='word_1_319' title='bbox 1621 2356 1879 2419; x_wconf 88' lang='lat' dir='ltr'>sabbati</span> <span class='ocrx_word' id='word_1_320' title='bbox 1889 2366 2153 2438; x_wconf 88' lang='lat' dir='ltr'>propter</span> <span class='ocrx_word' id='word_1_321' title='bbox 2174 2376 2406 2420; x_wconf 88' lang='lat' dir='ltr'>causas</span> <span class='ocrx_word' id='word_1_322' title='bbox 2419 2358 2777 2438; x_wconf 85' lang='lat' dir='ltr'>premissas</span> <span class='ocrx_word' id='word_1_323' title='bbox 2796 2382 2820 2421; x_wconf 88' lang='grc'>.-</span> 
     </span>
     <span class='ocr_line' id='line_1_67' title="bbox 1624 2444 2822 2529; baseline 0.003 -22"><span class='ocrx_word' id='word_1_324' title='bbox 1624 2453 1779 2507; x_wconf 91' lang='lat' dir='ltr'>tunc</span> <span class='ocrx_word' id='word_1_325' title='bbox 1787 2444 1917 2529; x_wconf 88' lang='lat' dir='ltr'>fiet</span> <span class='ocrx_word' id='word_1_326' title='bbox 1942 2446 2216 2509; x_wconf 90' lang='lat' dir='ltr'>mutatio</span> <span class='ocrx_word' id='word_1_327' title='bbox 2258 2446 2336 2508; x_wconf 87' lang='lat' dir='ltr'>de</span> <span class='ocrx_word' id='word_1_328' title='bbox 2376 2447 2515 2529; x_wconf 86' lang='lat' dir='ltr'>ejus</span> <span class='ocrx_word' id='word_1_329' title='bbox 2557 2447 2822 2511; x_wconf 86' lang='lat' dir='ltr'>servitio</span> 
     </span>
     <span class='ocr_line' id='line_1_68' title="bbox 1625 2532 2828 2616; baseline 0.003 -20"><span class='ocrx_word' id='word_1_330' title='bbox 1625 2532 1698 2597; x_wconf 88' lang='lat' dir='ltr'>in</span> <span class='ocrx_word' id='word_1_331' title='bbox 1755 2533 1959 2597; x_wconf 91' lang='lat' dir='ltr'>aliam</span> <span class='ocrx_word' id='word_1_332' title='bbox 1998 2533 2253 2616; x_wconf 88' lang='lat' dir='ltr'>seriam</span> <span class='ocrx_word' id='word_1_333' title='bbox 2304 2535 2658 2616; x_wconf 75' lang='lat' dir='ltr'>septimane</span> <span class='ocrx_word' id='word_1_334' title='bbox 2712 2536 2828 2600; x_wconf 91' lang='lat' dir='ltr'>ubi</span> 
     </span>
     <span class='ocr_line' id='line_1_69' title="bbox 1623 2623 2827 2706; baseline 0.003 -22"><span class='ocrx_word' id='word_1_335' title='bbox 1623 2623 2068 2703; x_wconf 84' lang='lat' dir='ltr'>competentius</span> <span class='ocrx_word' id='word_1_336' title='bbox 2135 2623 2304 2706; x_wconf 67' lang='lat' dir='ltr'>fieri</span> <span class='ocrx_word' id='word_1_337' title='bbox 2365 2634 2589 2706; x_wconf 89' lang='lat' dir='ltr'>potest.</span> <span class='ocrx_word' id='word_1_338' title='bbox 2688 2627 2827 2688; x_wconf 92' lang='lat' dir='ltr'>Nec</span> 
     </span>
     <span class='ocr_line' id='line_1_70' title="bbox 1624 2711 2824 2794; baseline 0.003 -20"><span class='ocrx_word' id='word_1_339' title='bbox 1624 2711 1972 2774; x_wconf 88' lang='lat' dir='ltr'>omittatur</span> <span class='ocrx_word' id='word_1_340' title='bbox 2036 2711 2240 2794; x_wconf 73' lang='lat' dir='ltr'>ipsius</span> <span class='ocrx_word' id='word_1_341' title='bbox 2314 2714 2824 2777; x_wconf 87' lang='lat' dir='ltr'>commemoratio</span> 
     </span>
     <span class='ocr_line' id='line_1_71' title="bbox 1622 2799 2831 2880; baseline 0.004 -19"><span class='ocrx_word' id='word_1_342' title='bbox 1622 2810 1863 2880; x_wconf 87' lang='lat' dir='ltr'>quarta</span> <span class='ocrx_word' id='word_1_343' title='bbox 1920 2799 2313 2864; x_wconf 77' lang='lat' dir='ltr'>hebdomada</span> <span class='ocrx_word' id='word_1_344' title='bbox 2376 2801 2694 2865; x_wconf 86' lang='lat' dir='ltr'>adventus</span> <span class='ocrx_word' id='word_1_345' title='bbox 2765 2803 2831 2866; x_wconf 91' lang='lat' dir='ltr'>si</span> 
     </span>
     <span class='ocr_line' id='line_1_72' title="bbox 1622 2887 2823 2954; baseline 0.002 -4"><span class='ocrx_word' id='word_1_346' title='bbox 1622 2887 1762 2950; x_wconf 89' lang='lat' dir='ltr'>dies</span> <span class='ocrx_word' id='word_1_347' title='bbox 1818 2889 2197 2953; x_wconf 80' lang='lat' dir='ltr'>nativitatis</span> <span class='ocrx_word' id='word_1_348' title='bbox 2253 2890 2508 2952; x_wconf 88' lang='lat' dir='ltr'>domini</span> <span class='ocrx_word' id='word_1_349' title='bbox 2562 2890 2823 2954; x_wconf 85' lang='lat' dir='ltr'>tertiam</span> 
     </span>
     <span class='ocr_line' id='line_1_73' title="bbox 1607 2976 2825 3062; baseline 0.004 -25"><span class='ocrx_word' id='word_1_350' title='bbox 1607 2976 1865 3058; x_wconf 76' lang='lat' dir='ltr'>sen‘am</span> <span class='ocrx_word' id='word_1_351' title='bbox 1894 2977 2221 3040; x_wconf 70' lang='lat' dir='ltr'>excesserit</span> <span class='ocrx_word' id='word_1_352' title='bbox 2238 3000 2263 3041; x_wconf 91' lang='lat'>.·</span> <span class='ocrx_word' id='word_1_353' title='bbox 2290 2986 2353 3039; x_wconf 89' lang='lat' dir='ltr'>et</span> <span class='ocrx_word' id='word_1_354' title='bbox 2378 2978 2522 3041; x_wconf 89' lang='lat' dir='ltr'>licet</span> <span class='ocrx_word' id='word_1_355' title='bbox 2548 2978 2825 3062; x_wconf 74' lang='lat' dir='ltr'>officium</span> 
     </span>
     <span class='ocr_line' id='line_1_74' title="bbox 1624 3064 2825 3150; baseline 0.004 -24"><span class='ocrx_word' id='word_1_356' title='bbox 1624 3064 2005 3128; x_wconf 83' lang='lat' dir='ltr'>dominicale</span> <span class='ocrx_word' id='word_1_357' title='bbox 2025 3065 2475 3147; x_wconf 84' lang='lat' dir='ltr'>transferatur</span> <span class='ocrx_word' id='word_1_358' title='bbox 2492 3066 2825 3150; x_wconf 87' lang='lat' dir='ltr'>inseriam</span> 
     </span>
     <span class='ocr_line' id='line_1_75' title="bbox 1621 3153 2831 3236; baseline 0.004 -22"><span class='ocrx_word' id='word_1_359' title='bbox 1621 3153 1961 3217; x_wconf 89' lang='lat' dir='ltr'>secundam</span> <span class='ocrx_word' id='word_1_360' title='bbox 2007 3163 2273 3236; x_wconf 88' lang='lat' dir='ltr'>propter</span> <span class='ocrx_word' id='word_1_361' title='bbox 2305 3155 2558 3236; x_wconf 88' lang='lat' dir='ltr'>festum</span> <span class='ocrx_word' id='word_1_362' title='bbox 2616 3156 2831 3219; x_wconf 82' lang='lat' dir='ltr'>sancti</span> 
     </span>
     <span class='ocr_line' id='line_1_76' title="bbox 1635 3241 2823 3325; baseline 0.003 -21"><span class='ocrx_word' id='word_1_363' title='bbox 1635 3241 1874 3304; x_wconf 79' lang='lat' dir='ltr'>Tleome</span> <span class='ocrx_word' id='word_1_364' title='bbox 1914 3242 2279 3325; x_wconf 76' lang='lat' dir='ltr'>contingens</span> <span class='ocrx_word' id='word_1_365' title='bbox 2324 3243 2394 3306; x_wconf 86' lang='lat' dir='ltr'>in</span> <span class='ocrx_word' id='word_1_366' title='bbox 2439 3254 2675 3324; x_wconf 87' lang='lat' dir='ltr'>quarta</span> <span class='ocrx_word' id='word_1_367' title='bbox 2715 3243 2823 3307; x_wconf 87' lang='lat' dir='ltr'>do·-</span> 
     </span>
     <span class='ocr_line' id='line_1_77' title="bbox 1627 3330 2826 3413; baseline 0.002 -21"><span class='ocrx_word' id='word_1_368' title='bbox 1627 3331 1868 3394; x_wconf 87' lang='lat' dir='ltr'>minica</span> <span class='ocrx_word' id='word_1_369' title='bbox 1897 3330 2216 3394; x_wconf 87' lang='lat' dir='ltr'>adventus</span> <span class='ocrx_word' id='word_1_370' title='bbox 2254 3340 2467 3394; x_wconf 85' lang='lat' dir='ltr'>tamen</span> <span class='ocrx_word' id='word_1_371' title='bbox 2479 3332 2669 3413; x_wconf 85' lang='lat' dir='ltr'>feria</span> <span class='ocrx_word' id='word_1_372' title='bbox 2700 3341 2826 3395; x_wconf 89' lang='lat' dir='ltr'>ter-</span> 
     </span>
     <span class='ocr_line' id='line_1_78' title="bbox 1626 3418 2823 3500; baseline 0.002 -19"><span class='ocrx_word' id='word_1_373' title='bbox 1626 3418 1725 3481; x_wconf 90' lang='lat' dir='ltr'>tia</span> <span class='ocrx_word' id='word_1_374' title='bbox 1755 3418 1961 3500; x_wconf 87' lang='lat' dir='ltr'>ipsius</span> <span class='ocrx_word' id='word_1_375' title='bbox 1987 3429 2216 3500; x_wconf 87' lang='lat' dir='ltr'>quarte</span> <span class='ocrx_word' id='word_1_376' title='bbox 2244 3419 2629 3483; x_wconf 81' lang='lat' dir='ltr'>hebdomade</span> <span class='ocrx_word' id='word_1_377' title='bbox 2659 3420 2823 3483; x_wconf 87' lang='lat' dir='ltr'>dice-</span> 
     </span>
     <span class='ocr_line' id='line_1_79' title="bbox 1625 3506 2830 3572; baseline 0.001 -2"><span class='ocrx_word' id='word_1_378' title='bbox 1625 3517 1739 3570; x_wconf 88' lang='lat' dir='ltr'>tur</span> <span class='ocrx_word' id='word_1_379' title='bbox 1759 3507 1838 3570; x_wconf 87' lang='lat' dir='ltr'>de</span> <span class='ocrx_word' id='word_1_380' title='bbox 1862 3506 2126 3570; x_wconf 89' lang='lat' dir='ltr'>domina</span> <span class='ocrx_word' id='word_1_381' title='bbox 2156 3517 2219 3570; x_wconf 89' lang='lat' dir='ltr'>et</span> <span class='ocrx_word' id='word_1_382' title='bbox 2243 3507 2355 3571; x_wconf 88' lang='lat' dir='ltr'>illo</span> <span class='ocrx_word' id='word_1_383' title='bbox 2383 3528 2552 3570; x_wconf 86' lang='lat' dir='ltr'>anno</span> <span class='ocrx_word' id='word_1_384' title='bbox 2580 3508 2830 3572; x_wconf 87' lang='lat' dir='ltr'>dicetur</span> 
     </span>
     <span class='ocr_line' id='line_1_80' title="bbox 1624 3594 2826 3678; baseline 0.002 -19"><span class='ocrx_word' id='word_1_385' title='bbox 1624 3595 1705 3659; x_wconf 88' lang='lat' dir='ltr'>de</span> <span class='ocrx_word' id='word_1_386' title='bbox 1728 3594 1925 3678; x_wconf 88' lang='lat' dir='ltr'>officio</span> <span class='ocrx_word' id='word_1_387' title='bbox 1945 3595 2326 3659; x_wconf 85' lang='lat' dir='ltr'>domim&#39;cali</span> <span class='ocrx_word' id='word_1_388' title='bbox 2334 3596 2523 3677; x_wconf 88' lang='lat' dir='ltr'>seria</span> <span class='ocrx_word' id='word_1_389' title='bbox 2553 3598 2826 3661; x_wconf 88' lang='lat' dir='ltr'>secunda</span> 
     </span>
     <span class='ocr_line' id='line_1_81' title="bbox 1611 3682 2823 3766; baseline 0.002 -20"><span class='ocrx_word' id='word_1_390' title='bbox 1611 3684 1905 3766; x_wconf 88' lang='lat' dir='ltr'>predicta</span> <span class='ocrx_word' id='word_1_391' title='bbox 1934 3684 2293 3748; x_wconf 83' lang='lat' dir='ltr'>dumtaxat.</span> <span class='ocrx_word' id='word_1_392' title='bbox 2375 3689 2437 3762; x_wconf 60' lang='grc' dir='ltr'>(Ι</span> <span class='ocrx_word' id='word_1_393' title='bbox 2473 3682 2823 3748; x_wconf 83' lang='lat' dir='ltr'>Sciendum</span> 
     </span>
     <span class='ocr_line' id='line_1_82' title="bbox 1625 3771 2824 3856; baseline 0 -20"><span class='ocrx_word' id='word_1_394' title='bbox 1625 3785 1841 3836; x_wconf 87' lang='lat' dir='ltr'>tamen</span> <span class='ocrx_word' id='word_1_395' title='bbox 1869 3783 1965 3835; x_wconf 89' lang='lat' dir='ltr'>cst</span> <span class='ocrx_word' id='word_1_396' title='bbox 1979 3772 2005 3810; x_wconf 77' lang='lat'>³</span> <span class='ocrx_word' id='word_1_397' title='bbox 2034 3773 2208 3853; x_wconf 85' lang='lat' dir='ltr'>quod</span> <span class='ocrx_word' id='word_1_398' title='bbox 2226 3771 2294 3836; x_wconf 89' lang='lat' dir='ltr'>si</span> <span class='ocrx_word' id='word_1_399' title='bbox 2317 3771 2536 3854; x_wconf 84' lang='lat' dir='ltr'>aliquo</span> <span class='ocrx_word' id='word_1_400' title='bbox 2562 3772 2669 3836; x_wconf 88' lang='lat' dir='ltr'>die</span> <span class='ocrx_word' id='word_1_401' title='bbox 2692 3785 2824 3856; x_wconf 90' lang='lat' dir='ltr'>sep-</span> 
     </span>
     <span class='ocr_line' id='line_1_83' title="bbox 1626 3861 2829 3943; baseline 0.002 -20"><span class='ocrx_word' id='word_1_402' title='bbox 1626 3862 1873 3924; x_wconf 87' lang='lat' dir='ltr'>timane</span> <span class='ocrx_word' id='word_1_403' title='bbox 1912 3863 2256 3924; x_wconf 89' lang='lat' dir='ltr'>occurrerit</span> <span class='ocrx_word' id='word_1_404' title='bbox 2267 3861 2520 3943; x_wconf 88' lang='lat' dir='ltr'>festum</span> <span class='ocrx_word' id='word_1_405' title='bbox 2564 3862 2829 3943; x_wconf 84' lang='lat' dir='ltr'>speciale</span> 
     </span>
     <span class='ocr_line' id='line_1_84' title="bbox 1626 3948 2827 4033; baseline 0.002 -20"><span class='ocrx_word' id='word_1_406' title='bbox 1626 3949 1801 4013; x_wconf 85' lang='lat' dir='ltr'>beate</span> <span class='ocrx_word' id='word_1_407' title='bbox 1836 3948 2125 4032; x_wconf 81' lang='lat' dir='ltr'>virginis</span> <span class='ocrx_word' id='word_1_408' title='bbox 2148 3972 2173 4012; x_wconf 91' lang='lat'>.·</span> <span class='ocrx_word' id='word_1_409' title='bbox 2217 3949 2324 4012; x_wconf 76' lang='lat' dir='ltr'>vel</span> <span class='ocrx_word' id='word_1_410' title='bbox 2359 3950 2557 4013; x_wconf 75' lang='lat' dir='ltr'>etiam</span> <span class='ocrx_word' id='word_1_411' title='bbox 2601 3950 2827 4033; x_wconf 85' lang='lat' dir='ltr'>aliqua</span> 
     </span>
     <span class='ocr_line' id='line_1_85' title="bbox 1623 4038 2827 4122; baseline 0.002 -21"><span class='ocrx_word' id='word_1_412' title='bbox 1623 4038 1761 4101; x_wconf 87' lang='lat' dir='ltr'>dies</span> <span class='ocrx_word' id='word_1_413' title='bbox 1788 4049 2162 4101; x_wconf 86' lang='lat' dir='ltr'>octavarum</span> <span class='ocrx_word' id='word_1_414' title='bbox 2179 4038 2459 4120; x_wconf 86' lang='lat' dir='ltr'>alicujus</span> <span class='ocrx_word' id='word_1_415' title='bbox 2465 4039 2636 4119; x_wconf 88' lang='lat' dir='ltr'>festi</span> <span class='ocrx_word' id='word_1_416' title='bbox 2660 4042 2827 4122; x_wconf 74' lang='lat' dir='ltr'>ejus-</span> 
     </span>
    </p>
   </div>
   <div class='ocr_carea' id='block_1_7' title="bbox 503 4127 2827 4211">
    <p class='ocr_par' dir='ltr' id='par_1_7' title="bbox 503 4127 2827 4211">
     <span class='ocr_line' id='line_1_86' title="bbox 503 4127 2827 4211; baseline 0 -19"><span class='ocrx_word' id='word_1_417' title='bbox 503 4140 717 4193; x_wconf 79' lang='lat' dir='ltr'>sancte</span> <span class='ocrx_word' id='word_1_418' title='bbox 786 4130 1138 4194; x_wconf 85' lang='lat' dir='ltr'>Trinitatis</span> <span class='ocrx_word' id='word_1_419' title='bbox 1195 4150 1392 4211; x_wconf 87' lang='lat' dir='ltr'>usque</span> <span class='ocrx_word' id='word_1_420' title='bbox 1437 4128 1535 4191; x_wconf 86' lang='lat' dir='ltr'>ad</span> <span class='ocrx_word' id='word_1_421' title='bbox 1624 4127 1769 4190; x_wconf 87' lang='lat' dir='ltr'>dem</span> <span class='ocrx_word' id='word_1_422' title='bbox 1813 4135 1874 4190; x_wconf 86' lang='lat' dir='ltr'>ct</span> <span class='ocrx_word' id='word_1_423' title='bbox 1901 4127 2155 4207; x_wconf 87' lang='lat' dir='ltr'>festum</span> <span class='ocrx_word' id='word_1_424' title='bbox 2202 4127 2311 4190; x_wconf 87' lang='lat' dir='ltr'>vel</span> <span class='ocrx_word' id='word_1_425' title='bbox 2347 4137 2560 4190; x_wconf 87' lang='lat' dir='ltr'>octave</span> <span class='ocrx_word' id='word_1_426' title='bbox 2601 4127 2827 4211; x_wconf 76' lang='lat' dir='ltr'>liujus-</span> 
     </span>
    </p>
   </div>
   <div class='ocr_carea' id='block_1_8' title="bbox 308 4218 1525 4388">
    <p class='ocr_par' dir='ltr' id='par_1_8' title="bbox 308 4218 1525 4388">
     <span class='ocr_line' id='line_1_87' title="bbox 308 4218 1524 4300; baseline 0 -20"><span class='ocrx_word' id='word_1_427' title='bbox 308 4219 564 4300; x_wconf 89' lang='lat' dir='ltr'>sestum</span> <span class='ocrx_word' id='word_1_428' title='bbox 614 4219 1020 4282; x_wconf 73' lang='lat' dir='ltr'>Nati-vitatis</span> <span class='ocrx_word' id='word_1_429' title='bbox 1073 4218 1330 4282; x_wconf 88' lang='lat' dir='ltr'>domini</span> <span class='ocrx_word' id='word_1_430' title='bbox 1345 4240 1369 4280; x_wconf 85' lang='lat'>.·</span> <span class='ocrx_word' id='word_1_431' title='bbox 1423 4238 1524 4280; x_wconf 83' lang='lat' dir='ltr'>ex-</span> 
     </span>
     <span class='ocr_line' id='line_1_88' title="bbox 319 4305 1525 4388; baseline -0.002 -18"><span class='ocrx_word' id='word_1_432' title='bbox 319 4317 494 4388; x_wconf 88' lang='lat' dir='ltr'>cepta</span> <span class='ocrx_word' id='word_1_433' title='bbox 523 4307 718 4370; x_wconf 88' lang='lat' dir='ltr'>tertia</span> <span class='ocrx_word' id='word_1_434' title='bbox 747 4307 1139 4372; x_wconf 81' lang='lat' dir='ltr'>hebdomada</span> <span class='ocrx_word' id='word_1_435' title='bbox 1186 4307 1255 4370; x_wconf 88' lang='lat' dir='ltr'>in</span> <span class='ocrx_word' id='word_1_436' title='bbox 1285 4305 1525 4370; x_wconf 84' lang='lat' dir='ltr'>adven-</span> 
     </span>
    </p>
   </div>
   <div class='ocr_carea' id='block_1_9' title="bbox 423 4481 963 4544">
    <p class='ocr_par' dir='ltr' id='par_1_9' title="bbox 423 4481 963 4544">
     <span class='ocr_line' id='line_1_89' title="bbox 423 4481 963 4544; baseline -0.006 -13"><span class='ocrx_word' id='word_1_437' title='bbox 423 4482 562 4544; x_wconf 87' lang='lat' dir='ltr'>¹pro</span> <span class='ocrx_word' id='word_1_438' title='bbox 590 4481 868 4532; x_wconf 77' lang='lat' dir='ltr'>‘vero&#39;ests</span> <span class='ocrx_word' id='word_1_439' title='bbox 906 4481 963 4528; x_wconf 90' lang='lat' dir='ltr'>G.</span> 
     </span>
    </p>
   </div>
   <div class='ocr_carea' id='block_1_10' title="bbox 1264 4476 1832 4542">
    <p class='ocr_par' dir='ltr' id='par_1_10' title="bbox 1264 4476 1832 4542">
     <span class='ocr_line' id='line_1_90' title="bbox 1264 4476 1832 4542; baseline 0.004 -20"><span class='ocrx_word' id='word_1_440' title='bbox 1264 4480 1284 4508; x_wconf 78' lang='lat'>²</span> <span class='ocrx_word' id='word_1_441' title='bbox 1325 4477 1469 4542; x_wconf 72' lang='lat' dir='ltr'>‘pet’</span> <span class='ocrx_word' id='word_1_442' title='bbox 1505 4493 1596 4526; x_wconf 87' lang='lat' dir='ltr'>om.</span> <span class='ocrx_word' id='word_1_443' title='bbox 1624 4491 1640 4524; x_wconf 91' lang='lat'>.·</span> <span class='ocrx_word' id='word_1_444' title='bbox 1675 4476 1832 4524; x_wconf 86' lang='lat' dir='ltr'><em>R.W.</em></span> 
     </span>
    </p>
   </div>
   <div class='ocr_carea' id='block_1_11' title="bbox 1625 4214 2832 4370">
    <p class='ocr_par' dir='ltr' id='par_1_11' title="bbox 1625 4214 2832 4370">
     <span class='ocr_line' id='line_1_91' title="bbox 1627 4214 2827 4297; baseline 0.003 -19"><span class='ocrx_word' id='word_1_445' title='bbox 1627 4214 1803 4278; x_wconf 87' lang='lat' dir='ltr'>modi</span> <span class='ocrx_word' id='word_1_446' title='bbox 1846 4216 2017 4279; x_wconf 87' lang='lat' dir='ltr'>diem</span> <span class='ocrx_word' id='word_1_447' title='bbox 2074 4215 2331 4278; x_wconf 87' lang='lat' dir='ltr'>sabbati</span> <span class='ocrx_word' id='word_1_448' title='bbox 2367 4217 2785 4297; x_wconf 85' lang='lat' dir='ltr'>precesserint</span> <span class='ocrx_word' id='word_1_449' title='bbox 2802 4242 2827 4283; x_wconf 92' lang='lat'>.·</span> 
     </span>
     <span class='ocr_line' id='line_1_92' title="bbox 1625 4303 2832 4370; baseline 0.002 -3"><span class='ocrx_word' id='word_1_450' title='bbox 1625 4305 1887 4368; x_wconf 82' lang='lat' dir='ltr'>dicatur</span> <span class='ocrx_word' id='word_1_451' title='bbox 1933 4303 2362 4368; x_wconf 77' lang='lat' dir='ltr'>nihilominus</span> <span class='ocrx_word' id='word_1_452' title='bbox 2420 4304 2528 4368; x_wconf 85' lang='lat' dir='ltr'>die</span> <span class='ocrx_word' id='word_1_453' title='bbox 2573 4305 2832 4370; x_wconf 88' lang='lat' dir='ltr'>sabbati</span> 
     </span>
    </p>
   </div>
   <div class='ocr_carea' id='block_1_12' title="bbox 2093 4475 2625 4632">
    <p class='ocr_par' dir='ltr' id='par_1_12' title="bbox 2093 4475 2625 4632">
     <span class='ocr_line' id='line_1_93' title="bbox 2093 4475 2625 4526; baseline 0.002 -2"><span class='ocrx_word' id='word_1_454' title='bbox 2093 4478 2115 4506; x_wconf 78' lang='lat'><strong>¹</strong></span> <span class='ocrx_word' id='word_1_455' title='bbox 2152 4475 2433 4525; x_wconf 75' lang='lat' dir='ltr'>‘est’om..·</span> <span class='ocrx_word' id='word_1_456' title='bbox 2466 4476 2625 4526; x_wconf 60' lang='lat' dir='ltr'>RJV.</span> 
     </span>
     <span class='ocr_line' id='line_1_94' title="bbox 2422 4583 2565 4632; baseline 0 0"><span class='ocrx_word' id='word_1_457' title='bbox 2422 4583 2467 4632; x_wconf 90' lang='grc' dir='ltr'><strong>Χ</strong></span> <span class='ocrx_word' id='word_1_458' title='bbox 2518 4583 2565 4632; x_wconf 83' lang='grc' dir='ltr'>Χ</span> 
     </span>
    </p>
   </div>
  </div>
 </body>
</html>
