3375 5100
1657 329 1981 386 DOMINI
1981 329 2079 386 CA

1167 439 1247 496 31

704 545 790 610 In
820 544 907 630 iij
925 553 1224 610 nocturno
1272 554 1382 612 αὴ.
1455 545 1619 610 Nox
1667 565 1819 629 pre·

620 635 810 716 cepit.
900 643 1002 716 pi.
1105 634 1246 700 Celi
1321 643 1631 698 enarrant
1704 644 1815 698 etc.

617 719 670 794 Ῠ
717 723 1110 806 Egredietur
1155 723 1480 787 dominus,
1573 722 1815 788 Secun-

612 810 772 873 dum
803 809 1072 875 Lucam.

613 899 716 1028 J
719 919 762 961 n
809 899 922 962 illo
979 909 1279 982 tempore
1350 898 1550 963 Dixit
1618 899 1813 981 Jesus

723 987 1062 1067 discipulis
1106 987 1256 1050 suis.
1347 988 1561 1052 Erunt
1621 989 1813 1070 signa

618 1075 684 1136 in
734 1073 874 1137 sole
927 1084 996 1138 et
1045 1073 1200 1139 luna
1247 1085 1312 1139 et
1361 1074 1567 1139 stellis
1609 1085 1680 1140 et
1742 1077 1807 1139 in

616 1163 806 1225 terris
836 1183 1136 1244 pressura
1165 1164 1462 1245 gentium
1495 1184 1614 1246 pro
1651 1184 1811 1228 con-

613 1249 869 1313 fusione
935 1253 1188 1314 sonitus
1263 1253 1462 1315 maris
1519 1262 1589 1317 et
1648 1251 1808 1315 fluc-

611 1347 822 1402 tuum.
902 1339 992 1402 Et
1023 1339 1291 1422 reliqua.
1359 1339 1610 1404 Omelia
1641 1340 1811 1403 beati

598 1427 896 1510 gregorii
908 1438 1090 1509 pape.
1449 1428 1660 1491 Lectio
1691 1429 1805 1510 vij.

607 1517 1024 1648 Dominus
1055 1536 1132 1579 ac
1162 1515 1543 1598 redemptor
1581 1525 1805 1581 noster

765 1625 886 1667 nos
962 1613 1228 1686 paratos
1288 1604 1579 1668 invenire
1628 1604 1801 1668 desi-

606 1692 886 1756 derans:
945 1700 1396 1756 senescentem
1479 1693 1801 1756 mundum

607 1799 738 1861 que
793 1780 970 1844 mala
1015 1790 1376 1865 sequantur
1403 1780 1799 1846 denunciat:

606 1877 683 1932 ut
713 1889 834 1932 nos
863 1869 952 1934 ab
980 1868 1122 1950 ejus
1151 1889 1377 1932 amore
1405 1879 1801 1951 compescat.

603 1956 1274 2040 Appropinquantem
1286 1967 1506 2021 autem
1517 1957 1658 2039 ejus
1669 1967 1801 2021 ter-

606 2046 856 2108 minum
885 2055 1131 2129 quante
1172 2047 1622 2128 percussiones
1653 2068 1802 2129 pre-

601 2135 871 2198 veniant
928 2135 1318 2199 innotescit:
1371 2143 1444 2198 ut
1493 2135 1548 2198 si
1595 2135 1795 2198 deum

603 2232 894 2287 metuere
946 2224 1012 2287 in
1073 2221 1551 2305 tranquillitate
1610 2222 1800 2286 nolu-

601 2332 787 2377 mus:
831 2312 1118 2377 vicinum
1162 2311 1304 2392 ejus
1339 2311 1661 2393 judicium
1692 2311 1799 2374 vel

603 2401 1132 2482 percussionibus
1172 2400 1380 2463 attriti
1425 2401 1801 2463 timeamus.

604 2487 803 2571 Quod
883 2496 1278 2553 terremotus
1355 2486 1548 2550 urbes
1609 2487 1801 2549 innu-

602 2597 816 2640 meras
861 2576 1135 2640 subruat
1188 2574 1564 2658 frequenter
1611 2576 1799 2638 audi-

598 2665 829 2730 vimus
875 2664 992 2728 Re.
1025 2663 1443 2727 Hierusalem
1465 2663 1797 2747 plantabis

597 2752 860 2817 vineam
891 2754 958 2815 in
992 2752 1328 2816 montibus
1347 2752 1476 2815 tuis
1507 2761 1574 2816 et
1605 2752 1795 2815 exul-

597 2840 811 2906 tabis:
857 2842 1014 2923 quia
1055 2841 1198 2904 dies
1244 2840 1496 2904 domini
1555 2840 1793 2907 veniet.

2456 441 2563 498 32

1912 545 2239 611 certitudo
2280 555 2385 612 est
2428 546 2885 630 preteritarum
2920 549 3113 616 exhi-

1912 633 2093 699 bitio.
2184 635 2303 700 Re.
2370 635 2659 702 Docebit
2728 658 2849 702 nos
2896 639 3116 703 domi-

1912 743 2036 786 nus
2064 723 2205 787 vias
2252 744 2442 788 suas:
2502 734 2572 789 et
2622 726 3113 792 ambulabimus

1910 811 1979 874 in
2038 813 2291 876 semitis
2344 811 2505 894 ejuS.
2594 814 2771 897 Quia
2816 816 2901 879 de
2933 837 3105 898 syon

1910 900 2124 964 exibit
2214 901 2327 964 lex
2370 923 2387 964 :
2462 911 2531 965 et
2620 903 2895 967 verbum
2986 905 3107 968 do-

1913 989 2071 1051 mini
2126 988 2211 1052 de
2257 989 2669 1054 hierusalem.
2769 997 2820 1072 Ῡ
2862 992 3109 1057 Venite

1909 1077 2347 1140 ascendamus
2440 1078 2527 1140 ad
2596 1087 2891 1143 montem
2983 1081 3103 1144 do-

1907 1165 2111 1228 mini:
2159 1174 2227 1229 et
2270 1165 2358 1229 ad
2404 1165 2679 1230 domum
2730 1168 2837 1231 dei
2886 1169 3107 1250 jacob.

1904 1252 2097 1335 Quia.
2771 1255 2985 1320 Lectio
3014 1258 3102 1323 ix.

1902 1342 2195 1472 Nam
2257 1341 2533 1406 virtutes
2598 1341 2887 1419 celorum
2958 1365 3105 1409 mo-

2087 1429 2434 1495 vebuntur.
2521 1430 2700 1513 Quid
2750 1433 2927 1496 enim
2979 1434 3103 1498 do·

1902 1515 2119 1580 minus
2210 1519 2487 1582 virtutes
2576 1519 2901 1586 celorum:
2976 1523 3103 1586 nisi

1902 1604 2173 1687 angelos
2201 1627 2218 1669 :
2264 1606 2692 1689 archangelos
2718 1630 2735 1672 :
2780 1609 3052 1674 thronos
3080 1633 3099 1676 :

1900 1692 2428 1758 dominationes:
2535 1697 2939 1778 principatus
3032 1699 3099 1764 &

1900 1791 2265 1864 potestates
2356 1783 2667 1865 appellat.
2798 1785 2949 1869 Que
3024 1787 3097 1851 in

1900 1869 2189 1934 adventu
2240 1871 2519 1946 districti
2563 1871 2807 1953 judicis
2854 1876 3097 1940 nostris

1898 1966 2056 2021 tunc
2076 1958 2280 2022 oculis
2295 1960 2633 2023 visibiliter
2648 1963 3059 2044 apparebunt
3076 1985 3095 2028 ε

1899 2055 1973 2109 ut
1993 2046 2285 2112 districte
2305 2057 2461 2110 tunc
2493 2069 2533 2112 a
2562 2050 2751 2113 nobis
2774 2051 3051 2133 exigant
3075 2075 3095 2117 ε

1898 2133 2024 2198 hoc
2077 2135 2257 2218 quod
2318 2156 2439 2200 nos
2492 2137 2691 2200 modo
2750 2137 3095 2204 invisibilis

1898 2223 2203 2286 conditor
2290 2224 2730 2306 equanimiter
2843 2239 3095 2311 portat.

1898 2310 2015 2374 Re.
2069 2311 2223 2374 Rex
2274 2322 2496 2376 noster
2530 2314 2837 2378 adveniet
2869 2315 3093 2381 Chris-

1896 2407 2023 2461 tuS.
2109 2399 2326 2482 Quem
2370 2401 2697 2482 johannes
2726 2403 3093 2486 predicavit

1898 2507 2144 2569 agnum
2174 2508 2317 2553 esse
2346 2499 2711 2555 venturum.
2813 2491 2866 2568 Ϋ
2913 2493 3092 2558 Ecce

1898 2595 2108 2657 agnus
2138 2577 2283 2641 dei:
2314 2598 2464 2642 ecce
2489 2580 2601 2661 qui
2623 2578 2793 2644 tollit
2817 2592 3093 2664 peccata

1896 2665 2141 2729 mundi.
2194 2665 2411 2748 Quem
2438 2666 2783 2748 johannes.
2843 2670 3091 2735 Gloria.

1895 2751 2133 2834 Quem.
2220 2754 2708 2835 Responsorium
2744 2757 2898 2821 Rex
2935 2778 3093 2822 nos-

1892 2848 2008 2903 ter.
2096 2842 2549 2923 Reina'piatur
2590 2844 3087 2927 Responsorium

599 2950 792 3013 surge
833 2949 1001 3013 syon
1030 2939 1408 2993 convertere
1456 2928 1541 2991 ad
1589 2929 1790 2992 deum
1872 2928 2130 3010 feriale.
2223 2931 2617 3013 Egredietur
2656 2933 2962 2998 dominus
2998 2936 3089 2999 de

596 3028 804 3083 tuum.
897 3018 1130 3083 Gaude
1200 3027 1269 3082 et
1337 3016 1540 3081 letare
1591 3016 1792 3099 jacob

596 3108 756 3191 quia
815 3106 900 3170 de
955 3106 1174 3170 medio
1217 3106 1514 3189 gentium
1577 3105 1789 3169 salva-

595 3206 704 3260 tor
769 3204 925 3259 tuus
1006 3196 1245 3258 veniet.
1353 3200 1406 3275 Ῠ
1494 3194 1677 3257 Deus
1746 3215 1787 3257 a

596 3283 822 3349 libano
883 3284 1144 3347 veniet:
1217 3291 1291 3345 et
1353 3292 1619 3346 sanctus
1700 3283 1787 3346 de

597 3382 826 3437 monte
893 3371 1206 3435 umbroso
1283 3380 1352 3434 et
1433 3371 1788 3436 condense.

601 3461 854 3526 Gaude.
1407 3458 1618 3522 Lectio
1645 3459 1783 3541 viij.

591 3547 1108 3684 pestilentias
1156 3567 1419 3630 quoque
1464 3548 1606 3611 sine
1649 3568 1789 3610 ces·

743 3638 998 3701 satione
1028 3636 1332 3719 patimur.
1395 3636 1603 3718 Signa
1623 3656 1787 3717 quo-

593 3746 723 3810 que
783 3727 850 3789 in
912 3724 1049 3788 sole
1102 3733 1169 3789 et
1214 3724 1372 3789 luna
1421 3733 1490 3788 et
1534 3723 1785 3790 stellis:

591 3815 817 3879 adhuc
868 3823 1094 3897 aperte
1141 3814 1411 3876 minime
1470 3813 1783 3877 videmus,

592 3903 912 3970 Confusio
971 3912 1193 3967 autem
1255 3900 1452 3966 maris
1513 3901 1574 3964 &
1626 3900 1783 3966 fluc-

589 4002 820 4056 tuum:
866 3991 1146 4053 necdum
1178 4010 1350 4054 nova
1384 4000 1620 4053 exorta
1664 3999 1783 4054 est.

593 4080 729 4145 Sed
750 4099 900 4144 cum
924 4078 1131 4142 multa
1153 4078 1292 4160 jam
1314 4078 1778 4161 pronunciata¹

590 4168 924 4251 completa
954 4176 1144 4231 sunt:
1191 4166 1462 4230 dubium
1502 4187 1635 4230 non
1681 4174 1783 4231 est
1820 4220 1829 4229 .

591 4258 769 4340 quod
802 4266 1162 4338 sequantur
1191 4256 1391 4318 etiam
1417 4275 1630 4338 pauca
1651 4276 1783 4337 que

589 4355 838 4411 restant
889 4346 1046 4428 quia
1093 4344 1510 4427 sequentium
1565 4364 1781 4408 rerum

849 4546 864 4577 ¹
897 4544 1218 4611 prenunciata
1243 4562 1254 4594 :
1290 4542 1512 4593 E.G.W.

1890 3018 2176 3081 samaria
2223 3019 2307 3081 ad
2357 3030 2618 3102 portam
2650 3042 2779 3103 que
2822 3023 3091 3106 respicit

1887 3106 1973 3169 ad
2016 3108 2375 3175 orientem:
2420 3118 2489 3172 et
2519 3110 2737 3173 veniet
2781 3110 2847 3174 in
2895 3112 3093 3175 beth-

1888 3193 2059 3257 leem
2104 3194 2453 3260 ambulans
2497 3218 2692 3279 super
2735 3219 2941 3280 aquas
2986 3220 3093 3263 re-

1888 3282 2244 3346 demtionis
2256 3284 2433 3365 jude.
2510 3285 2700 3349 Tunc
2720 3286 2939 3351 salvus
2959 3290 3090 3355 erit

1888 3371 2105 3434 omnis
2150 3371 2389 3436 homo:
2437 3375 2593 3455 quia
2643 3395 2796 3439 ecce
2841 3378 3089 3443 veniet.

1886 3476 1937 3545 γ
1984 3459 2076 3523 Et
2106 3461 2562 3543 preparabitur
2599 3462 2665 3526 in
2721 3464 3091 3529 misericor-

1887 3548 2009 3611 dia‘
2030 3547 2267 3612 solium
2322 3549 2502 3630 ejus:
2560 3561 2628 3614 et
2676 3552 2932 3617 sedebit
2972 3575 3083 3618 su-

1886 3656 2007 3718 per
2049 3636 2208 3699 illud
2262 3638 2567 3719 judicans
2629 3639 2694 3703 in
2767 3643 3085 3724 equitate.

1886 3724 2077 3788 Tunc
2108 3724 2342 3790 salvus,
2436 3744 2481 3812 γ
2529 3728 2781 3792 Emitte
2810 3750 3083 3813 agnum.

1882 3814 1932 3875 I
1926 3834 1968 3874 n
1998 3812 2314 3877 laudibus.
2711 3819 3085 3900 antiphona.

1900 3972 1905 3980 .
2034 3922 2145 3966 cce
2178 3904 2241 3965 in
2276 3902 2561 3967 nubibus
2604 3904 2725 3968 celi
2774 3907 3087 3971 dominus

2032 3990 2278 4055 veniet⁹
2300 4011 2449 4054 cum
2469 4002 2797 4074 potestate
2819 4015 3087 4079 magna.

1882 4076 2189 4142 Alleluia.
2264 4088 2364 4160 pf.
2413 4081 2742 4145 Dominus
2765 4085 3085 4166 regnavit.

1881 4175 1991 4229 αῆ.
2053 4168 2230 4232 Urbs
2250 4167 2650 4232 fortitudinis
2670 4182 2889 4235 nostre
2910 4193 3077 4256 syon

1883 4254 2173 4318 salvator
2215 4266 2499 4338 ponetur
2530 4259 2595 4321 in
2628 4280 2705 4322 ea
2736 4280 2961 4324 murus
3007 4271 3080 4325 et

1884 4344 2291 4407 antemurale
2321 4347 2571 4427 aperite
2610 4358 2876 4430 portas:
2920 4352 3079 4433 quia

2126 4544 2147 4574 ²
2179 4543 2332 4593 venit:
2368 4543 2483 4595 E.G
2495 4545 2593 4595 ,W-
