3375 5100
935 259 1353 318 DOMINJCA
1410 258 1725 332 QUINTA
1776 261 2279 318 NOVEMBRIS.

907 371 1039 425 617

374 478 596 541 medio
655 476 876 541 ovium
929 495 1194 539 suarum
1242 474 1573 558 dissipita-

371 587 519 629 rum
571 566 664 629 sic
712 564 996 629 visitabo
1043 584 1200 627 oves
1259 584 1442 627 meas
1501 572 1569 627 et

372 655 666 719 liberabo
696 674 808 717 eas
836 654 923 717 de
953 653 1257 716 omnibus
1303 652 1463 716 locis
1499 652 1568 715 in

373 743 611 825 quibus
671 742 962 824 disperse
1021 740 1278 805 fuerant
1339 741 1406 803 in
1458 741 1566 804 die

373 831 566 895 nubis
597 839 664 894 et
694 829 1010 913 caliginis

375 924 440 997 ΙΙ
469 918 819 983 Dominica
839 918 1085 1001 quinta.
1147 916 1312 980 Lect.
1321 915 1566 998 prima.

369 1010 549 1141 Et
580 1006 754 1071 facta
797 1016 901 1070 est
941 1025 1138 1089 super
1177 1025 1285 1069 me
1330 1025 1565 1069 manus

521 1095 810 1160 domini:
842 1104 911 1159 et
929 1095 1166 1158 eduxit
1198 1114 1304 1157 me
1334 1094 1400 1156 in
1433 1094 1565 1175 spi-

371 1186 496 1248 ritu
529 1184 820 1247 domini:
865 1192 933 1247 et
961 1183 1214 1247 dimisit
1244 1183 1312 1244 in
1344 1183 1565 1245 medio

369 1274 588 1355 campi
637 1273 750 1356 qui
801 1280 940 1335 erat
986 1269 1219 1354 plenus
1264 1271 1564 1335 ossibus:

371 1370 438 1424 et
461 1361 880 1425 circunduxit
902 1381 1010 1423 me
1042 1380 1156 1442 per
1178 1378 1259 1422 ea
1289 1360 1356 1421 in
1379 1379 1560 1441 gyro,

373 1449 583 1514 Erant
615 1458 839 1513 autem
885 1448 1096 1513 multa
1130 1447 1324 1512 valde
1366 1467 1566 1530 super

371 1537 604 1603 faciem
639 1538 853 1619 campi
885 1538 1187 1618 siccaque
1209 1535 1563 1599 vehemen-

369 1637 487 1690 ter.
581 1626 672 1689 Et
705 1626 880 1689 dixit
925 1624 1010 1689 ad
1057 1645 1182 1689 me.
1274 1624 1400 1688 Fili
1445 1623 1564 1687 ho-

371 1716 566 1778 minis
614 1723 893 1797 putasne
927 1714 1152 1777 vivent
1195 1733 1347 1776 ossa
1391 1713 1562 1777 ista?

371 1803 462 1867 Et
494 1803 652 1867 dixi.
747 1802 1036 1865 Domine
1072 1801 1237 1864 deus
1267 1810 1340 1863 tu
1372 1801 1562 1865 nosti.

371 1892 463 1955 Et
493 1892 664 1955 dixit
711 1890 796 1953 ad
843 1910 966 1955 me.
1056 1889 1436 1953 Vaticinare
1476 1890 1561 1955 de

369 1978 626 2043 ossibus
687 1979 826 2042 istis
885 1987 954 2041 et
1000 1977 1180 2041 dices
1239 1978 1332 2041 eis
1388 1977 1562 2044 Ossa

369 2069 556 2131 arida
586 2067 810 2130 audite
840 2066 1112 2130 verbum
1144 2064 1411 2129 domini.

364 2158 554 2288 H
563 2175 636 2219 ec
682 2156 842 2219 dicit
873 2154 1178 2218 dominus
1223 2153 1458 2237 [Lectio
1490 2152 1557 2236 ij.

561 2246 725 2309 deus
754 2242 1009 2307 ossibus
1039 2242 1156 2306 his,
1227 2242 1401 2305 Ecce
1433 2262 1558 2324 ego

367 2332 802 2397 intromittam
834 2332 902 2394 in
932 2330 1120 2395 vobis
1156 2331 1457 2413 spiritum
1489 2340 1558 2394 et

363 2422 638 2485 vivetis:
683 2430 752 2483 et
794 2420 1014 2484 scietis
1062 2420 1216 2501 quia
1263 2439 1390 2501 ego
1442 2419 1555 2482 do-

366 2512 624 2574 minus:
670 2519 740 2574 et
783 2507 958 2573 dabo
1008 2528 1204 2591 super
1247 2528 1366 2572 vos
1411 2528 1554 2572 ner-

363 2619 482 2662 vos
526 2606 593 2662 et
633 2599 1036 2662 succrescere
1084 2596 1320 2661 faciam
1361 2616 1558 2680 super

359 2708 478 2751 vos
539 2707 804 2752 carnes:
863 2695 930 2749 et
991 2686 1552 2769 superextendam

365 2776 430 2839 in
483 2774 671 2840 vobis
729 2783 951 2840 cutem
1011 2783 1078 2838 et
1137 2774 1314 2837 dabo
1365 2774 1554 2837 vobis

361 2865 664 2947 spiritum
695 2873 764 2927 et
790 2864 1022 2926 vivetis
1052 2872 1120 2927 et
1149 2863 1368 2926 scietis
1399 2864 1556 2946 quia

361 2973 488 3036 ego
520 2953 844 3016 dominus,
933 2951 1022 3015 Et
1052 2951 1440 3035 prophetavi
1470 2952 1555 3014 si-

361 3051 474 3106 cut
503 3050 885 3124 preceperat
915 3038 1073 3103 mihi
1105 3038 1428 3103 dominus.

359 3133 831 3261 pactusque
861 3138 962 3193 est
993 3129 1246 3191 sonitus
1270 3127 1433 3211 [Lec.
1456 3127 1552 3211 iij.

515 3218 952 3300 prophetante
1016 3237 1174 3280 me:
1272 3224 1341 3280 et
1400 3237 1552 3281 ecce

361 3306 759 3370 commotio:
813 3315 883 3369 et
935 3313 1348 3369 accesserunt
1403 3324 1555 3368 ossa

359 3396 443 3458 ad
477 3415 664 3458 ossa:
705 3394 1221 3476 unumquodque
1253 3393 1335 3456 ad
1365 3393 1551 3476 junc-

359 3493 575 3547 turam
625 3503 830 3546 suam.
926 3483 1017 3546 Et
1060 3483 1241 3546 vidi:
1288 3492 1357 3546 et
1401 3502 1551 3545 ecce

359 3592 557 3655 super
601 3592 682 3634 ea
727 3571 907 3635 nervi
953 3580 1022 3634 et
1051 3590 1280 3634 carnes
1327 3591 1552 3634 ascen-

358 3661 612 3724 derunt.
707 3659 798 3722 Et
850 3669 1129 3723 extenta
1181 3668 1283 3722 est
1335 3660 1401 3722 in
1457 3660 1550 3722 eis

357 3751 528 3814 cutis
579 3749 904 3830 desuper:
949 3757 1019 3811 et
1065 3747 1366 3830 spiritum
1418 3767 1550 3811 non

355 3837 709 3902 habebant.

355 3927 533 4059 Et
586 3926 762 3989 dixit
809 3925 894 3990 ad
959 3945 1083 3988 me.
1171 3924 1550 3988 Vaticinare

506 4012 590 4078 ad
661 4013 965 4097 spiritum
1025 4013 1382 4077 vaticinare
1456 4013 1548 4076 fili

354 4102 640 4166 hominis
701 4111 770 4165 et
829 4102 1008 4165 dices
1083 4101 1167 4166 ad
1229 4101 1548 4184 spiritum.

359 4192 505 4256 Hec
581 4189 742 4255 dicit
814 4191 1126 4255 dominus
1201 4190 1382 4254 deuS.
1479 4190 1551 4254 A

353 4289 636 4364 quatuor
675 4280 890 4342 ventis
933 4280 1082 4342 veni
1127 4279 1436 4361 spiritus:
1483 4287 1552 4343 et

355 4367 614 4432 insuffla
643 4388 840 4450 super
869 4367 1250 4431 interfectos
1291 4368 1452 4432 istos
1483 4377 1551 4430 et

355 4457 760 4522 reviviscant.
843 4455 930 4519 Et
963 4455 1348 4538 prophetavi
1381 4457 1550 4520 sicut

2191 370 2327 424 618

1672 486 2055 559 preceperat
2086 475 2262 540 mihi.

1824 574 1851 628 t
1882 566 2213 648 ingressus
2258 572 2360 628 est
2390 564 2457 626 in
2487 583 2567 627 ea
2597 566 2861 647 spiritus

1823 663 1892 717 et
1917 656 2227 717 vixerunt
2273 662 2341 716 et
2387 661 2709 717 steterunt
2754 674 2861 717 su-

1668 760 1789 822 per
1816 743 2020 824 pedes
2049 763 2205 805 suos
2236 742 2565 805 exercitus
2593 742 2861 823 grandis

1669 830 1866 893 nimis
1911 830 2122 894 valde.
2227 830 2319 893 Et
2366 830 2540 892 dixit
2593 830 2678 892 ad
2733 850 2859 894 me.

2557 475 2773 540 Latio
2801 499 2862 542 v.

1667 917 1796 981 Fili
1856 918 2139 982 hominis
2191 938 2343 981 ossa
2388 918 2509 981 hec
2559 919 2860 982 universa

1665 1006 1906 1071 domus
1966 1006 2157 1070 israel
2216 1016 2333 1069 est.
2430 1006 2566 1088 Ipsi
2627 1007 2859 1070 dicunt

1664 1104 1976 1159 aruerunt
2027 1116 2178 1159 ossa
2227 1104 2490 1159 nostra:
2543 1102 2611 1158 et
2664 1096 2859 1177 periit

1665 1184 1930 1265 spiritus
1961 1194 2213 1248 noster:
2246 1192 2313 1246 et
2342 1182 2578 1247 abscisi
2608 1204 2857 1247 sumus.

1667 1272 1943 1355 Propter
1971 1294 2052 1337 ea
2077 1273 2435 1337 vaticinare
2463 1281 2532 1335 et
2561 1272 2739 1335 dices
2769 1272 2857 1335 ad

1664 1380 1795 1425 eoS.
2530 1360 2741 1423 Lectio
2770 1361 2857 1443 ψ’.

1852 1469 1927 1512 ec
1950 1448 2111 1513 dicit
2128 1449 2437 1513 dominus
2455 1450 2634 1513 deus,
2682 1449 2859 1513 Ecce

1852 1557 1978 1619 ego
2042 1539 2331 1620 aperiam
2376 1537 2666 1601 tumulos
2712 1558 2859 1600 ves·-

1662 1634 1802 1688 tros
1832 1635 1899 1688 et
1930 1624 2208 1689 educam
2233 1647 2351 1689 vos
2380 1628 2466 1690 de
2496 1626 2857 1708 sepulchris

1662 1714 1893 1777 vestris
1946 1714 2229 1796 populus
2283 1734 2504 1778 meus:
2552 1723 2619 1777 et
2667 1716 2856 1777 indu-

1663 1822 1809 1866 cam
1870 1822 1989 1865 vos
2050 1804 2116 1865 in
2178 1812 2418 1865 terram
2480 1802 2711 1866 israel:
2786 1812 2857 1867 et

1662 1890 1883 1954 scietis
1934 1890 2092 1972 quia
2150 1910 2275 1972 ego
2336 1891 2645 1954 dominus
2700 1910 2854 1954 cum

1661 1998 1979 2061 aperuero
2046 1978 2395 2061 sepulchra
2454 1988 2722 2043 vestra:
2786 1987 2855 2042 et

1661 2067 1958 2130 eduxero
2005 2086 2123 2130 vos
2171 2068 2256 2130 de
2307 2066 2579 2131 tumulis
2620 2068 2855 2131 vestris

1659 2154 1945 2238 populus
1988 2174 2217 2218 meus:
2264 2164 2333 2218 et
2376 2157 2621 2220 dedero
2665 2155 2853 2237 spiri-

1658 2253 1803 2306 tum
1837 2263 2057 2308 meum
2090 2243 2157 2305 in
2189 2244 2376 2308 vobis
2413 2253 2481 2307 et
2510 2244 2809 2307 vixeritis
2837 2266 2852 2307 :

1657 2340 1727 2395 et
1765 2334 2165 2414 requiescere
2209 2352 2330 2401 vos
2374 2330 2612 2396 faciam
2657 2352 2855 2414 super

1656 2420 1933 2484 humum
1983 2429 2269 2484 vestram
2316 2429 2385 2485 et
2432 2421 2650 2483 scietis
2696 2422 2853 2503 quia

1656 2528 1783 2592 ego
1806 2508 2115 2574 dominus
2145 2508 2403 2573 locutus
2434 2528 2582 2574 sum
2602 2517 2669 2574 et
2694 2508 2851 2574 feci:

1655 2600 1750 2662 ait
1779 2599 2087 2662 dominus
2116 2597 2295 2662 deus,

1658 2691 1722 2764 (I
1754 2687 1891 2751 Hic
1907 2687 2221 2769 incipiunt
2236 2685 2644 2769 eapositiones
2658 2707 2851 2750 evan·

1644 2775 1968 2858 geliorum
1990 2775 2475 2838 dominicalium
2505 2795 2648 2838 cum
2678 2775 2849 2838 anti-

1641 2863 1879 2945 phanis
1923 2874 1987 2927 et
2028 2863 2427 2928 orationibus
2471 2863 2555 2926 ab
2610 2863 2853 2927 octavis

1641 2952 2063 3033 penthecostes
2120 2973 2319 3035 usque
2362 2950 2461 3015 ad
2499 2951 2851 3015 adventum

1653 3041 1919 3105 domini.

1655 3129 2075 3213 Dominicaj.

1755 3239 1797 3280 n
1847 3217 1961 3282 illo
2014 3227 2352 3300 tempore:
2406 3218 2604 3282 Dixit
2653 3217 2849 3298 Jesus

1744 3306 2079 3389 discipulis
2110 3307 2261 3370 suiS.
2325 3305 2552 3369 Homo
2576 3304 2847 3389 quidam

1653 3403 1796 3458 erat
1847 3397 2071 3459 dives:
2133 3405 2202 3458 et
2254 3393 2651 3474 induebatur
2697 3413 2848 3475 pur-

1653 3503 1819 3566 pura
1848 3493 1915 3548 et
1938 3482 2142 3564 bysso
2174 3491 2239 3547 et
2270 3481 2664 3564 epulabatur
2684 3502 2849 3563 quo-

1651 3572 1815 3635 tidie
1845 3571 2205 3654 splendide.
2301 3571 2390 3633 Et
2422 3569 2689 3651 reliqua.

1659 3659 1913 3724 Omelia
1964 3659 2345 3723 venerabilis
2402 3657 2551 3722 bede
2590 3657 2851 3740 presby-

1651 3749 1791 3812 teri.
2493 3746 2705 3809 Lectio
2733 3747 2848 3828 vij.

1649 3837 1943 3968 Dives
2002 3837 2128 3900 iste
2187 3836 2418 3900 fratres
2483 3833 2847 3897 charissimi

1808 3945 1936 3988 non
1979 3925 2327 3989 abstulisse
2371 3924 2585 3987 aliena
2632 3943 2847 4005 repre·

1651 4013 2000 4078 henditur:
2054 4014 2171 4078 sed
2233 4013 2496 4096 propria
2548 4031 2683 4074 non
2733 4011 2847 4073 de-

1650 4103 1843 4167 disse.
1900 4102 2042 4166 Nec
2074 4102 2314 4166 dicitur
2335 4102 2490 4184 quia
2520 4101 2585 4163 vi
2618 4121 2847 4181 quem-

1652 4193 1833 4274 piam
1882 4192 2351 4274 oppressisset:
2404 4190 2523 4252 sed
2575 4189 2731 4272 quia
2779 4189 2845 4250 in

1653 4280 1942 4362 acceptis
1988 4280 2181 4344 rebus
2210 4300 2281 4342 se
2314 4277 2571 4342 extulit.
2667 4276 2847 4340 Hinc

1651 4389 1809 4452 ergo
1897 4388 2312 4451 summopere
2403 4367 2844 4448 colligendum

1651 4465 1789 4522 est:
1854 4479 1985 4539 qua
2046 4477 2216 4540 pena
2280 4456 2699 4523 mulctandus
2760 4455 2845 4516 sit

2224 3129 2589 3193 Secundum
2620 3128 2848 3192 lucam.
