3375 5100
1068 340 1173 397 IN
1222 339 1523 397 VIGJLJA
1572 338 2133 396 ASCENSJONJS
2175 339 2506 397 DOMINI.

1074 450 1223 503 475

555 562 903 638 ageretur.-
948 564 1205 619 tantum
1219 554 1346 639 fiet
1376 555 1393 594 ¹
1427 554 1738 619 memoria

558 644 639 709 de
662 642 1021 707 ascensione
1044 644 1201 727 quia
1246 664 1371 707 non
1412 654 1568 708 sunt
1594 664 1738 707 am-

552 731 734 814 plius
774 730 1029 795 dicende
1070 731 1369 795 memorie
1407 732 1487 796 de
1528 753 1740 795 resur·-

562 823 869 884 rectione:
914 841 1023 883 nec
1062 819 1143 883 dc
1181 820 1487 883 domina:
1532 842 1639 883 nec
1664 819 1746 884 de

560 909 855 973 omnibus
914 908 1169 973 sanctis.
1243 907 1366 971 Ad
1416 907 1611 972 horas
1667 917 1747 971 ut

561 1007 763 1080 supra
771 1017 914 1059 cum
924 996 1213 1060 oratione
1230 996 1618 1072 dominicali,
1636 1006 1744 1060 etc.

567 1089 632 1163 ΙΙ
651 1084 733 1147 In
753 1084 989 1167 vigilia
1019 1084 1415 1149 ascensionis.

560 1171 689 1236 Ad
704 1183 991 1254 vesperas
1016 1172 1381 1254 antiphona.

580 1262 731 1392 V
730 1260 862 1323 ado
892 1280 1121 1342 parare
1181 1260 1367 1324 vobis
1428 1258 1645 1323 locum
1677 1268 1748 1324 et

732 1348 967 1412 iterum
1018 1349 1282 1411 veniam
1314 1348 1399 1411 ad
1428 1367 1547 1411 vos
1578 1348 1744 1412 all’a.

566 1444 633 1499 et
691 1436 1010 1519 gaudebit
1061 1456 1173 1500 cor
1230 1446 1540 1501 vestrum.
1598 1436 1751 1500 all’a

566 1522 732 1588 all’a.
806 1534 906 1606 pff.
1016 1524 1161 1588 Nisi
1220 1524 1541 1588 dominus,
1642 1532 1748 1587 an'.

567 1612 851 1694 Rogabo
880 1621 1135 1695 patrem
1167 1633 1387 1677 meum
1449 1621 1517 1676 et
1546 1612 1750 1676 alium

564 1700 953 1783 paraclitum
984 1701 1171 1765 dabit
1213 1702 1401 1765 vobis
1430 1700 1594 1765 all'a.
1654 1710 1749 1783 ps'.

569 1789 757 1853 Beati
824 1809 1073 1853 omnes,
1162 1790 1299 1853 Ανῑ.
1394 1789 1543 1853 Nisi
1616 1809 1746 1870 ego

566 1877 791 1941 abiero
864 1876 1216 1961 paraclitus
1306 1897 1439 1941 non
1527 1878 1752 1940 veniet

564 1966 727 2029 dum
791 1975 1167 2049 assumptus
1218 1966 1401 2030 suero
1486 1967 1750 2029 mittam

566 2054 774 2118 vobis·
820 2053 984 2118 all’a.
1029 2062 1130 2136 ps.
1180 2054 1357 2138 Sepe
1402 2072 1750 2137 expugna-

567 2152 817 2207 verunt.
860 2143 997 2206 Αῆ.
1046 2143 1299 2206 Euntes
1330 2143 1395 2205 in
1428 2143 1750 2205 mundum

570 2232 941 2295 universum
971 2231 1306 2314 predicate
1337 2229 1752 2312 evangelium

569 2320 749 2382 omni
779 2327 1073 2382 creature
1118 2319 1415 2382 alleluia:
1460 2319 1571 2400 qui
1617 2338 1752 2381 cre-

570 2407 810 2471 diderit
822 2417 890 2470 et
919 2407 1294 2490 baptizatus
1313 2407 1346 2470 s
1343 2406 1508 2470 uerit
1531 2405 1754 2469 salvus

570 2494 731 2559 erit:
776 2493 940 2559 all’a.
972 2496 1083 2579 qui
1114 2515 1269 2559 vero
1299 2515 1433 2559 non
1462 2494 1752 2560 credide-

570 2584 653 2646 rit
696 2583 1218 2648 condennabitur
1261 2584 1425 2648 all’a.
1457 2593 1555 2665 ps.
1647 2584 1756 2647 De

570 2671 930 2754 profundis
973 2672 1149 2736 Ana.
1200 2671 1304 2736 Illi
1351 2682 1573 2736 autem
1604 2691 1754 2754 pro-

570 2758 725 2822 fecti
756 2759 1261 2840 predicaverunt
1318 2760 1561 2842 ubique
1636 2759 1754 2822 do-

574 2847 754 2909 mino
799 2857 1195 2928 cooperante
1256 2857 1323 2911 et
1382 2867 1756 2912 sermonem

572 2932 1003 2998 confirmante
1062 2938 1487 3018 sequentibus
1551 2936 1757 3018 signis

572 3022 723 3086 all’a
754 3022 919 3088 all’a.
978 3033 1079 3106 ps'.
1158 3025 1445 3088 Domine
1489 3044 1623 3087 non
1654 3033 1759 3087 est

574 3109 965 3175 exaltatum.
1371 3112 1758 3196 Capitulum.

571 3199 971 3331 Primum
1031 3200 1299 3283 quidem
1387 3220 1757 3264 sermonem

733 3286 858 3352 feci
883 3287 967 3352 de
985 3289 1294 3352 omnibus
1313 3310 1354 3352 o
1376 3287 1720 3373 theophile
1744 3309 1759 3353 :

572 3395 703 3458 que
752 3376 930 3458 cepit
950 3377 1143 3459 Jesus
1174 3377 1386 3443 facere
1426 3388 1494 3441 et
1524 3379 1760 3440 docere

572 3485 781 3546 usque
827 3465 893 3527 in
956 3464 1132 3528 diem
1208 3486 1341 3547 qua
1392 3466 1757 3548 precipiens

571 3552 887 3636 apostolis
938 3574 1056 3635 per
1112 3555 1411 3636 spiritum
1456 3563 1758 3618 sanctum

572 3661 740 3723 quos
770 3641 968 3724 elegit
1013 3654 1390 3725 assumptus
1436 3651 1550 3707 est.
1641 3643 1756 3706 Re.

575 3729 811 3795 Omnis
842 3728 1275 3813 pulchritudo,
1324 3748 1369 3816 y
1416 3732 1561 3795 Nisi
1592 3751 1735 3813 ego,

575 3819 913 3950 Eterne
930 3839 1049 3883 rex
1068 3819 1386 3883 altissime
1412 3819 1759 3902 [Hymnus.

728 3906 1107 3990 redemptor
1150 3916 1219 3971 et
1271 3907 1563 3972 fidelium
1624 3928 1758 3990 quo

578 4013 753 4056 mors
812 3993 1027 4059 soluta
1079 3995 1335 4079 deperit
1393 3996 1589 4060 datur
1646 3997 1759 4060 tri-

578 4079 921 4164 umphusb
882 4082 1105 4148 “ratie
1184 4084 1531 4149 Scandens
1553 4083 1757 4148 tribu-

584 4169 695 4232 nal
730 4170 1009 4234 dextere
1039 4173 1245 4254 patris
1277 4182 1571 4256 potestas
1619 4193 1759 4235 om-

2353 449 2499 506 476

1835 554 2011 620 trina
2054 574 2270 620 rerum
2317 554 2624 619 machina
2685 552 3026 619 celestium

1837 644 2241 708 terrestrium
2301 653 2370 708 et
2423 643 2824 707 infernorum
2867 662 3028 705 con-

1839 731 1980 797 dita
2040 731 2262 796 flectat
2309 751 2484 815 genu
2538 732 2680 815 jam
2741 730 3026 794 subdita.

1850 820 2167 884 Tremunt
2193 820 2494 884 videntes
2522 816 2740 902 angeli
2769 838 3030 882 versam

1840 909 2052 971 vicem
2080 909 2105 947 ⁸
2163 908 2540 972 mortalium
2571 908 2798 990 culpat
2818 908 2846 945 ⁸
2873 927 3029 970 caro

1841 1005 2080 1079 purgat
2104 1016 2256 1060 caro
2278 1005 2510 1079 regnat
2533 996 2696 1059 deus
2725 995 2832 1059 dei
2857 1014 3027 1058 caro.

1855 1084 1950 1147 Tu
2013 1083 2273 1149 Christe
2333 1094 2630 1149 nostrum
2707 1082 3028 1165 gaudium

1845 1192 2118 1236 manens
2148 1172 2420 1256 olympo
2448 1172 2778 1255 preditum
2799 1169 3030 1234 mundi

1847 1261 2016 1342 regis
2101 1262 2213 1343 qui
2290 1260 2602 1325 fabricam
2693 1258 3032 1323 mundana

1845 1350 2110 1412 vincens
2157 1349 2413 1431 gaudia.
2518 1348 2603 1411 H
2603 1348 2707 1411 inc
2757 1356 2828 1411 te
2885 1366 3035 1428 pre-

1847 1446 2072 1501 cantes
2117 1457 2475 1520 quesumus
2506 1438 2772 1518 ignosce
2821 1434 3034 1516 culpis

1847 1525 2154 1589 omnibus
2165 1534 2234 1589 et
2258 1526 2455 1590 corda
2478 1544 2734 1587 sursum
2759 1522 3034 1587 subleva

1849 1613 1933 1677 ad
1965 1621 2033 1677 te
2091 1633 2374 1696 superna
2411 1612 2639 1695 gratia.
2741 1608 2834 1676 Ut
2875 1630 3032 1673 cum

1849 1701 2126 1764 rubente
2199 1703 2452 1784 ceperis
2531 1700 2780 1764 clarere
2855 1698 3034 1762 nube

1843 1788 2082 1871 judicis
2141 1810 2348 1871 penas
2420 1788 2697 1872 repellas
2770 1787 3034 1851 debitas

1849 1877 2085 1941 reddas
2136 1898 2411 1941 coronas
2484 1876 2790 1960 perditaS.
2933 1874 3034 1938 Tu

1849 1975 1993 2028 esto
2041 1975 2337 2029 nostrum
2393 1966 2711 2047 gaudium
2789 1962 2902 2045 qui
2963 1982 3038 2026 es

1849 2052 2104 2117 futurus
2149 2054 2472 2136 premium
2503 2054 2589 2117 sit
2611 2061 2836 2116 nostra
2865 2051 2934 2113 in
2965 2059 3033 2114 te

1849 2140 2056 2224 gloria
2085 2162 2204 2225 per
2231 2150 2468 2206 cuncta
2494 2162 2755 2223 semper
2796 2138 3038 2203 secula.

1857 2230 2079 2295 Gloria
2109 2230 2228 2294 tibi
2288 2230 2556 2294 domine
2602 2230 2714 2314 qui
2775 2226 3036 2291 scandis

1851 2338 2050 2401 supra
2080 2320 2321 2400 sydera
2349 2338 2502 2381 cum
2533 2326 2720 2400 patre
2752 2325 2820 2379 et
2849 2334 3035 2379 sanc·

1864 2416 1937 2470 to
1982 2407 2214 2489 spiritu
2245 2407 2310 2469 in
2356 2407 2755 2489 sempiterna
2798 2403 3037 2468 secula.

1852 2494 2091 2560 Amen.
2180 2494 2288 2560 Hi
2333 2496 2460 2559 duo
2511 2513 2734 2559 versus
2773 2492 3036 2575 subjun-

1839 2594 2098 2666 gantur
2115 2584 2211 2647 ad
2225 2604 2438 2647 omnes
2455 2583 2535 2648 H
2516 2601 2750 2664 ymnos
2765 2600 3038 2664 quorum

1855 2680 2056 2735 metro
2082 2673 2503 2736 conveniunt:
2550 2691 2746 2752 usque
2783 2667 2879 2732 ad
2902 2689 3038 2731 ves-

1839 2772 2038 2844 peras
2059 2760 2128 2823 in
2150 2759 2386 2842 vigilia
2389 2759 2820 2841 penthecostes
2840 2759 3038 2821 etiam

1854 2848 1920 2912 si
1943 2848 2024 2912 de
2065 2849 2307 2912 sanctis
2343 2857 2627 2932 agatur:
2669 2843 2850 2910 salvo
2871 2843 3046 2927 quod

1853 2957 1913 3000 si
1905 2935 2118 3017 seria
2145 2945 2322 3000 sexta
2367 2937 2438 3000 in
2479 2936 2758 2999 crastino
2787 2943 3040 2997 octava-

1855 3045 2006 3088 rum
2063 3025 2323 3088 dicatur
2375 3024 2454 3088 de
2526 3022 2836 3089 domina:
2893 3033 3046 3084 tunc

1860 3114 2107 3178 dicetur
2146 3133 2369 3176 versus
2456 3113 2682 3178 Gloria
2755 3109 2876 3175 tibi
2923 3112 3042 3173 do-

1859 3203 2035 3265 mine
2108 3201 2220 3285 qui
2281 3210 2477 3264 natus
2524 3221 2612 3264 es,
2653 3209 2756 3263 etc.
2818 3214 2865 3284 γ
2910 3197 3041 3261 As-

1857 3291 2144 3354 cendens
2177 3288 2474 3354 Christus
2505 3290 2571 3352 in
2593 3286 2818 3351 altum.
2867 3285 3040 3368 Cap-

1858 3379 2062 3441 tivam
2116 3379 2313 3442 duxit
2373 3378 2826 3460 captivitatem
2888 3374 3046 3437 alle-

1856 3465 2006 3530 luia.
2019 3466 2102 3529 In
2119 3487 2296 3530 evan.
2320 3475 2423 3530 aii.
2453 3467 2648 3530 Pater
2669 3463 3045 3528 manifesta-

1856 3555 1920 3618 vi
1968 3574 2212 3618 nomen
2237 3564 2426 3617 tuum
2466 3552 2846 3618 hominibus
2876 3570 3045 3632 quos

1857 3643 2096 3706 dedisti
2142 3642 2300 3705 mihi
2333 3663 2502 3706 nunc
2534 3651 2756 3705 autem
2803 3659 2925 3722 pro
2954 3639 3048 3702 eis

1861 3751 2019 3813 rogo
2049 3751 2182 3794 non
2216 3751 2334 3813 pro
2380 3731 2631 3795 mundo
2675 3729 2832 3810 quia
2861 3727 2946 3791 ad
2979 3736 3048 3790 te

1858 3819 2032 3884 vado
2113 3818 2389 3884 alleluia.
2465 3827 2563 3902 ps.
2641 3814 3049 3899 Magnificat.

1867 3907 2110 3973 Oratio,
2159 3908 2388 3972 Presta
2434 3925 2791 3988 quesumus
2835 3903 3048 3966 omni-

1860 4004 2098 4099 potens
2124 4005 2328 4098 pater.
2423 3995 2900 4059 Benedicamus
2931 3991 3051 4054 do-

1863 4085 2042 4147 mino
2071 4085 2241 4148 sicut
2271 4087 2342 4149 in
2386 4084 2494 4148 die
2519 4081 2755 4182 pasche
2793 4080 2890 4144 ad
2913 4100 3047 4142 ves-

1843 4184 2055 4255 peras.
2119 4172 2332 4236 Nulla
2343 4172 2473 4256 flet
2487 4169 2792 4234 memoria
2816 4166 2951 4231 nisi
2977 4167 3058 4231 de

580 4257 762 4320 nium
822 4258 1063 4324 collata
1135 4269 1236 4324 est
1307 4261 1465 4343 Jesu
1525 4261 1760 4326 celitus
1843 4263 2019 4342 festo
2045 4259 2291 4344 duplici
2332 4261 2398 4323 si
2436 4261 2623 4342 forte
2662 4257 2942 4322 evenerit
2983 4255 3056 4318 in

584 4365 715 4428 que
775 4367 908 4411 non
959 4358 1100 4413 erat
1155 4348 1553 4414 humanitus,
1668 4350 1759 4415 Ut

883 4524 1159 4589 ¹fiac:N.

1476 4529 1495 4558 ²
1528 4542 1666 4577 versa
1691 4526 1797 4577 vice
1823 4546 1834 4577 :
1871 4527 1938 4576 N.

1858 4349 1980 4414 hac
2007 4350 2257 4433 vigilia.
2305 4349 2429 4413 Ad
2448 4345 2916 4430 completorium
2945 4351 3050 4406 aii.

2307 4527 2328 4558 ⁸
2359 4525 2504 4590 culpa
2525 4543 2538 4575 ε
2579 4524 2655 4574 W.
