<?xml version="1.0" encoding="UTF-8"?>
<!DOCTYPE html PUBLIC "-//W3C//DTD XHTML 1.0 Transitional//EN"
    "http://www.w3.org/TR/xhtml1/DTD/xhtml1-transitional.dtd">
<html xmlns="http://www.w3.org/1999/xhtml" xml:lang="en" lang="en">
 <head>
  <title>
</title>
<meta http-equiv="Content-Type" content="text/html;charset=utf-8" />
  <meta name='ocr-system' content='tesseract 3.04.00' />
  <meta name='ocr-capabilities' content='ocr_page ocr_carea ocr_par ocr_line ocrx_word'/>
</head>
<body>
  <div class='ocr_page' id='page_1' title='image "./publicationssur05unkngoog_0479.png"; bbox 0 0 3375 5100; ppageno 0'>
   <div class='ocr_carea' id='block_1_1' title="bbox 1517 334 2112 391">
    <p class='ocr_par' dir='ltr' id='par_1_1' title="bbox 1517 334 2112 391">
     <span class='ocr_line' id='line_1_1' title="bbox 1517 334 2112 391; baseline -0.002 -1"><span class='ocrx_word' id='word_1_1' title='bbox 1517 335 1776 391; x_wconf 78' lang='lat' dir='ltr'><em>FERJA</em></span> <span class='ocrx_word' id='word_1_2' title='bbox 1829 334 2112 389; x_wconf 80' lang='lat' dir='ltr'><em>SEXTA</em></span> 
     </span>
    </p>
   </div>
   <div class='ocr_carea' id='block_1_2' title="bbox 1107 441 1241 498">
    <p class='ocr_par' dir='ltr' id='par_1_2' title="bbox 1107 441 1241 498">
     <span class='ocr_line' id='line_1_2' title="bbox 1107 441 1241 498; baseline -0.03 0"><span class='ocrx_word' id='word_1_3' title='bbox 1107 441 1241 498; x_wconf 74' lang='lat'>841</span> 
     </span>
    </p>
   </div>
   <div class='ocr_carea' id='block_1_3' title="bbox 572 547 1784 2491">
    <p class='ocr_par' dir='ltr' id='par_1_3' title="bbox 572 547 1782 2221">
     <span class='ocr_line' id='line_1_3' title="bbox 572 547 1778 631; baseline 0.002 -20"><span class='ocrx_word' id='word_1_4' title='bbox 572 547 743 611; x_wconf 87' lang='lat' dir='ltr'>sicut</span> <span class='ocrx_word' id='word_1_5' title='bbox 790 548 963 631; x_wconf 86' lang='lat' dir='ltr'>ignis</span> <span class='ocrx_word' id='word_1_6' title='bbox 1010 548 1105 612; x_wconf 91' lang='lat' dir='ltr'>ira</span> <span class='ocrx_word' id='word_1_7' title='bbox 1152 558 1287 613; x_wconf 90' lang='lat' dir='ltr'>tua.</span> <span class='ocrx_word' id='word_1_8' title='bbox 1388 548 1778 613; x_wconf 80' lang='lat' dir='ltr'>Memorare</span> 
     </span>
     <span class='ocr_line' id='line_1_4' title="bbox 574 637 1774 721; baseline 0.001 -21"><span class='ocrx_word' id='word_1_9' title='bbox 574 658 707 719; x_wconf 88' lang='lat' dir='ltr'>que</span> <span class='ocrx_word' id='word_1_10' title='bbox 768 657 921 701; x_wconf 90' lang='lat' dir='ltr'>mea</span> <span class='ocrx_word' id='word_1_11' title='bbox 978 637 1393 703; x_wconf 86' lang='lat' dir='ltr'>substantia:</span> <span class='ocrx_word' id='word_1_12' title='bbox 1468 638 1774 721; x_wconf 90' lang='lat' dir='ltr'>nunquid</span> 
     </span>
     <span class='ocr_line' id='line_1_5' title="bbox 575 726 1776 790; baseline 0 -1"><span class='ocrx_word' id='word_1_13' title='bbox 575 728 756 789; x_wconf 87' lang='lat' dir='ltr'>enim</span> <span class='ocrx_word' id='word_1_14' title='bbox 818 746 991 789; x_wconf 86' lang='lat' dir='ltr'>vane</span> <span class='ocrx_word' id='word_1_15' title='bbox 1056 726 1461 790; x_wconf 88' lang='lat' dir='ltr'>constituisti</span> <span class='ocrx_word' id='word_1_16' title='bbox 1536 748 1776 790; x_wconf 87' lang='lat' dir='ltr'>omnes</span> 
     </span>
     <span class='ocr_line' id='line_1_6' title="bbox 574 812 1777 893; baseline 0.002 -16"><span class='ocrx_word' id='word_1_17' title='bbox 574 814 745 877; x_wconf 87' lang='lat' dir='ltr'>filios</span> <span class='ocrx_word' id='word_1_18' title='bbox 776 812 1145 879; x_wconf 88' lang='lat' dir='ltr'>hominum.</span> <span class='ocrx_word' id='word_1_19' title='bbox 1239 813 1403 893; x_wconf 85' lang='lat' dir='ltr'>Quis</span> <span class='ocrx_word' id='word_1_20' title='bbox 1436 825 1539 880; x_wconf 88' lang='lat' dir='ltr'>est</span> <span class='ocrx_word' id='word_1_21' title='bbox 1569 814 1777 879; x_wconf 89' lang='lat' dir='ltr'>homo</span> 
     </span>
     <span class='ocr_line' id='line_1_7' title="bbox 574 902 1776 985; baseline 0.002 -19"><span class='ocrx_word' id='word_1_22' title='bbox 574 904 691 985; x_wconf 91' lang='lat' dir='ltr'>qui</span> <span class='ocrx_word' id='word_1_23' title='bbox 722 902 902 967; x_wconf 89' lang='lat' dir='ltr'>vivet</span> <span class='ocrx_word' id='word_1_24' title='bbox 932 912 1000 966; x_wconf 92' lang='lat' dir='ltr'>et</span> <span class='ocrx_word' id='word_1_25' title='bbox 1022 922 1155 966; x_wconf 88' lang='lat' dir='ltr'>non</span> <span class='ocrx_word' id='word_1_26' title='bbox 1180 903 1435 967; x_wconf 90' lang='lat' dir='ltr'>videbit</span> <span class='ocrx_word' id='word_1_27' title='bbox 1456 914 1776 969; x_wconf 87' lang='lat' dir='ltr'>mortem:</span> 
     </span>
     <span class='ocr_line' id='line_1_8' title="bbox 576 990 1774 1056; baseline 0.003 -3"><span class='ocrx_word' id='word_1_28' title='bbox 576 1000 763 1054; x_wconf 89' lang='lat' dir='ltr'>eruet</span> <span class='ocrx_word' id='word_1_29' title='bbox 822 990 1117 1055; x_wconf 88' lang='lat' dir='ltr'>animam</span> <span class='ocrx_word' id='word_1_30' title='bbox 1178 1012 1369 1055; x_wconf 86' lang='lat' dir='ltr'>suam</span> <span class='ocrx_word' id='word_1_31' title='bbox 1428 994 1517 1056; x_wconf 90' lang='lat' dir='ltr'>de</span> <span class='ocrx_word' id='word_1_32' title='bbox 1572 1013 1774 1056; x_wconf 89' lang='lat' dir='ltr'>manu</span> 
     </span>
     <span class='ocr_line' id='line_1_9' title="bbox 576 1077 1780 1145; baseline 0.002 -2"><span class='ocrx_word' id='word_1_33' title='bbox 576 1077 785 1145; x_wconf 86' lang='lat' dir='ltr'>inseri.</span> <span class='ocrx_word' id='word_1_34' title='bbox 886 1078 1019 1145; x_wconf 87' lang='lat' dir='ltr'>Ubi</span> <span class='ocrx_word' id='word_1_35' title='bbox 1094 1088 1251 1144; x_wconf 91' lang='lat' dir='ltr'>sunt</span> <span class='ocrx_word' id='word_1_36' title='bbox 1328 1080 1780 1145; x_wconf 84' lang='lat' dir='ltr'>misericordie</span> 
     </span>
     <span class='ocr_line' id='line_1_10' title="bbox 576 1166 1778 1251; baseline 0.002 -20"><span class='ocrx_word' id='word_1_37' title='bbox 576 1178 693 1231; x_wconf 89' lang='lat' dir='ltr'>tue</span> <span class='ocrx_word' id='word_1_38' title='bbox 710 1166 983 1251; x_wconf 89' lang='lat' dir='ltr'>antique</span> <span class='ocrx_word' id='word_1_39' title='bbox 1007 1169 1279 1232; x_wconf 89' lang='lat' dir='ltr'>domine</span> <span class='ocrx_word' id='word_1_40' title='bbox 1306 1190 1323 1233; x_wconf 72' lang='grc' dir='ltr'>ς</span> <span class='ocrx_word' id='word_1_41' title='bbox 1368 1170 1537 1233; x_wconf 89' lang='lat' dir='ltr'>sicut</span> <span class='ocrx_word' id='word_1_42' title='bbox 1562 1167 1778 1251; x_wconf 86' lang='lat' dir='ltr'>juras-</span> 
     </span>
     <span class='ocr_line' id='line_1_11' title="bbox 576 1255 1780 1323; baseline 0.003 -4"><span class='ocrx_word' id='word_1_43' title='bbox 576 1258 629 1319; x_wconf 89' lang='lat' dir='ltr'>ti</span> <span class='ocrx_word' id='word_1_44' title='bbox 650 1255 853 1320; x_wconf 90' lang='lat' dir='ltr'>david</span> <span class='ocrx_word' id='word_1_45' title='bbox 886 1258 953 1320; x_wconf 91' lang='lat' dir='ltr'>in</span> <span class='ocrx_word' id='word_1_46' title='bbox 973 1258 1255 1321; x_wconf 89' lang='lat' dir='ltr'>veritate</span> <span class='ocrx_word' id='word_1_47' title='bbox 1274 1266 1409 1323; x_wconf 88' lang='lat' dir='ltr'>tua.</span> <span class='ocrx_word' id='word_1_48' title='bbox 1498 1258 1780 1323; x_wconf 84' lang='lat' dir='ltr'>Memor</span> 
     </span>
     <span class='ocr_line' id='line_1_12' title="bbox 579 1344 1776 1427; baseline 0 -18"><span class='ocrx_word' id='word_1_49' title='bbox 579 1354 727 1409; x_wconf 90' lang='lat' dir='ltr'>esto</span> <span class='ocrx_word' id='word_1_50' title='bbox 766 1344 1036 1408; x_wconf 91' lang='lat' dir='ltr'>domine</span> <span class='ocrx_word' id='word_1_51' title='bbox 1067 1344 1403 1427; x_wconf 86' lang='lat' dir='ltr'>opprobrii</span> <span class='ocrx_word' id='word_1_52' title='bbox 1434 1366 1776 1409; x_wconf 88' lang='lat' dir='ltr'>servorum</span> 
     </span>
     <span class='ocr_line' id='line_1_13' title="bbox 582 1432 1778 1516; baseline 0.002 -19"><span class='ocrx_word' id='word_1_53' title='bbox 582 1442 887 1497; x_wconf 88' lang='lat' dir='ltr'>tuorum:</span> <span class='ocrx_word' id='word_1_54' title='bbox 932 1434 1115 1516; x_wconf 88' lang='lat' dir='ltr'>quod</span> <span class='ocrx_word' id='word_1_55' title='bbox 1148 1432 1445 1497; x_wconf 88' lang='lat' dir='ltr'>continui</span> <span class='ocrx_word' id='word_1_56' title='bbox 1506 1434 1575 1498; x_wconf 87' lang='lat' dir='ltr'>in</span> <span class='ocrx_word' id='word_1_57' title='bbox 1628 1434 1778 1499; x_wconf 89' lang='lat' dir='ltr'>sinu</span> 
     </span>
     <span class='ocr_line' id='line_1_14' title="bbox 580 1520 1778 1605; baseline 0.002 -20"><span class='ocrx_word' id='word_1_58' title='bbox 580 1542 732 1585; x_wconf 93' lang='lat' dir='ltr'>meo</span> <span class='ocrx_word' id='word_1_59' title='bbox 764 1520 1123 1585; x_wconf 87' lang='lat' dir='ltr'>multarum</span> <span class='ocrx_word' id='word_1_60' title='bbox 1166 1523 1487 1605; x_wconf 85' lang='lat' dir='ltr'>gentium.</span> <span class='ocrx_word' id='word_1_61' title='bbox 1582 1520 1778 1601; x_wconf 92' lang='lat' dir='ltr'>Quod</span> 
     </span>
     <span class='ocr_line' id='line_1_15' title="bbox 578 1611 1779 1692; baseline 0.002 -19"><span class='ocrx_word' id='word_1_62' title='bbox 578 1611 1149 1692; x_wconf 85' lang='lat' dir='ltr'>exprobraverunt</span> <span class='ocrx_word' id='word_1_63' title='bbox 1208 1611 1455 1675; x_wconf 89' lang='lat' dir='ltr'>inimici</span> <span class='ocrx_word' id='word_1_64' title='bbox 1515 1613 1612 1675; x_wconf 92' lang='lat' dir='ltr'>tui</span> <span class='ocrx_word' id='word_1_65' title='bbox 1658 1612 1779 1675; x_wconf 91' lang='lat' dir='ltr'>do·</span> 
     </span>
     <span class='ocr_line' id='line_1_16' title="bbox 578 1698 1781 1782; baseline 0.002 -22"><span class='ocrx_word' id='word_1_66' title='bbox 578 1698 797 1763; x_wconf 89' lang='lat' dir='ltr'>mine:</span> <span class='ocrx_word' id='word_1_67' title='bbox 928 1700 1111 1781; x_wconf 91' lang='lat' dir='ltr'>quod</span> <span class='ocrx_word' id='word_1_68' title='bbox 1204 1700 1781 1782; x_wconf 87' lang='lat' dir='ltr'>exprobraverunt</span> 
     </span>
     <span class='ocr_line' id='line_1_17' title="bbox 580 1786 1780 1853; baseline 0.003 -3"><span class='ocrx_word' id='word_1_69' title='bbox 580 1789 1175 1851; x_wconf 85' lang='lat' dir='ltr'>commutationem</span> <span class='ocrx_word' id='word_1_70' title='bbox 1194 1786 1419 1852; x_wconf 89' lang='lat' dir='ltr'>christi</span> <span class='ocrx_word' id='word_1_71' title='bbox 1444 1789 1558 1852; x_wconf 90' lang='lat' dir='ltr'>tui.</span> <span class='ocrx_word' id='word_1_72' title='bbox 1646 1788 1780 1853; x_wconf 87' lang='lat' dir='ltr'>Be-</span> 
     </span>
     <span class='ocr_line' id='line_1_18' title="bbox 580 1876 1782 1942; baseline 0.002 -4"><span class='ocrx_word' id='word_1_73' title='bbox 580 1876 885 1939; x_wconf 86' lang='lat' dir='ltr'>nedictus</span> <span class='ocrx_word' id='word_1_74' title='bbox 932 1876 1245 1939; x_wconf 87' lang='lat' dir='ltr'>dominus</span> <span class='ocrx_word' id='word_1_75' title='bbox 1302 1878 1371 1940; x_wconf 91' lang='lat' dir='ltr'>in</span> <span class='ocrx_word' id='word_1_76' title='bbox 1430 1886 1782 1942; x_wconf 85' lang='lat' dir='ltr'>eternum:</span> 
     </span>
     <span class='ocr_line' id='line_1_19' title="bbox 578 1962 1782 2029; baseline 0.002 -2"><span class='ocrx_word' id='word_1_77' title='bbox 578 1964 697 2027; x_wconf 87' lang='lat' dir='ltr'>fiat</span> <span class='ocrx_word' id='word_1_78' title='bbox 728 1962 887 2027; x_wconf 86' lang='lat' dir='ltr'>fiat.¹</span> <span class='ocrx_word' id='word_1_79' title='bbox 923 1964 949 2003; x_wconf 76' lang='lat'>²</span> <span class='ocrx_word' id='word_1_80' title='bbox 1420 1964 1782 2029; x_wconf 58' lang='lat' dir='ltr'>psalmus?</span> 
     </span>
     <span class='ocr_line' id='line_1_20' title="bbox 592 2052 1780 2221; baseline 0.002 -106"><span class='ocrx_word' id='word_1_81' title='bbox 592 2052 786 2221; x_wconf 72' lang='lat' dir='ltr'>Qui</span> <span class='ocrx_word' id='word_1_82' title='bbox 818 2052 1083 2117; x_wconf 88' lang='lat' dir='ltr'>habitat</span> <span class='ocrx_word' id='word_1_83' title='bbox 1114 2052 1181 2116; x_wconf 91' lang='lat' dir='ltr'>in</span> <span class='ocrx_word' id='word_1_84' title='bbox 1230 2052 1565 2136; x_wconf 90' lang='lat' dir='ltr'>adjutorio</span> <span class='ocrx_word' id='word_1_85' title='bbox 1596 2053 1780 2117; x_wconf 88' lang='lat' dir='ltr'>altis-</span> 
     </span>
    </p>

    <p class='ocr_par' dir='ltr' id='par_1_4' title="bbox 580 2142 1784 2491">
     <span class='ocr_line' id='line_1_21' title="bbox 719 2142 1782 2225; baseline 0.001 -21"><span class='ocrx_word' id='word_1_86' title='bbox 719 2142 907 2205; x_wconf 88' lang='lat' dir='ltr'>simi:</span> <span class='ocrx_word' id='word_1_87' title='bbox 954 2142 1023 2205; x_wconf 92' lang='lat' dir='ltr'>in</span> <span class='ocrx_word' id='word_1_88' title='bbox 1072 2143 1483 2225; x_wconf 89' lang='lat' dir='ltr'>protectione</span> <span class='ocrx_word' id='word_1_89' title='bbox 1512 2143 1619 2205; x_wconf 92' lang='lat' dir='ltr'>dei</span> <span class='ocrx_word' id='word_1_90' title='bbox 1656 2143 1782 2205; x_wconf 91' lang='lat' dir='ltr'>celi</span> 
     </span>
     <span class='ocr_line' id='line_1_22' title="bbox 584 2230 1780 2297; baseline 0.003 -4"><span class='ocrx_word' id='word_1_91' title='bbox 584 2230 1119 2295; x_wconf 85' lang='lat' dir='ltr'>commorabitur.</span> <span class='ocrx_word' id='word_1_92' title='bbox 1207 2231 1340 2295; x_wconf 91' lang='lat' dir='ltr'>Dic</span> <span class='ocrx_word' id='word_1_93' title='bbox 1372 2240 1441 2295; x_wconf 90' lang='lat' dir='ltr'>et</span> <span class='ocrx_word' id='word_1_94' title='bbox 1458 2230 1736 2295; x_wconf 89' lang='lat' dir='ltr'>domino</span> <span class='ocrx_word' id='word_1_95' title='bbox 1765 2252 1780 2297; x_wconf 90' lang='lat'>:</span> 
     </span>
     <span class='ocr_line' id='line_1_23' title="bbox 580 2318 1782 2401; baseline 0.002 -21"><span class='ocrx_word' id='word_1_96' title='bbox 580 2328 929 2401; x_wconf 86' lang='lat' dir='ltr'>susceptor</span> <span class='ocrx_word' id='word_1_97' title='bbox 981 2340 1169 2382; x_wconf 90' lang='lat' dir='ltr'>meus</span> <span class='ocrx_word' id='word_1_98' title='bbox 1210 2340 1283 2383; x_wconf 91' lang='lat' dir='ltr'>es</span> <span class='ocrx_word' id='word_1_99' title='bbox 1330 2328 1447 2385; x_wconf 88' lang='lat' dir='ltr'>tu:</span> <span class='ocrx_word' id='word_1_100' title='bbox 1492 2328 1561 2383; x_wconf 91' lang='lat' dir='ltr'>et</span> <span class='ocrx_word' id='word_1_101' title='bbox 1609 2318 1782 2383; x_wconf 83' lang='lat' dir='ltr'>refu-</span> 
     </span>
     <span class='ocr_line' id='line_1_24' title="bbox 584 2408 1784 2491; baseline 0.002 -22"><span class='ocrx_word' id='word_1_102' title='bbox 584 2408 767 2487; x_wconf 86' lang='lat' dir='ltr'>gium</span> <span class='ocrx_word' id='word_1_103' title='bbox 803 2426 1027 2472; x_wconf 90' lang='lat' dir='ltr'>meum</span> <span class='ocrx_word' id='word_1_104' title='bbox 1065 2408 1233 2472; x_wconf 90' lang='lat' dir='ltr'>deus</span> <span class='ocrx_word' id='word_1_105' title='bbox 1278 2427 1467 2472; x_wconf 87' lang='lat' dir='ltr'>meus</span> <span class='ocrx_word' id='word_1_106' title='bbox 1497 2408 1784 2491; x_wconf 83' lang='lat' dir='ltr'>sperabo</span> 
     </span>
    </p>
   </div>
   <div class='ocr_carea' id='block_1_4' title="bbox 582 2494 1800 2580">
    <p class='ocr_par' dir='ltr' id='par_1_5' title="bbox 582 2494 1800 2580">
     <span class='ocr_line' id='line_1_25' title="bbox 582 2494 1800 2580; baseline 0.002 -22"><span class='ocrx_word' id='word_1_107' title='bbox 582 2494 651 2559; x_wconf 90' lang='lat' dir='ltr'>in</span> <span class='ocrx_word' id='word_1_108' title='bbox 684 2515 855 2562; x_wconf 90' lang='lat' dir='ltr'>eum.</span> <span class='ocrx_word' id='word_1_109' title='bbox 952 2495 1281 2576; x_wconf 84' lang='lat' dir='ltr'>Quoniam</span> <span class='ocrx_word' id='word_1_110' title='bbox 1305 2497 1447 2580; x_wconf 79' lang='lat' dir='ltr'>ipse</span> <span class='ocrx_word' id='word_1_111' title='bbox 1479 2496 1800 2561; x_wconf 86' lang='lat' dir='ltr'>liberavit·</span> 
     </span>
    </p>
   </div>
   <div class='ocr_carea' id='block_1_5' title="bbox 564 2584 1785 4547">
    <p class='ocr_par' dir='ltr' id='par_1_6' title="bbox 564 2584 1785 4547">
     <span class='ocr_line' id='line_1_26' title="bbox 584 2584 1783 2667; baseline 0.001 -20"><span class='ocrx_word' id='word_1_112' title='bbox 584 2605 693 2648; x_wconf 91' lang='lat' dir='ltr'>me</span> <span class='ocrx_word' id='word_1_113' title='bbox 713 2584 738 2622; x_wconf 84' lang='lat'><strong>⁴</strong></span> <span class='ocrx_word' id='word_1_114' title='bbox 760 2584 998 2667; x_wconf 89' lang='lat' dir='ltr'>laqueo</span> <span class='ocrx_word' id='word_1_115' title='bbox 1020 2587 1406 2650; x_wconf 87' lang='lat' dir='ltr'>venantium</span> <span class='ocrx_word' id='word_1_116' title='bbox 1436 2607 1451 2650; x_wconf 90' lang='lat'>:</span> <span class='ocrx_word' id='word_1_117' title='bbox 1482 2596 1551 2650; x_wconf 79' lang='lat' dir='ltr'>et</span> <span class='ocrx_word' id='word_1_118' title='bbox 1570 2607 1611 2650; x_wconf 87' lang='lat' dir='ltr'>a</span> <span class='ocrx_word' id='word_1_119' title='bbox 1640 2607 1783 2650; x_wconf 86' lang='lat' dir='ltr'>ver·-</span> 
     </span>
     <span class='ocr_line' id='line_1_27' title="bbox 584 2673 1782 2757; baseline 0.002 -21"><span class='ocrx_word' id='word_1_120' title='bbox 584 2673 677 2736; x_wconf 91' lang='lat' dir='ltr'>bo</span> <span class='ocrx_word' id='word_1_121' title='bbox 712 2693 963 2756; x_wconf 85' lang='lat' dir='ltr'>asper0.</span> <span class='ocrx_word' id='word_1_122' title='bbox 1057 2674 1370 2757; x_wconf 83' lang='lat' dir='ltr'>Scapulis</span> <span class='ocrx_word' id='word_1_123' title='bbox 1388 2675 1525 2738; x_wconf 91' lang='lat' dir='ltr'>suis</span> <span class='ocrx_word' id='word_1_124' title='bbox 1546 2675 1782 2738; x_wconf 87' lang='lat' dir='ltr'>obum-</span> 
     </span>
     <span class='ocr_line' id='line_1_28' title="bbox 582 2761 1784 2845; baseline 0.002 -21"><span class='ocrx_word' id='word_1_125' title='bbox 582 2761 805 2825; x_wconf 85' lang='lat' dir='ltr'>brabit</span> <span class='ocrx_word' id='word_1_126' title='bbox 863 2761 1025 2826; x_wconf 86' lang='lat' dir='ltr'>tibi:</span> <span class='ocrx_word' id='word_1_127' title='bbox 1071 2771 1141 2827; x_wconf 86' lang='lat' dir='ltr'>et</span> <span class='ocrx_word' id='word_1_128' title='bbox 1199 2763 1324 2826; x_wconf 88' lang='lat' dir='ltr'>sub</span> <span class='ocrx_word' id='word_1_129' title='bbox 1374 2763 1609 2845; x_wconf 91' lang='lat' dir='ltr'>pennis</span> <span class='ocrx_word' id='word_1_130' title='bbox 1638 2763 1784 2845; x_wconf 90' lang='lat' dir='ltr'>ejus</span> 
     </span>
     <span class='ocr_line' id='line_1_29' title="bbox 582 2850 1782 2932; baseline 0.002 -20"><span class='ocrx_word' id='word_1_131' title='bbox 582 2850 894 2932; x_wconf 83' lang='lat' dir='ltr'>sperabis,</span> <span class='ocrx_word' id='word_1_132' title='bbox 990 2851 1204 2916; x_wconf 84' lang='lat' dir='ltr'>Scuto</span> <span class='ocrx_word' id='word_1_133' title='bbox 1256 2851 1668 2916; x_wconf 89' lang='lat' dir='ltr'>circundabit</span> <span class='ocrx_word' id='word_1_134' title='bbox 1714 2861 1782 2915; x_wconf 91' lang='lat' dir='ltr'>te</span> 
     </span>
     <span class='ocr_line' id='line_1_30' title="bbox 580 2937 1783 3020; baseline 0.003 -20"><span class='ocrx_word' id='word_1_135' title='bbox 580 2939 823 3002; x_wconf 88' lang='lat' dir='ltr'>veritas</span> <span class='ocrx_word' id='word_1_136' title='bbox 897 2937 1080 3020; x_wconf 89' lang='lat' dir='ltr'>ejus:</span> <span class='ocrx_word' id='word_1_137' title='bbox 1170 2960 1303 3003; x_wconf 92' lang='lat' dir='ltr'>non</span> <span class='ocrx_word' id='word_1_138' title='bbox 1382 2940 1651 3004; x_wconf 87' lang='lat' dir='ltr'>timebis</span> <span class='ocrx_word' id='word_1_139' title='bbox 1741 2961 1783 3004; x_wconf 88' lang='lat' dir='ltr'>a</span> 
     </span>
     <span class='ocr_line' id='line_1_31' title="bbox 579 3028 1781 3111; baseline 0.003 -22"><span class='ocrx_word' id='word_1_140' title='bbox 579 3028 820 3090; x_wconf 89' lang='lat' dir='ltr'>timore</span> <span class='ocrx_word' id='word_1_141' title='bbox 852 3037 1191 3092; x_wconf 88' lang='lat' dir='ltr'>nocturno.</span> <span class='ocrx_word' id='word_1_142' title='bbox 1280 3029 1341 3092; x_wconf 83' lang='lat' dir='ltr'><em>A</em></span> <span class='ocrx_word' id='word_1_143' title='bbox 1396 3031 1645 3111; x_wconf 88' lang='lat' dir='ltr'>sagitta</span> <span class='ocrx_word' id='word_1_144' title='bbox 1664 3049 1781 3093; x_wconf 87' lang='lat' dir='ltr'>vo-</span> 
     </span>
     <span class='ocr_line' id='line_1_32' title="bbox 582 3115 1780 3200; baseline 0.002 -22"><span class='ocrx_word' id='word_1_145' title='bbox 582 3115 764 3179; x_wconf 88' lang='lat' dir='ltr'>lante</span> <span class='ocrx_word' id='word_1_146' title='bbox 796 3116 863 3178; x_wconf 92' lang='lat' dir='ltr'>in</span> <span class='ocrx_word' id='word_1_147' title='bbox 910 3116 1060 3180; x_wconf 89' lang='lat' dir='ltr'>die:</span> <span class='ocrx_word' id='word_1_148' title='bbox 1110 3137 1151 3180; x_wconf 99' lang='lat' dir='ltr'>a</span> <span class='ocrx_word' id='word_1_149' title='bbox 1183 3119 1461 3200; x_wconf 87' lang='lat' dir='ltr'>negocio</span> <span class='ocrx_word' id='word_1_150' title='bbox 1520 3137 1780 3200; x_wconf 88' lang='lat' dir='ltr'>peram-</span> 
     </span>
     <span class='ocr_line' id='line_1_33' title="bbox 581 3204 1780 3269; baseline 0.001 -1"><span class='ocrx_word' id='word_1_151' title='bbox 581 3204 856 3268; x_wconf 90' lang='lat' dir='ltr'>bulante</span> <span class='ocrx_word' id='word_1_152' title='bbox 906 3205 973 3267; x_wconf 90' lang='lat' dir='ltr'>in</span> <span class='ocrx_word' id='word_1_153' title='bbox 1023 3205 1351 3269; x_wconf 85' lang='lat' dir='ltr'>tenebris:</span> <span class='ocrx_word' id='word_1_154' title='bbox 1400 3206 1487 3269; x_wconf 87' lang='lat' dir='ltr'>ab</span> <span class='ocrx_word' id='word_1_155' title='bbox 1518 3207 1780 3269; x_wconf 88' lang='lat' dir='ltr'>incursu</span> 
     </span>
     <span class='ocr_line' id='line_1_34' title="bbox 580 3294 1785 3359; baseline 0.002 -3"><span class='ocrx_word' id='word_1_156' title='bbox 580 3302 652 3356; x_wconf 92' lang='lat' dir='ltr'>et</span> <span class='ocrx_word' id='word_1_157' title='bbox 682 3294 994 3357; x_wconf 91' lang='lat' dir='ltr'>demonio</span> <span class='ocrx_word' id='word_1_158' title='bbox 1048 3295 1431 3358; x_wconf 79' lang='lat' dir='ltr'>meridiano,</span> <span class='ocrx_word' id='word_1_159' title='bbox 1527 3294 1785 3359; x_wconf 88' lang='lat' dir='ltr'>Cadent</span> 
     </span>
     <span class='ocr_line' id='line_1_35' title="bbox 580 3382 1782 3447; baseline 0.002 -3"><span class='ocrx_word' id='word_1_160' title='bbox 580 3401 623 3444; x_wconf 89' lang='lat' dir='ltr'>a</span> <span class='ocrx_word' id='word_1_161' title='bbox 684 3382 887 3445; x_wconf 89' lang='lat' dir='ltr'>latere</span> <span class='ocrx_word' id='word_1_162' title='bbox 947 3391 1067 3446; x_wconf 90' lang='lat' dir='ltr'>tuo</span> <span class='ocrx_word' id='word_1_163' title='bbox 1112 3383 1330 3447; x_wconf 91' lang='lat' dir='ltr'>mille:</span> <span class='ocrx_word' id='word_1_164' title='bbox 1406 3392 1475 3447; x_wconf 88' lang='lat' dir='ltr'>et</span> <span class='ocrx_word' id='word_1_165' title='bbox 1547 3383 1782 3447; x_wconf 89' lang='lat' dir='ltr'>decem</span> 
     </span>
     <span class='ocr_line' id='line_1_36' title="bbox 582 3470 1782 3536; baseline 0.002 -3"><span class='ocrx_word' id='word_1_166' title='bbox 582 3470 767 3534; x_wconf 87' lang='lat' dir='ltr'>milia</span> <span class='ocrx_word' id='word_1_167' title='bbox 786 3491 827 3534; x_wconf 87' lang='lat' dir='ltr'>a</span> <span class='ocrx_word' id='word_1_168' title='bbox 850 3471 1105 3534; x_wconf 87' lang='lat' dir='ltr'>dextris</span> <span class='ocrx_word' id='word_1_169' title='bbox 1136 3472 1266 3534; x_wconf 90' lang='lat' dir='ltr'>tuis</span> <span class='ocrx_word' id='word_1_170' title='bbox 1292 3493 1306 3536; x_wconf 89' lang='lat'><strong>:</strong></span> <span class='ocrx_word' id='word_1_171' title='bbox 1354 3471 1440 3535; x_wconf 90' lang='lat' dir='ltr'>ad</span> <span class='ocrx_word' id='word_1_172' title='bbox 1467 3481 1535 3535; x_wconf 89' lang='lat' dir='ltr'>te</span> <span class='ocrx_word' id='word_1_173' title='bbox 1554 3481 1782 3535; x_wconf 89' lang='lat' dir='ltr'>autem</span> 
     </span>
     <span class='ocr_line' id='line_1_37' title="bbox 584 3559 1782 3642; baseline 0.003 -21"><span class='ocrx_word' id='word_1_174' title='bbox 584 3579 717 3622; x_wconf 91' lang='lat' dir='ltr'>non</span> <span class='ocrx_word' id='word_1_175' title='bbox 764 3560 1349 3642; x_wconf 87' lang='lat' dir='ltr'>appropinquabit.</span> <span class='ocrx_word' id='word_1_176' title='bbox 1455 3559 1782 3625; x_wconf 87' lang='lat' dir='ltr'>Verunta-</span> 
     </span>
     <span class='ocr_line' id='line_1_38' title="bbox 583 3647 1784 3714; baseline 0.002 -4"><span class='ocrx_word' id='word_1_177' title='bbox 583 3667 737 3710; x_wconf 89' lang='lat' dir='ltr'>men</span> <span class='ocrx_word' id='word_1_178' title='bbox 769 3647 976 3712; x_wconf 87' lang='lat' dir='ltr'>oculis</span> <span class='ocrx_word' id='word_1_179' title='bbox 1026 3649 1157 3713; x_wconf 89' lang='lat' dir='ltr'>tuis</span> <span class='ocrx_word' id='word_1_180' title='bbox 1199 3648 1668 3714; x_wconf 72' lang='lat' dir='ltr'>considerabis,</span> <span class='ocrx_word' id='word_1_181' title='bbox 1713 3659 1784 3713; x_wconf 89' lang='lat' dir='ltr'>et</span> 
     </span>
     <span class='ocr_line' id='line_1_39' title="bbox 580 3736 1782 3820; baseline 0.003 -22"><span class='ocrx_word' id='word_1_182' title='bbox 580 3736 1087 3800; x_wconf 88' lang='lat' dir='ltr'>retributionem</span> <span class='ocrx_word' id='word_1_183' title='bbox 1135 3748 1563 3820; x_wconf 89' lang='lat' dir='ltr'>peccatorum</span> <span class='ocrx_word' id='word_1_184' title='bbox 1595 3739 1782 3802; x_wconf 90' lang='lat' dir='ltr'>vide-</span> 
     </span>
     <span class='ocr_line' id='line_1_40' title="bbox 582 3824 1784 3904; baseline 0.002 -16"><span class='ocrx_word' id='word_1_185' title='bbox 582 3824 699 3889; x_wconf 81' lang='lat' dir='ltr'>bis,</span> <span class='ocrx_word' id='word_1_186' title='bbox 809 3825 1139 3904; x_wconf 84' lang='lat' dir='ltr'>Quoniam</span> <span class='ocrx_word' id='word_1_187' title='bbox 1216 3835 1291 3890; x_wconf 90' lang='lat' dir='ltr'>tu</span> <span class='ocrx_word' id='word_1_188' title='bbox 1362 3845 1433 3890; x_wconf 91' lang='lat' dir='ltr'>es</span> <span class='ocrx_word' id='word_1_189' title='bbox 1508 3826 1784 3890; x_wconf 89' lang='lat' dir='ltr'>domine</span> 
     </span>
     <span class='ocr_line' id='line_1_41' title="bbox 579 3913 1782 3997; baseline 0.002 -20"><span class='ocrx_word' id='word_1_190' title='bbox 579 3934 731 3997; x_wconf 87' lang='lat' dir='ltr'>spes</span> <span class='ocrx_word' id='word_1_191' title='bbox 794 3935 989 3978; x_wconf 86' lang='lat' dir='ltr'>mea:</span> <span class='ocrx_word' id='word_1_192' title='bbox 1044 3913 1441 3978; x_wconf 88' lang='lat' dir='ltr'>altissimum</span> <span class='ocrx_word' id='word_1_193' title='bbox 1502 3916 1782 3997; x_wconf 87' lang='lat' dir='ltr'>posuisti</span> 
     </span>
     <span class='ocr_line' id='line_1_42' title="bbox 579 4003 1783 4085; baseline 0.004 -21"><span class='ocrx_word' id='word_1_194' title='bbox 579 4003 906 4085; x_wconf 84' lang='lat' dir='ltr'>refugium</span> <span class='ocrx_word' id='word_1_195' title='bbox 970 4012 1179 4067; x_wconf 87' lang='lat' dir='ltr'>tuum.</span> <span class='ocrx_word' id='word_1_196' title='bbox 1268 4003 1432 4067; x_wconf 90' lang='lat' dir='ltr'>Non</span> <span class='ocrx_word' id='word_1_197' title='bbox 1508 4004 1783 4069; x_wconf 90' lang='lat' dir='ltr'>accedet</span> 
     </span>
     <span class='ocr_line' id='line_1_43' title="bbox 578 4090 1781 4176; baseline 0.002 -22"><span class='ocrx_word' id='word_1_198' title='bbox 578 4094 665 4155; x_wconf 88' lang='lat' dir='ltr'>ad</span> <span class='ocrx_word' id='word_1_199' title='bbox 697 4102 766 4155; x_wconf 89' lang='lat' dir='ltr'>te</span> <span class='ocrx_word' id='word_1_200' title='bbox 799 4090 1051 4156; x_wconf 87' lang='lat' dir='ltr'>malum</span> <span class='ocrx_word' id='word_1_201' title='bbox 1082 4113 1099 4156; x_wconf 70' lang='grc' dir='ltr'>ς</span> <span class='ocrx_word' id='word_1_202' title='bbox 1144 4101 1213 4156; x_wconf 89' lang='lat' dir='ltr'>et</span> <span class='ocrx_word' id='word_1_203' title='bbox 1259 4090 1595 4176; x_wconf 87' lang='lat' dir='ltr'>flagellum</span> <span class='ocrx_word' id='word_1_204' title='bbox 1642 4113 1781 4156; x_wconf 89' lang='lat' dir='ltr'>non</span> 
     </span>
     <span class='ocr_line' id='line_1_44' title="bbox 676 4214 1780 4280; baseline 0.002 -16"><span class='ocrx_word' id='word_1_205' title='bbox 676 4215 691 4242; x_wconf 69' lang='lat'><strong>³</strong></span> <span class='ocrx_word' id='word_1_206' title='bbox 726 4215 831 4264; x_wconf 84' lang='lat' dir='ltr'>Hic</span> <span class='ocrx_word' id='word_1_207' title='bbox 861 4223 960 4278; x_wconf 81' lang='lat' dir='ltr'>per</span> <span class='ocrx_word' id='word_1_208' title='bbox 1000 4217 1255 4266; x_wconf 78' lang='lat' dir='ltr'>incuriam</span> <span class='ocrx_word' id='word_1_209' title='bbox 1294 4216 1553 4266; x_wconf 81' lang='lat' dir='ltr'>omittitur</span> <span class='ocrx_word' id='word_1_210' title='bbox 1577 4223 1656 4280; x_wconf 67' lang='lat' dir='ltr'>pf.</span> <span class='ocrx_word' id='word_1_211' title='bbox 1698 4214 1780 4279; x_wconf 87' lang='lat'>89.</span> 
     </span>
     <span class='ocr_line' id='line_1_45' title="bbox 576 4281 1784 4347; baseline 0.002 -17"><span class='ocrx_word' id='word_1_212' title='bbox 576 4281 797 4331; x_wconf 85' lang='lat' dir='ltr'>Domine</span> <span class='ocrx_word' id='word_1_213' title='bbox 820 4281 1079 4347; x_wconf 82' lang='lat' dir='ltr'>refugium,</span> <span class='ocrx_word' id='word_1_214' title='bbox 1099 4283 1187 4332; x_wconf 74' lang='grc' dir='ltr'><strong>διο.</strong></span> <span class='ocrx_word' id='word_1_215' title='bbox 1261 4284 1457 4343; x_wconf 83' lang='lat' dir='ltr'>Precor,</span> <span class='ocrx_word' id='word_1_216' title='bbox 1484 4283 1633 4332; x_wconf 82' lang='lat' dir='ltr'>lector</span> <span class='ocrx_word' id='word_1_217' title='bbox 1650 4283 1784 4332; x_wconf 78' lang='lat' dir='ltr'>beni·</span> 
     </span>
     <span class='ocr_line' id='line_1_46' title="bbox 564 4349 1714 4413; baseline 0.002 -17"><span class='ocrx_word' id='word_1_218' title='bbox 564 4365 681 4413; x_wconf 79' lang='lat' dir='ltr'>gne,</span> <span class='ocrx_word' id='word_1_219' title='bbox 711 4356 771 4396; x_wconf 80' lang='lat' dir='ltr'>ut</span> <span class='ocrx_word' id='word_1_220' title='bbox 784 4357 940 4412; x_wconf 80' lang='lat' dir='ltr'>supra</span> <span class='ocrx_word' id='word_1_221' title='bbox 964 4350 1035 4396; x_wconf 81' lang='lat' dir='ltr'>ad</span> <span class='ocrx_word' id='word_1_222' title='bbox 1050 4351 1333 4398; x_wconf 83' lang='lat' dir='ltr'>columnam</span> <span class='ocrx_word' id='word_1_223' title='bbox 1358 4349 1453 4412; x_wconf 87' lang='lat'>827</span> <span class='ocrx_word' id='word_1_224' title='bbox 1484 4356 1714 4399; x_wconf 83' lang='lat' dir='ltr'>revertas.</span> 
     </span>
     <span class='ocr_line' id='line_1_47' title="bbox 730 4415 1780 4480; baseline 0.001 -17.03"><span class='ocrx_word' id='word_1_225' title='bbox 730 4415 879 4464; x_wconf 82' lang='lat' dir='ltr'>‘Non</span> <span class='ocrx_word' id='word_1_226' title='bbox 902 4417 1088 4464; x_wconf 56' lang='lat' dir='ltr'>dei-itur</span> <span class='ocrx_word' id='word_1_227' title='bbox 1107 4417 1180 4464; x_wconf 85' lang='lat' dir='ltr'>ad</span> <span class='ocrx_word' id='word_1_228' title='bbox 1194 4424 1501 4464; x_wconf 82' lang='lat' dir='ltr'>nocturnum</span> <span class='ocrx_word' id='word_1_229' title='bbox 1524 4415 1613 4465; x_wconf 80' lang='lat' dir='ltr'>iste</span> <span class='ocrx_word' id='word_1_230' title='bbox 1640 4417 1780 4480; x_wconf 82' lang='lat' dir='ltr'>psal-</span> 
     </span>
     <span class='ocr_line' id='line_1_48' title="bbox 573 4479 1784 4547; baseline 0.001 -18"><span class='ocrx_word' id='word_1_231' title='bbox 573 4497 684 4530; x_wconf 83' lang='lat' dir='ltr'>mus</span> <span class='ocrx_word' id='word_1_232' title='bbox 706 4479 792 4541; x_wconf 88' lang='lat'>89.</span> <span class='ocrx_word' id='word_1_233' title='bbox 862 4481 1082 4531; x_wconf 90' lang='lat' dir='ltr'>Domine</span> <span class='ocrx_word' id='word_1_234' title='bbox 1116 4483 1374 4547; x_wconf 83' lang='lat' dir='ltr'>refugium.</span> <span class='ocrx_word' id='word_1_235' title='bbox 1448 4483 1569 4531; x_wconf 82' lang='lat' dir='ltr'>Non</span> <span class='ocrx_word' id='word_1_236' title='bbox 1593 4483 1784 4531; x_wconf 79' lang='lat' dir='ltr'>dicitur</span> 
     </span>
    </p>
   </div>
   <div class='ocr_carea' id='block_1_6' title="bbox 571 4549 1778 4678">
    <p class='ocr_par' dir='ltr' id='par_1_7' title="bbox 571 4549 1778 4678">
     <span class='ocr_line' id='line_1_49' title="bbox 571 4549 1778 4614; baseline 0.002 -18"><span class='ocrx_word' id='word_1_237' title='bbox 571 4549 647 4596; x_wconf 80' lang='lat' dir='ltr'>ad</span> <span class='ocrx_word' id='word_1_238' title='bbox 661 4554 961 4596; x_wconf 79' lang='lat' dir='ltr'>nocturnum</span> <span class='ocrx_word' id='word_1_239' title='bbox 998 4549 1087 4598; x_wconf 80' lang='lat' dir='ltr'>iste</span> <span class='ocrx_word' id='word_1_240' title='bbox 1115 4555 1194 4613; x_wconf 65' lang='lat' dir='ltr'>ps.</span> <span class='ocrx_word' id='word_1_241' title='bbox 1224 4561 1306 4611; x_wconf 91' lang='lat'>90.</span> <span class='ocrx_word' id='word_1_242' title='bbox 1382 4549 1482 4614; x_wconf 89' lang='lat' dir='ltr'>Qui</span> <span class='ocrx_word' id='word_1_243' title='bbox 1506 4549 1737 4600; x_wconf 81' lang='lat' dir='ltr'>habitat</span> <span class='ocrx_word' id='word_1_244' title='bbox 1725 4565 1778 4599; x_wconf 87' lang='grc' dir='ltr'>ιιι</span> 
     </span>
     <span class='ocr_line' id='line_1_50' title="bbox 572 4614 1179 4678; baseline 0.003 -16"><span class='ocrx_word' id='word_1_245' title='bbox 572 4614 853 4678; x_wconf 78' lang='lat' dir='ltr'>adjutorio’</span> <span class='ocrx_word' id='word_1_246' title='bbox 876 4615 1009 4664; x_wconf 84' lang='lat' dir='ltr'>add:</span> <span class='ocrx_word' id='word_1_247' title='bbox 1038 4615 1110 4666; x_wconf 80' lang='lat' dir='ltr'>E.</span> <span class='ocrx_word' id='word_1_248' title='bbox 1124 4617 1179 4664; x_wconf 89' lang='lat' dir='ltr'>G.</span> 
     </span>
    </p>
   </div>
   <div class='ocr_carea' id='block_1_7' title="bbox 2392 440 2548 498">
    <p class='ocr_par' dir='ltr' id='par_1_8' title="bbox 2392 440 2548 498">
     <span class='ocr_line' id='line_1_51' title="bbox 2392 440 2548 498; baseline -0.013 -1"><span class='ocrx_word' id='word_1_249' title='bbox 2392 440 2548 498; x_wconf 77' lang='lat'>842</span> 
     </span>
    </p>
   </div>
   <div class='ocr_carea' id='block_1_8' title="bbox 1873 546 3100 4332">
    <p class='ocr_par' dir='ltr' id='par_1_9' title="bbox 1873 546 3098 2029">
     <span class='ocr_line' id='line_1_52' title="bbox 1873 546 3092 633; baseline -0.002 -20"><span class='ocrx_word' id='word_1_250' title='bbox 1873 546 2448 633; x_wconf 87' lang='lat' dir='ltr'>appropinquabit</span> <span class='ocrx_word' id='word_1_251' title='bbox 2479 546 2920 613; x_wconf 87' lang='lat' dir='ltr'>tabernaculo</span> <span class='ocrx_word' id='word_1_252' title='bbox 2949 558 3092 612; x_wconf 80' lang='lat' dir='ltr'>tuo,</span> 
     </span>
     <span class='ocr_line' id='line_1_53' title="bbox 1879 637 3094 720; baseline -0.001 -18"><span class='ocrx_word' id='word_1_253' title='bbox 1879 638 2212 718; x_wconf 84' lang='lat' dir='ltr'>Quoniam</span> <span class='ocrx_word' id='word_1_254' title='bbox 2245 637 2500 720; x_wconf 80' lang='lat' dir='ltr'>angelis</span> <span class='ocrx_word' id='word_1_255' title='bbox 2551 639 2688 701; x_wconf 87' lang='lat' dir='ltr'>suis</span> <span class='ocrx_word' id='word_1_256' title='bbox 2733 638 3094 701; x_wconf 90' lang='lat' dir='ltr'>mandavit</span> 
     </span>
     <span class='ocr_line' id='line_1_54' title="bbox 1877 727 3096 791; baseline -0.002 0"><span class='ocrx_word' id='word_1_257' title='bbox 1877 728 1963 791; x_wconf 91' lang='lat' dir='ltr'>de</span> <span class='ocrx_word' id='word_1_258' title='bbox 1993 736 2106 791; x_wconf 87' lang='lat' dir='ltr'>te:</span> <span class='ocrx_word' id='word_1_259' title='bbox 2151 736 2228 791; x_wconf 91' lang='lat' dir='ltr'>ut</span> <span class='ocrx_word' id='word_1_260' title='bbox 2256 727 2639 790; x_wconf 90' lang='lat' dir='ltr'>custodiant</span> <span class='ocrx_word' id='word_1_261' title='bbox 2671 728 2738 789; x_wconf 89' lang='lat' dir='ltr'>in</span> <span class='ocrx_word' id='word_1_262' title='bbox 2771 727 3096 789; x_wconf 90' lang='lat' dir='ltr'>omnibus</span> 
     </span>
     <span class='ocr_line' id='line_1_55' title="bbox 1874 815 3091 897; baseline -0.002 -18"><span class='ocrx_word' id='word_1_263' title='bbox 1874 816 1999 879; x_wconf 88' lang='lat' dir='ltr'>viis</span> <span class='ocrx_word' id='word_1_264' title='bbox 2023 816 2174 881; x_wconf 84' lang='lat' dir='ltr'>tuis.</span> <span class='ocrx_word' id='word_1_265' title='bbox 2261 816 2348 879; x_wconf 90' lang='lat' dir='ltr'>In</span> <span class='ocrx_word' id='word_1_266' title='bbox 2383 815 2690 879; x_wconf 89' lang='lat' dir='ltr'>manibus</span> <span class='ocrx_word' id='word_1_267' title='bbox 2708 816 3091 897; x_wconf 88' lang='lat' dir='ltr'>portabunt</span> 
     </span>
     <span class='ocr_line' id='line_1_56' title="bbox 1875 903 3090 985; baseline -0.002 -17"><span class='ocrx_word' id='word_1_268' title='bbox 1875 913 1944 968; x_wconf 90' lang='lat' dir='ltr'>te</span> <span class='ocrx_word' id='word_1_269' title='bbox 1971 924 1988 969; x_wconf 70' lang='grc' dir='ltr'>ε</span> <span class='ocrx_word' id='word_1_270' title='bbox 2034 923 2118 967; x_wconf 89' lang='lat' dir='ltr'>ne</span> <span class='ocrx_word' id='word_1_271' title='bbox 2137 903 2306 968; x_wconf 86' lang='lat' dir='ltr'>forte</span> <span class='ocrx_word' id='word_1_272' title='bbox 2331 904 2630 967; x_wconf 85' lang='lat' dir='ltr'>offendas</span> <span class='ocrx_word' id='word_1_273' title='bbox 2661 904 2750 967; x_wconf 91' lang='lat' dir='ltr'>ad</span> <span class='ocrx_word' id='word_1_274' title='bbox 2785 904 3090 985; x_wconf 88' lang='lat' dir='ltr'>lapidem</span> 
     </span>
     <span class='ocr_line' id='line_1_57' title="bbox 1877 992 3090 1075; baseline -0.002 -20"><span class='ocrx_word' id='word_1_275' title='bbox 1877 992 2120 1075; x_wconf 86' lang='lat' dir='ltr'>pedem</span> <span class='ocrx_word' id='word_1_276' title='bbox 2179 1001 2390 1056; x_wconf 91' lang='lat' dir='ltr'>tuum.</span> <span class='ocrx_word' id='word_1_277' title='bbox 2493 992 2714 1074; x_wconf 87' lang='lat' dir='ltr'>Super</span> <span class='ocrx_word' id='word_1_278' title='bbox 2773 992 3090 1074; x_wconf 89' lang='lat' dir='ltr'>aspidem</span> 
     </span>
     <span class='ocr_line' id='line_1_58' title="bbox 1875 1080 3092 1145; baseline -0.002 -1"><span class='ocrx_word' id='word_1_279' title='bbox 1875 1089 1946 1145; x_wconf 88' lang='lat' dir='ltr'>et</span> <span class='ocrx_word' id='word_1_280' title='bbox 1977 1080 2358 1144; x_wconf 84' lang='lat' dir='ltr'>basiliscum</span> <span class='ocrx_word' id='word_1_281' title='bbox 2375 1080 2790 1143; x_wconf 86' lang='lat' dir='ltr'>ambulabis:</span> <span class='ocrx_word' id='word_1_282' title='bbox 2823 1091 2896 1144; x_wconf 92' lang='lat' dir='ltr'>et</span> <span class='ocrx_word' id='word_1_283' title='bbox 2926 1099 3092 1143; x_wconf 90' lang='lat' dir='ltr'>con-</span> 
     </span>
     <span class='ocr_line' id='line_1_59' title="bbox 1875 1168 3094 1233; baseline -0.002 0"><span class='ocrx_word' id='word_1_284' title='bbox 1875 1168 2168 1233; x_wconf 84' lang='lat' dir='ltr'>culcabis</span> <span class='ocrx_word' id='word_1_285' title='bbox 2221 1168 2482 1233; x_wconf 91' lang='lat' dir='ltr'>leonem</span> <span class='ocrx_word' id='word_1_286' title='bbox 2557 1177 2627 1233; x_wconf 90' lang='lat' dir='ltr'>et</span> <span class='ocrx_word' id='word_1_287' title='bbox 2701 1169 3094 1232; x_wconf 88' lang='lat' dir='ltr'>draconem.</span> 
     </span>
     <span class='ocr_line' id='line_1_60' title="bbox 1883 1257 3097 1339; baseline 0 -18"><span class='ocrx_word' id='word_1_288' title='bbox 1883 1257 2214 1337; x_wconf 89' lang='lat' dir='ltr'>Quoniam</span> <span class='ocrx_word' id='word_1_289' title='bbox 2274 1258 2343 1321; x_wconf 89' lang='lat' dir='ltr'>in</span> <span class='ocrx_word' id='word_1_290' title='bbox 2405 1276 2514 1321; x_wconf 90' lang='lat' dir='ltr'>me</span> <span class='ocrx_word' id='word_1_291' title='bbox 2559 1258 2856 1339; x_wconf 88' lang='lat' dir='ltr'>speravit</span> <span class='ocrx_word' id='word_1_292' title='bbox 2924 1258 3097 1321; x_wconf 89' lang='lat' dir='ltr'>libe-</span> 
     </span>
     <span class='ocr_line' id='line_1_61' title="bbox 1881 1346 3093 1429; baseline -0.002 -19"><span class='ocrx_word' id='word_1_293' title='bbox 1881 1346 2045 1411; x_wconf 92' lang='lat' dir='ltr'>rabo</span> <span class='ocrx_word' id='word_1_294' title='bbox 2075 1365 2274 1411; x_wconf 83' lang='lat' dir='ltr'>eum:</span> <span class='ocrx_word' id='word_1_295' title='bbox 2321 1355 2668 1429; x_wconf 88' lang='lat' dir='ltr'>protegam</span> <span class='ocrx_word' id='word_1_296' title='bbox 2712 1366 2872 1409; x_wconf 88' lang='lat' dir='ltr'>eum</span> <span class='ocrx_word' id='word_1_297' title='bbox 2919 1366 3093 1427; x_wconf 90' lang='lat' dir='ltr'>quo-</span> 
     </span>
     <span class='ocr_line' id='line_1_62' title="bbox 1879 1434 3096 1516; baseline 0 -19"><span class='ocrx_word' id='word_1_298' title='bbox 1879 1434 2062 1498; x_wconf 89' lang='lat' dir='ltr'>niam</span> <span class='ocrx_word' id='word_1_299' title='bbox 2125 1434 2438 1516; x_wconf 80' lang='lat' dir='ltr'>cognovit</span> <span class='ocrx_word' id='word_1_300' title='bbox 2513 1454 2760 1498; x_wconf 89' lang='lat' dir='ltr'>nomen</span> <span class='ocrx_word' id='word_1_301' title='bbox 2837 1454 3096 1497; x_wconf 89' lang='lat' dir='ltr'>meum.</span> 
     </span>
     <span class='ocr_line' id='line_1_63' title="bbox 1885 1523 3094 1604; baseline -0.002 -15"><span class='ocrx_word' id='word_1_302' title='bbox 1885 1523 2218 1589; x_wconf 82' lang='lat' dir='ltr'>Clamavit</span> <span class='ocrx_word' id='word_1_303' title='bbox 2240 1523 2328 1586; x_wconf 88' lang='lat' dir='ltr'>ad</span> <span class='ocrx_word' id='word_1_304' title='bbox 2359 1542 2470 1586; x_wconf 91' lang='lat' dir='ltr'>me</span> <span class='ocrx_word' id='word_1_305' title='bbox 2483 1532 2556 1585; x_wconf 89' lang='lat' dir='ltr'>et</span> <span class='ocrx_word' id='word_1_306' title='bbox 2571 1542 2699 1604; x_wconf 86' lang='lat' dir='ltr'>ego</span> <span class='ocrx_word' id='word_1_307' title='bbox 2717 1523 3094 1587; x_wconf 88' lang='lat' dir='ltr'>exaudiam</span> 
     </span>
     <span class='ocr_line' id='line_1_64' title="bbox 1877 1610 3098 1693; baseline 0 -18"><span class='ocrx_word' id='word_1_308' title='bbox 1877 1632 2070 1677; x_wconf 81' lang='lat' dir='ltr'>eum:</span> <span class='ocrx_word' id='word_1_309' title='bbox 2111 1630 2266 1675; x_wconf 88' lang='lat' dir='ltr'>cum</span> <span class='ocrx_word' id='word_1_310' title='bbox 2319 1612 2467 1693; x_wconf 85' lang='lat' dir='ltr'>ipso</span> <span class='ocrx_word' id='word_1_311' title='bbox 2517 1631 2666 1675; x_wconf 88' lang='lat' dir='ltr'>sum</span> <span class='ocrx_word' id='word_1_312' title='bbox 2697 1612 2766 1673; x_wconf 90' lang='lat' dir='ltr'>in</span> <span class='ocrx_word' id='word_1_313' title='bbox 2811 1610 3098 1675; x_wconf 86' lang='lat' dir='ltr'>tribula·</span> 
     </span>
     <span class='ocr_line' id='line_1_65' title="bbox 1881 1699 3098 1783; baseline 0 -20"><span class='ocrx_word' id='word_1_314' title='bbox 1881 1701 2066 1763; x_wconf 90' lang='lat' dir='ltr'>tione</span> <span class='ocrx_word' id='word_1_315' title='bbox 2095 1700 2372 1783; x_wconf 89' lang='lat' dir='ltr'>eripiam</span> <span class='ocrx_word' id='word_1_316' title='bbox 2403 1720 2557 1762; x_wconf 91' lang='lat' dir='ltr'>eum</span> <span class='ocrx_word' id='word_1_317' title='bbox 2599 1709 2667 1764; x_wconf 92' lang='lat' dir='ltr'>et</span> <span class='ocrx_word' id='word_1_318' title='bbox 2695 1699 3098 1781; x_wconf 86' lang='lat' dir='ltr'>glorificabo</span> 
     </span>
     <span class='ocr_line' id='line_1_66' title="bbox 1881 1788 3094 1870; baseline -0.003 -17"><span class='ocrx_word' id='word_1_319' title='bbox 1881 1808 2052 1853; x_wconf 91' lang='lat' dir='ltr'>eum.</span> <span class='ocrx_word' id='word_1_320' title='bbox 2141 1788 2605 1870; x_wconf 86' lang='lat' dir='ltr'>Longitudine</span> <span class='ocrx_word' id='word_1_321' title='bbox 2664 1789 2926 1850; x_wconf 89' lang='lat' dir='ltr'>dierum</span> <span class='ocrx_word' id='word_1_322' title='bbox 2993 1808 3094 1850; x_wconf 87' lang='lat' dir='ltr'>re-</span> 
     </span>
     <span class='ocr_line' id='line_1_67' title="bbox 1880 1876 3094 1960; baseline 0 -21"><span class='ocrx_word' id='word_1_323' title='bbox 1880 1876 2083 1960; x_wconf 91' lang='lat' dir='ltr'>plebo</span> <span class='ocrx_word' id='word_1_324' title='bbox 2155 1896 2346 1941; x_wconf 88' lang='lat' dir='ltr'>eum:</span> <span class='ocrx_word' id='word_1_325' title='bbox 2435 1885 2504 1940; x_wconf 87' lang='lat' dir='ltr'>et</span> <span class='ocrx_word' id='word_1_326' title='bbox 2569 1876 2926 1940; x_wconf 88' lang='lat' dir='ltr'>ostendam</span> <span class='ocrx_word' id='word_1_327' title='bbox 2997 1877 3094 1939; x_wconf 88' lang='lat' dir='ltr'>illi</span> 
     </span>
     <span class='ocr_line' id='line_1_68' title="bbox 1879 1964 3096 2029; baseline 0 0"><span class='ocrx_word' id='word_1_328' title='bbox 1879 1964 2170 2029; x_wconf 88' lang='lat' dir='ltr'>salutare</span> <span class='ocrx_word' id='word_1_329' title='bbox 2199 1965 2472 2029; x_wconf 71' lang='lat' dir='ltr'>meum.¹⁵</span> <span class='ocrx_word' id='word_1_330' title='bbox 2721 1964 3096 2029; x_wconf 78' lang='lat' dir='ltr'>Psalmus.⁶</span> 
     </span>
    </p>

    <p class='ocr_par' dir='ltr' id='par_1_10' title="bbox 2029 2052 3096 2118">
     <span class='ocr_line' id='line_1_69' title="bbox 2029 2052 3096 2118; baseline 0.001 -1"><span class='ocrx_word' id='word_1_331' title='bbox 2029 2072 2232 2117; x_wconf 88' lang='lat' dir='ltr'>onum</span> <span class='ocrx_word' id='word_1_332' title='bbox 2277 2064 2382 2117; x_wconf 87' lang='lat' dir='ltr'>est</span> <span class='ocrx_word' id='word_1_333' title='bbox 2423 2052 2722 2117; x_wconf 86' lang='lat' dir='ltr'>confiteri</span> <span class='ocrx_word' id='word_1_334' title='bbox 2767 2054 3096 2118; x_wconf 89' lang='lat' dir='ltr'>domino:</span> 
     </span>
    </p>

    <p class='ocr_par' dir='ltr' id='par_1_11' title="bbox 1879 2142 3100 4157">
     <span class='ocr_line' id='line_1_70' title="bbox 2027 2142 3095 2225; baseline 0 -20"><span class='ocrx_word' id='word_1_335' title='bbox 2027 2151 2097 2207; x_wconf 92' lang='lat' dir='ltr'>et</span> <span class='ocrx_word' id='word_1_336' title='bbox 2125 2142 2408 2225; x_wconf 87' lang='lat' dir='ltr'>psallere</span> <span class='ocrx_word' id='word_1_337' title='bbox 2437 2142 2690 2205; x_wconf 90' lang='lat' dir='ltr'>nomini</span> <span class='ocrx_word' id='word_1_338' title='bbox 2735 2152 2856 2205; x_wconf 89' lang='lat' dir='ltr'>tuo</span> <span class='ocrx_word' id='word_1_339' title='bbox 2905 2143 3095 2205; x_wconf 88' lang='lat' dir='ltr'>altis-</span> 
     </span>
     <span class='ocr_line' id='line_1_71' title="bbox 1881 2230 3094 2295; baseline -0.001 0"><span class='ocrx_word' id='word_1_340' title='bbox 1881 2232 2064 2295; x_wconf 87' lang='lat' dir='ltr'>sime.</span> <span class='ocrx_word' id='word_1_341' title='bbox 2157 2230 2273 2294; x_wconf 86' lang='lat' dir='ltr'>Ad</span> <span class='ocrx_word' id='word_1_342' title='bbox 2305 2230 2850 2294; x_wconf 89' lang='lat' dir='ltr'>annunciandum</span> <span class='ocrx_word' id='word_1_343' title='bbox 2885 2250 3094 2294; x_wconf 83' lang='lat' dir='ltr'>mane</span> 
     </span>
     <span class='ocr_line' id='line_1_72' title="bbox 1883 2318 3095 2383; baseline 0 0"><span class='ocrx_word' id='word_1_344' title='bbox 1883 2318 2398 2383; x_wconf 88' lang='lat' dir='ltr'>misericordiam</span> <span class='ocrx_word' id='word_1_345' title='bbox 2431 2326 2618 2382; x_wconf 91' lang='lat' dir='ltr'>tuam</span> <span class='ocrx_word' id='word_1_346' title='bbox 2651 2339 2668 2383; x_wconf 71' lang='grc' dir='ltr'><strong>ε</strong></span> <span class='ocrx_word' id='word_1_347' title='bbox 2713 2328 2784 2382; x_wconf 91' lang='lat' dir='ltr'>et</span> <span class='ocrx_word' id='word_1_348' title='bbox 2841 2320 3095 2383; x_wconf 86' lang='lat' dir='ltr'>verita-</span> 
     </span>
     <span class='ocr_line' id='line_1_73' title="bbox 1879 2406 3092 2490; baseline 0 -19"><span class='ocrx_word' id='word_1_349' title='bbox 1879 2416 2018 2471; x_wconf 88' lang='lat' dir='ltr'>tem</span> <span class='ocrx_word' id='word_1_350' title='bbox 2037 2418 2226 2471; x_wconf 89' lang='lat' dir='ltr'>tuam</span> <span class='ocrx_word' id='word_1_351' title='bbox 2257 2428 2378 2490; x_wconf 89' lang='lat' dir='ltr'>per</span> <span class='ocrx_word' id='word_1_352' title='bbox 2393 2416 2676 2472; x_wconf 89' lang='lat' dir='ltr'>noctem.</span> <span class='ocrx_word' id='word_1_353' title='bbox 2767 2406 2854 2470; x_wconf 89' lang='lat' dir='ltr'>In</span> <span class='ocrx_word' id='word_1_354' title='bbox 2888 2407 3092 2472; x_wconf 88' lang='lat' dir='ltr'>deca-</span> 
     </span>
     <span class='ocr_line' id='line_1_74' title="bbox 1881 2496 3092 2580; baseline 0 -19"><span class='ocrx_word' id='word_1_355' title='bbox 1881 2496 2132 2562; x_wconf 88' lang='lat' dir='ltr'>chordo</span> <span class='ocrx_word' id='word_1_356' title='bbox 2177 2496 2532 2580; x_wconf 91' lang='lat' dir='ltr'>psalterio:</span> <span class='ocrx_word' id='word_1_357' title='bbox 2607 2516 2759 2560; x_wconf 90' lang='lat' dir='ltr'>cum</span> <span class='ocrx_word' id='word_1_358' title='bbox 2820 2499 3092 2561; x_wconf 87' lang='lat' dir='ltr'>cantico</span> 
     </span>
     <span class='ocr_line' id='line_1_75' title="bbox 1883 2583 3092 2668; baseline 0.002 -20"><span class='ocrx_word' id='word_1_359' title='bbox 1883 2585 1950 2649; x_wconf 82' lang='lat' dir='ltr'>in</span> <span class='ocrx_word' id='word_1_360' title='bbox 1982 2585 2280 2668; x_wconf 85' lang='lat' dir='ltr'>cythara.</span> <span class='ocrx_word' id='word_1_361' title='bbox 2373 2583 2548 2664; x_wconf 88' lang='lat' dir='ltr'>Quia</span> <span class='ocrx_word' id='word_1_362' title='bbox 2589 2585 2940 2648; x_wconf 84' lang='lat' dir='ltr'>delectasti</span> <span class='ocrx_word' id='word_1_363' title='bbox 2979 2607 3092 2650; x_wconf 89' lang='lat' dir='ltr'>me</span> 
     </span>
     <span class='ocr_line' id='line_1_76' title="bbox 1881 2672 3094 2739; baseline 0 -1"><span class='ocrx_word' id='word_1_364' title='bbox 1881 2674 2156 2738; x_wconf 89' lang='lat' dir='ltr'>domine</span> <span class='ocrx_word' id='word_1_365' title='bbox 2208 2675 2278 2738; x_wconf 89' lang='lat' dir='ltr'>in</span> <span class='ocrx_word' id='word_1_366' title='bbox 2337 2675 2595 2739; x_wconf 84' lang='lat' dir='ltr'>factura</span> <span class='ocrx_word' id='word_1_367' title='bbox 2651 2683 2802 2737; x_wconf 89' lang='lat' dir='ltr'>tua:</span> <span class='ocrx_word' id='word_1_368' title='bbox 2851 2672 2956 2737; x_wconf 83' lang='lat' dir='ltr'>et⁷</span> <span class='ocrx_word' id='word_1_369' title='bbox 3023 2676 3094 2738; x_wconf 88' lang='lat' dir='ltr'>in</span> 
     </span>
     <span class='ocr_line' id='line_1_77' title="bbox 1881 2763 3095 2846; baseline 0 -20"><span class='ocrx_word' id='word_1_370' title='bbox 1881 2763 2196 2846; x_wconf 85' lang='lat' dir='ltr'>operibus</span> <span class='ocrx_word' id='word_1_371' title='bbox 2256 2782 2576 2827; x_wconf 89' lang='lat' dir='ltr'>manuum</span> <span class='ocrx_word' id='word_1_372' title='bbox 2636 2772 2903 2826; x_wconf 88' lang='lat' dir='ltr'>tuarum</span> <span class='ocrx_word' id='word_1_373' title='bbox 2969 2784 3095 2826; x_wconf 89' lang='lat' dir='ltr'>ex-</span> 
     </span>
     <span class='ocr_line' id='line_1_78' title="bbox 1883 2850 3096 2934; baseline 0 -19"><span class='ocrx_word' id='word_1_374' title='bbox 1883 2852 2134 2917; x_wconf 88' lang='lat' dir='ltr'>ultabo.</span> <span class='ocrx_word' id='word_1_375' title='bbox 2229 2851 2448 2931; x_wconf 90' lang='lat' dir='ltr'>Quam</span> <span class='ocrx_word' id='word_1_376' title='bbox 2482 2850 2914 2934; x_wconf 83' lang='lat' dir='ltr'>magnificata</span> <span class='ocrx_word' id='word_1_377' title='bbox 2931 2862 3096 2916; x_wconf 86' lang='lat' dir='ltr'>sunt</span> 
     </span>
     <span class='ocr_line' id='line_1_79' title="bbox 1883 2940 3094 3022; baseline -0.002 -18"><span class='ocrx_word' id='word_1_378' title='bbox 1883 2960 2086 3022; x_wconf 88' lang='lat' dir='ltr'>opera</span> <span class='ocrx_word' id='word_1_379' title='bbox 2138 2948 2258 3004; x_wconf 90' lang='lat' dir='ltr'>tua</span> <span class='ocrx_word' id='word_1_380' title='bbox 2304 2940 2620 3004; x_wconf 87' lang='lat' dir='ltr'>domine:</span> <span class='ocrx_word' id='word_1_381' title='bbox 2683 2941 2884 3002; x_wconf 88' lang='lat' dir='ltr'>nimis</span> <span class='ocrx_word' id='word_1_382' title='bbox 2937 2961 3094 3022; x_wconf 89' lang='lat' dir='ltr'>pro-</span> 
     </span>
     <span class='ocr_line' id='line_1_80' title="bbox 1883 3027 3096 3110; baseline 0 -18"><span class='ocrx_word' id='word_1_383' title='bbox 1883 3028 2090 3092; x_wconf 88' lang='lat' dir='ltr'>funde</span> <span class='ocrx_word' id='word_1_384' title='bbox 2167 3027 2344 3092; x_wconf 85' lang='lat' dir='ltr'>sacte</span> <span class='ocrx_word' id='word_1_385' title='bbox 2409 3037 2568 3093; x_wconf 90' lang='lat' dir='ltr'>sunt</span> <span class='ocrx_word' id='word_1_386' title='bbox 2641 3029 3096 3110; x_wconf 84' lang='lat' dir='ltr'>cogitationes</span> 
     </span>
     <span class='ocr_line' id='line_1_81' title="bbox 1881 3113 3092 3200; baseline 0 -20"><span class='ocrx_word' id='word_1_387' title='bbox 1881 3126 2014 3182; x_wconf 88' lang='lat' dir='ltr'>tue.</span> <span class='ocrx_word' id='word_1_388' title='bbox 2121 3113 2235 3182; x_wconf 85' lang='lat' dir='ltr'>Vir</span> <span class='ocrx_word' id='word_1_389' title='bbox 2277 3117 2595 3200; x_wconf 89' lang='lat' dir='ltr'>insipiens</span> <span class='ocrx_word' id='word_1_390' title='bbox 2639 3137 2775 3179; x_wconf 91' lang='lat' dir='ltr'>non</span> <span class='ocrx_word' id='word_1_391' title='bbox 2805 3137 3092 3200; x_wconf 83' lang='lat' dir='ltr'>cognos-</span> 
     </span>
     <span class='ocr_line' id='line_1_82' title="bbox 1881 3205 3094 3287; baseline 0.001 -18"><span class='ocrx_word' id='word_1_392' title='bbox 1881 3215 1990 3269; x_wconf 90' lang='lat' dir='ltr'>cet</span> <span class='ocrx_word' id='word_1_393' title='bbox 2017 3227 2032 3270; x_wconf 87' lang='lat'>:</span> <span class='ocrx_word' id='word_1_394' title='bbox 2077 3213 2147 3269; x_wconf 89' lang='lat' dir='ltr'>et</span> <span class='ocrx_word' id='word_1_395' title='bbox 2167 3205 2411 3270; x_wconf 86' lang='lat' dir='ltr'>stultus</span> <span class='ocrx_word' id='word_1_396' title='bbox 2433 3225 2568 3268; x_wconf 91' lang='lat' dir='ltr'>non</span> <span class='ocrx_word' id='word_1_397' title='bbox 2595 3205 2926 3287; x_wconf 87' lang='lat' dir='ltr'>intelliget</span> <span class='ocrx_word' id='word_1_398' title='bbox 2945 3205 3094 3270; x_wconf 87' lang='lat' dir='ltr'>hee.</span> 
     </span>
     <span class='ocr_line' id='line_1_83' title="bbox 1887 3293 3096 3376; baseline -0.002 -17"><span class='ocrx_word' id='word_1_399' title='bbox 1887 3293 2052 3360; x_wconf 85' lang='lat' dir='ltr'>Cum</span> <span class='ocrx_word' id='word_1_400' title='bbox 2102 3295 2322 3358; x_wconf 82' lang='lat' dir='ltr'>exorti</span> <span class='ocrx_word' id='word_1_401' title='bbox 2399 3293 2642 3358; x_wconf 86' lang='lat' dir='ltr'>suerint</span> <span class='ocrx_word' id='word_1_402' title='bbox 2701 3303 3096 3376; x_wconf 89' lang='lat' dir='ltr'>peccatores</span> 
     </span>
     <span class='ocr_line' id='line_1_84' title="bbox 1883 3381 3096 3466; baseline 0 -20"><span class='ocrx_word' id='word_1_403' title='bbox 1883 3384 2056 3448; x_wconf 91' lang='lat' dir='ltr'>sicut</span> <span class='ocrx_word' id='word_1_404' title='bbox 2085 3381 2314 3446; x_wconf 86' lang='lat' dir='ltr'>senum</span> <span class='ocrx_word' id='word_1_405' title='bbox 2341 3404 2358 3446; x_wconf 75' lang='grc' dir='ltr'>ε</span> <span class='ocrx_word' id='word_1_406' title='bbox 2389 3392 2459 3447; x_wconf 92' lang='lat' dir='ltr'>et</span> <span class='ocrx_word' id='word_1_407' title='bbox 2490 3383 2926 3466; x_wconf 86' lang='lat' dir='ltr'>apparuerint</span> <span class='ocrx_word' id='word_1_408' title='bbox 2947 3403 3096 3446; x_wconf 89' lang='lat' dir='ltr'>om-</span> 
     </span>
     <span class='ocr_line' id='line_1_85' title="bbox 1883 3471 3098 3555; baseline 0.001 -20"><span class='ocrx_word' id='word_1_409' title='bbox 1883 3491 2004 3536; x_wconf 89' lang='lat' dir='ltr'>nes</span> <span class='ocrx_word' id='word_1_410' title='bbox 2063 3472 2178 3555; x_wconf 88' lang='lat' dir='ltr'>qui</span> <span class='ocrx_word' id='word_1_411' title='bbox 2236 3480 2596 3555; x_wconf 86' lang='lat' dir='ltr'>operantur</span> <span class='ocrx_word' id='word_1_412' title='bbox 2623 3471 3098 3552; x_wconf 88' lang='lat' dir='ltr'>iniquitatem:</span> 
     </span>
     <span class='ocr_line' id='line_1_86' title="bbox 1895 3558 3098 3626; baseline -0.002 -1"><span class='ocrx_word' id='word_1_413' title='bbox 1895 3561 1990 3626; x_wconf 88' lang='lat' dir='ltr'>Ut</span> <span class='ocrx_word' id='word_1_414' title='bbox 2019 3561 2350 3625; x_wconf 88' lang='lat' dir='ltr'>intereant</span> <span class='ocrx_word' id='word_1_415' title='bbox 2389 3561 2460 3623; x_wconf 87' lang='lat' dir='ltr'>in</span> <span class='ocrx_word' id='word_1_416' title='bbox 2505 3558 2804 3624; x_wconf 90' lang='lat' dir='ltr'>seculum</span> <span class='ocrx_word' id='word_1_417' title='bbox 2837 3561 3050 3624; x_wconf 88' lang='lat' dir='ltr'>seculi</span> <span class='ocrx_word' id='word_1_418' title='bbox 3082 3581 3098 3623; x_wconf 87' lang='lat'><strong>:</strong></span> 
     </span>
     <span class='ocr_line' id='line_1_87' title="bbox 1882 3647 3097 3713; baseline 0 -1"><span class='ocrx_word' id='word_1_419' title='bbox 1882 3658 1958 3713; x_wconf 89' lang='lat' dir='ltr'>tu</span> <span class='ocrx_word' id='word_1_420' title='bbox 1999 3658 2226 3713; x_wconf 87' lang='lat' dir='ltr'>autem</span> <span class='ocrx_word' id='word_1_421' title='bbox 2283 3647 2645 3712; x_wconf 87' lang='lat' dir='ltr'>altissimus</span> <span class='ocrx_word' id='word_1_422' title='bbox 2681 3647 2749 3711; x_wconf 91' lang='lat' dir='ltr'>in</span> <span class='ocrx_word' id='word_1_423' title='bbox 2781 3656 3097 3712; x_wconf 88' lang='lat' dir='ltr'>eternum</span> 
     </span>
     <span class='ocr_line' id='line_1_88' title="bbox 1881 3736 3096 3817; baseline -0.002 -15"><span class='ocrx_word' id='word_1_424' title='bbox 1881 3737 2170 3802; x_wconf 85' lang='lat' dir='ltr'>domine.</span> <span class='ocrx_word' id='word_1_425' title='bbox 2268 3736 2602 3817; x_wconf 90' lang='lat' dir='ltr'>Quoniam</span> <span class='ocrx_word' id='word_1_426' title='bbox 2631 3756 2787 3801; x_wconf 90' lang='lat' dir='ltr'>ecce</span> <span class='ocrx_word' id='word_1_427' title='bbox 2839 3737 3096 3802; x_wconf 90' lang='lat' dir='ltr'>inimici</span> 
     </span>
     <span class='ocr_line' id='line_1_89' title="bbox 1883 3826 3096 3909; baseline -0.002 -19"><span class='ocrx_word' id='word_1_428' title='bbox 1883 3827 1980 3890; x_wconf 87' lang='lat' dir='ltr'>tui</span> <span class='ocrx_word' id='word_1_429' title='bbox 2011 3826 2285 3891; x_wconf 89' lang='lat' dir='ltr'>domine</span> <span class='ocrx_word' id='word_1_430' title='bbox 2313 3827 2634 3909; x_wconf 88' lang='lat' dir='ltr'>quoniam</span> <span class='ocrx_word' id='word_1_431' title='bbox 2666 3845 2821 3889; x_wconf 90' lang='lat' dir='ltr'>ecce</span> <span class='ocrx_word' id='word_1_432' title='bbox 2871 3826 3096 3889; x_wconf 89' lang='lat' dir='ltr'>inimi-</span> 
     </span>
     <span class='ocr_line' id='line_1_90' title="bbox 1881 3913 3100 3998; baseline 0 -20"><span class='ocrx_word' id='word_1_433' title='bbox 1881 3916 1942 3978; x_wconf 89' lang='lat' dir='ltr'>ci</span> <span class='ocrx_word' id='word_1_434' title='bbox 1973 3916 2071 3978; x_wconf 89' lang='lat' dir='ltr'>tui</span> <span class='ocrx_word' id='word_1_435' title='bbox 2113 3913 2422 3998; x_wconf 90' lang='lat' dir='ltr'>peribunt</span> <span class='ocrx_word' id='word_1_436' title='bbox 2451 3935 2466 3978; x_wconf 90' lang='lat'>:</span> <span class='ocrx_word' id='word_1_437' title='bbox 2497 3923 2567 3979; x_wconf 91' lang='lat' dir='ltr'>et</span> <span class='ocrx_word' id='word_1_438' title='bbox 2624 3913 3100 3996; x_wconf 87' lang='lat' dir='ltr'>dispergentur</span> 
     </span>
     <span class='ocr_line' id='line_1_91' title="bbox 1884 4003 3094 4086; baseline -0.001 -19"><span class='ocrx_word' id='word_1_439' title='bbox 1884 4023 2118 4067; x_wconf 90' lang='lat' dir='ltr'>omnes</span> <span class='ocrx_word' id='word_1_440' title='bbox 2135 4005 2252 4086; x_wconf 90' lang='lat' dir='ltr'>qui</span> <span class='ocrx_word' id='word_1_441' title='bbox 2275 4012 2633 4086; x_wconf 88' lang='lat' dir='ltr'>operantur</span> <span class='ocrx_word' id='word_1_442' title='bbox 2645 4003 3094 4086; x_wconf 87' lang='lat' dir='ltr'>iniquitatem.</span> 
     </span>
     <span class='ocr_line' id='line_1_92' title="bbox 1883 4091 3093 4157; baseline 0 -1"><span class='ocrx_word' id='word_1_443' title='bbox 1883 4093 1984 4157; x_wconf 89' lang='lat' dir='ltr'>Et</span> <span class='ocrx_word' id='word_1_444' title='bbox 2043 4092 2451 4156; x_wconf 89' lang='lat' dir='ltr'>exaltabitur</span> <span class='ocrx_word' id='word_1_445' title='bbox 2503 4091 2673 4154; x_wconf 90' lang='lat' dir='ltr'>sicut</span> <span class='ocrx_word' id='word_1_446' title='bbox 2748 4093 3093 4156; x_wconf 87' lang='lat' dir='ltr'>unicornis</span> 
     </span>
    </p>

    <p class='ocr_par' dir='ltr' id='par_1_12' title="bbox 1986 4214 2690 4332">
     <span class='ocr_line' id='line_1_93' title="bbox 1986 4214 2690 4332; baseline 0.001 -1"><span class='ocrx_word' id='word_1_447' title='bbox 1986 4215 2565 4332; x_wconf 46' lang='grc' dir='ltr'>Ῐξὲεφιὲὶξὲοκὲἶ</span> <span class='ocrx_word' id='word_1_448' title='bbox 2583 4233 2600 4264; x_wconf 62' lang='lat'><em>³</em></span> <span class='ocrx_word' id='word_1_449' title='bbox 2635 4214 2690 4264; x_wconf 50' lang='grc' dir='ltr'>δ’</span> 
     </span>
    </p>
   </div>
   <div class='ocr_carea' id='block_1_9' title="bbox 1983 4349 3093 4413">
    <p class='ocr_par' dir='ltr' id='par_1_13' title="bbox 1983 4349 3093 4413">
     <span class='ocr_line' id='line_1_94' title="bbox 1983 4349 3093 4413; baseline 0.001 -16"><span class='ocrx_word' id='word_1_450' title='bbox 1983 4351 2006 4381; x_wconf 83' lang='lat'>⁸</span> <span class='ocrx_word' id='word_1_451' title='bbox 2042 4349 2191 4398; x_wconf 81' lang='lat' dir='ltr'>‘Non</span> <span class='ocrx_word' id='word_1_452' title='bbox 2226 4349 2418 4398; x_wconf 60' lang='lat' dir='ltr'>da&#39;ctltur</span> <span class='ocrx_word' id='word_1_453' title='bbox 2447 4349 2520 4396; x_wconf 85' lang='lat' dir='ltr'>ad</span> <span class='ocrx_word' id='word_1_454' title='bbox 2547 4353 2850 4397; x_wconf 72' lang='lat' dir='ltr'>noctrcrnum</span> <span class='ocrx_word' id='word_1_455' title='bbox 2895 4349 2990 4399; x_wconf 71' lang='lat' dir='ltr'>iste</span> <span class='ocrx_word' id='word_1_456' title='bbox 3013 4353 3093 4413; x_wconf 82' lang='lat' dir='ltr'>ps.</span> 
     </span>
    </p>
   </div>
   <div class='ocr_carea' id='block_1_10' title="bbox 1882 4413 3101 4532">
    <p class='ocr_par' dir='ltr' id='par_1_14' title="bbox 1882 4413 3101 4532">
     <span class='ocr_line' id='line_1_95' title="bbox 1882 4413 3101 4481; baseline 0.001 -17"><span class='ocrx_word' id='word_1_457' title='bbox 1882 4427 1965 4478; x_wconf 89' lang='lat'>91.</span> <span class='ocrx_word' id='word_1_458' title='bbox 2039 4415 2234 4464; x_wconf 86' lang='lat' dir='ltr'>Bonum</span> <span class='ocrx_word' id='word_1_459' title='bbox 2271 4423 2348 4464; x_wconf 70' lang='lat' dir='ltr'>est</span> <span class='ocrx_word' id='word_1_460' title='bbox 2383 4413 2610 4464; x_wconf 85' lang='lat' dir='ltr'>confiteri</span> <span class='ocrx_word' id='word_1_461' title='bbox 2645 4414 2856 4464; x_wconf 85' lang='lat' dir='ltr'>domino</span> <span class='ocrx_word' id='word_1_462' title='bbox 2891 4425 2942 4466; x_wconf 82' lang='lat' dir='ltr'>et</span> <span class='ocrx_word' id='word_1_463' title='bbox 2967 4415 3101 4481; x_wconf 76' lang='grc' dir='ltr'><strong>ρεει·</strong></span> 
     </span>
     <span class='ocr_line' id='line_1_96' title="bbox 1887 4481 2350 4532; baseline -0.002 -1"><span class='ocrx_word' id='word_1_464' title='bbox 1887 4481 2021 4532; x_wconf 89' lang='lat' dir='ltr'>lere’</span> <span class='ocrx_word' id='word_1_465' title='bbox 2045 4481 2174 4531; x_wconf 77' lang='lat' dir='ltr'>add:</span> <span class='ocrx_word' id='word_1_466' title='bbox 2209 4481 2278 4530; x_wconf 80' lang='lat' dir='ltr'>E.</span> <span class='ocrx_word' id='word_1_467' title='bbox 2293 4481 2350 4530; x_wconf 92' lang='grc'>6.</span> 
     </span>
    </p>
   </div>
   <div class='ocr_carea' id='block_1_11' title="bbox 1977 4547 2432 4664">
    <p class='ocr_par' dir='ltr' id='par_1_15' title="bbox 1977 4547 2432 4664">
     <span class='ocr_line' id='line_1_97' title="bbox 1977 4547 2432 4664; baseline -0.002 0"><span class='ocrx_word' id='word_1_468' title='bbox 1977 4549 2272 4664; x_wconf 53' lang='lat' dir='ltr'>:eitx‘gm.</span> <span class='ocrx_word' id='word_1_469' title='bbox 2297 4547 2432 4664; x_wconf 77' lang='lat' dir='ltr'>SW.</span> 
     </span>
    </p>
   </div>
  </div>
 </body>
</html>
