3375 5100
1199 346 1325 401 AD
1368 346 1500 402 MA
1514 345 1904 404 TUTINAS.

849 454 1008 511 889

310 558 481 625 sicut
524 560 944 627 vulneratum
994 561 1396 646 superbum:
1442 562 1512 627 in

310 650 582 714 brachio
636 652 897 715 virtutis
974 662 1089 715 tue
1140 652 1507 735 dispersisti

311 738 614 802 inimicos
646 748 813 804 tuos,
916 740 1039 804 Tui
1085 750 1241 805 sunt
1284 741 1409 804 celi
1441 749 1510 804 et

308 836 429 891 tua
486 836 591 892 est
648 837 859 893 terra:
922 830 1151 893 orbem
1214 838 1383 893 terre
1444 837 1514 893 et

313 915 799 998 plenitudinem
844 918 989 1000 ejus
1049 926 1123 982 tu
1172 917 1511 982 fundasti:

314 1004 699 1086 aquilonem
761 1014 829 1069 et
904 1026 1085 1070 mare
1126 1015 1203 1071 tu
1254 1008 1505 1070 creasti.

323 1092 600 1157 Thabor
655 1105 725 1158 et
772 1094 1049 1159 hermon
1110 1096 1176 1158 in
1238 1096 1509 1159 nomine

313 1190 434 1246 tuo
462 1182 909 1248 exultabunt:
957 1193 1146 1248 tuum
1165 1184 1509 1247 brachium

310 1289 463 1333 cum
497 1272 811 1352 potentia.
900 1272 970 1336 F
972 1274 1246 1336 irmetur
1275 1292 1511 1337 manus

312 1366 431 1421 tua
489 1368 560 1422 et
631 1361 970 1425 exaltetur
1020 1362 1301 1425 dextera
1360 1370 1511 1425 tua:

306 1447 571 1529 justitia
633 1458 703 1513 et
753 1449 1080 1531 judicium
1133 1450 1513 1533 preparatio

306 1536 487 1599 sedis
517 1545 647 1601 tue.
738 1536 1205 1603 Misericordia
1248 1546 1317 1601 et
1346 1539 1513 1602 veri·

310 1634 419 1688 tas
493 1626 853 1708 precedent
941 1626 1179 1691 faciem
1285 1636 1511 1691 tuam:

310 1714 551 1777 beatus
610 1714 897 1797 populus
942 1716 1055 1797 qui
1102 1718 1227 1780 scit
1266 1715 1511 1797 jubila-

314 1802 584 1865 tionem.
673 1803 971 1867 Domine
1002 1807 1069 1868 in
1088 1804 1341 1868 lumine
1370 1803 1515 1867 vul-

314 1900 423 1953 tus
454 1891 551 1954 tui
584 1891 1063 1957 ambulabunt:
1108 1903 1177 1957 et
1207 1895 1273 1956 in
1300 1893 1514 1956 nomi·

314 1999 399 2043 ne
430 1988 549 2042 tuo
579 1980 981 2045 exultabunt
1012 1990 1158 2046 tota
1188 1981 1299 2045 die
1329 1990 1398 2044 et
1444 1982 1513 2045 in

304 2068 568 2151 justitia
598 2076 714 2132 tua
745 2069 1239 2134 exaltabuntur.
1336 2070 1513 2149 Quo-

312 2158 495 2220 niam
527 2156 739 2239 gloria
760 2160 1021 2222 virtutis
1041 2179 1269 2223 eorum
1289 2167 1363 2222 tu
1396 2179 1470 2222 es
1498 2179 1513 2223 ε

312 2255 385 2309 et
415 2246 482 2307 in
515 2246 939 2329 beneplacito
958 2258 1075 2311 tuo
1106 2247 1517 2311 exaltabitur

310 2354 517 2399 cornu
573 2345 891 2399 nostrum.
1016 2336 1187 2416 Quia
1260 2336 1515 2399 domini

312 2432 417 2486 est
466 2425 875 2506 assumptio¹
910 2436 1170 2489 nostra:
1216 2434 1283 2489 et
1328 2444 1519 2489 sanc-

310 2512 365 2576 ti
390 2511 583 2576 israel
630 2514 803 2596 regis
862 2515 1087 2579 nostri.
1190 2514 1373 2578 Tunc
1420 2513 1519 2578 lo·

314 2610 509 2664 cutus
540 2623 611 2665 es
644 2602 709 2664 in
739 2602 993 2667 visione
1018 2605 1263 2668 sanctis
1294 2604 1426 2666 tuis
1450 2611 1521 2666 et

312 2691 585 2754 dixisti:
632 2691 821 2772 posui
870 2691 1267 2772 adjutorium
1302 2693 1369 2755 in
1400 2712 1520 2775 po-

316 2785 549 2843 tente:
614 2789 683 2842 et
734 2779 1031 2844 exaltavi
1082 2781 1371 2844 electum
1432 2781 1519 2844 de

316 2865 515 2950 plebe
568 2887 736 2932 mea.
823 2868 1063 2933 Inveni
1123 2869 1323 2934 david
1386 2889 1518 2932 ser—

313 2975 475 3020 vum
537 2976 803 3022 meum:
880 2957 1029 3021 oleo
1088 2966 1323 3022 sancto
1368 2978 1521 3021 meo

318 3043 486 3107 unxi
549 3064 723 3109 eum.
840 3045 1097 3110 Manus
1142 3048 1321 3110 enim
1371 3066 1520 3110 mea

318 3132 751 3198 auxiliabitur
817 3135 909 3198 ei:
1016 3144 1087 3198 et
1174 3135 1517 3199 brachium

320 3241 545 3284 meum
600 3222 1019 3286 confirmabit
1065 3242 1234 3288 eum.
1326 3223 1519 3286 Nihil

300 3310 625 3392 ‚proficiet
674 3311 976 3375 inimicus
1024 3312 1093 3376 in
1125 3333 1207 3376 eo
1248 3321 1316 3376 et
1347 3312 1521 3375 filius

320 3399 689 3482 iniquitatis
748 3419 883 3463 non
942 3410 1239 3483 apponet
1287 3421 1523 3464 nocere

324 3488 433 3552 ei.²
520 3487 621 3551 Et
651 3489 998 3552 concidam
1032 3509 1073 3552 a
1119 3489 1285 3553 facie
1319 3489 1524 3572 ipsius

324 3576 631 3640 inimicos
654 3577 797 3659 ejus
821 3599 836 3641 :
873 3587 940 3642 et
959 3579 1263 3642 odientes
1284 3599 1437 3642 eum
1460 3579 1526 3640 in

322 3665 553 3747 sugam
573 3675 970 3730 convertam.
1004 3666 1105 3731 Et
1122 3667 1367 3731 veritas
1380 3687 1531 3730 mea

321 3762 393 3817 et
418 3754 865 3818 misericordia
884 3775 1033 3818 mea
1052 3775 1203 3820 cum
1229 3757 1375 3838 ipso
1402 3777 1417 3819 :
1464 3764 1533 3819 et

325 3841 394 3904 in
408 3843 679 3906 nomine
704 3863 856 3907 meo
887 3843 1298 3909 exaltabitur
1328 3863 1531 3908 comu

322 3929 485 4011 ejus,
574 3931 675 3995 Et
697 3952 947 4014 ponam
972 3934 1039 3996 in
1064 3934 1227 3996 mari
1260 3953 1533 3996 manum

324 4019 501 4101 ejus:
548 4029 617 4084 et
659 4021 727 4083 in
757 4020 1143 4085 fluminibus
1181 4021 1533 4085 dexteram

326 4107 489 4190 ejus,
589 4108 751 4192 Ipse
794 4109 1126 4174 invocavit
1190 4131 1297 4173 me
1346 4121 1539 4192 pater

326 4217 517 4260 meus
534 4217 607 4260 es
627 4209 737 4262 tu:
769 4199 933 4262 deus
966 4219 1151 4263 meus
1184 4208 1250 4262 et
1270 4219 1537 4281 suscep-

330 4297 441 4348 tor
470 4286 701 4350 salutis
736 4307 897 4362 mee.
992 4287 1085 4354 Et
1131 4308 1258 4370 ego
1289 4289 1537 4370 primo-

328 4374 630 4456 genitum
656 4396 903 4458 ponam
936 4377 1123 4440 illum
1150 4398 1165 4442 :
1198 4377 1539 4442 excelsum

436 4511 449 4541 ¹
486 4513 765 4576 assumptio
786 4521 859 4562 est
888 4531 899 4562 ε
934 4513 1018 4564 W.

436 4579 453 4608 ⁴
486 4577 769 4630 Avertisti:
804 4580 937 4630 E.G.
948 4579 999 4632 S.

1300 4513 1323 4544 ²
1354 4528 1504 4562 eum:
1538 4512 1685 4562 w.S.

1304 4583 1325 4611 ⁵
1359 4579 1639 4630 ‘in’add:
1676 4579 1728 4628 S.

2126 456 2287 513 840

1612 584 1732 647 pre
1769 562 2034 647 regibus
2076 572 2264 628 terre.
2353 564 2460 633 In
2507 572 2811 629 eternum

1612 652 1892 717 servabo
1910 652 2002 716 illi
2025 653 2542 717 misericordiam
2559 674 2776 717 meam
2795 674 2812 717 ε

1610 750 1681 805 et
1701 750 2176 807 testamentum
2199 762 2420 805 meum
2447 741 2638 805 fidele
2663 742 2810 825 ipsi.

1611 830 1714 894 Et
1734 850 1984 913 ponam
2016 830 2084 893 in
2113 830 2412 893 seculum
2457 831 2661 895 seculi
2709 850 2810 893 se-

1612 938 1767 982 men
1791 918 1974 1001 ejus:
2019 927 2087 982 et
2116 918 2430 983 thronum
2475 918 2619 1001 ejus
2641 920 2814 983 sicut

1609 1007 1754 1070 dies
1799 1005 1938 1071 celi.
2033 1008 2111 1073 Si
2163 1016 2386 1071 autem
2440 1008 2810 1090 derelique-

1610 1096 1743 1159 rint
1795 1094 1912 1159 filii
1973 1096 2118 1177 ejus
2165 1096 2383 1179 legem
2437 1116 2698 1161 meam:
2743 1104 2814 1160 et

1611 1184 1679 1247 in
1717 1184 1986 1266 judiciis
2014 1184 2192 1253 ,meis
2242 1206 2376 1249 non
2427 1183 2811 1249 ambulave-

1612 1271 1758 1336 rint.
1853 1272 1930 1337 Si
1971 1273 2264 1355 justitias
2310 1292 2494 1337 meas
2523 1272 2813 1355 propha-

1611 1362 1958 1426 naverint:
2003 1373 2074 1426 et
2120 1362 2440 1426 mandata
2471 1382 2622 1425 mea
2675 1381 2810 1425 non

1612 1449 2060 1515 custodierint.
2213 1448 2512 1515 Visitabo
2603 1470 2757 1514 eum
2788 1450 2814 1489 ³

1611 1541 1798 1621 virga
1860 1540 2244 1622 iniquitates
2303 1560 2572 1603 eorum:
2629 1548 2699 1602 et
2745 1539 2812 1601 in

1611 1627 1994 1691 verberibus
2027 1636 2302 1710 peccata
2331 1647 2579 1692 eorum.
2669 1627 2765 1690 M
2764 1628 2817 1690 i-

1612 1716 2038 1780 sericordiam
2091 1725 2318 1780 autem
2381 1736 2600 1780 meam
2673 1734 2810 1779 non

1612 1804 1993 1886 dispergam
2025 1804 2113 1868 ab
2143 1826 2262 1868 eo:
2309 1824 2528 1887 neque
2557 1805 2815 1868 nocebo

1612 1894 1682 1955 in
1706 1894 1984 1956 veritate
2009 1912 2174 1957 mea.
2264 1893 2510 1976 Neque
2529 1893 2816 1975 propha-

1616 1981 1797 2044 nabo
1872 1989 2352 2045 testamentum
2428 2001 2693 2045 meum:
2739 1988 2813 2045 et

1614 2088 1747 2153 que
1799 2069 2168 2151 procedunt
2228 2069 2315 2133 de
2374 2069 2567 2132 labiis
2645 2070 2812 2133 meis

1616 2178 1753 2221 non
1783 2157 2024 2222 faciam
2071 2157 2268 2223 irrita.
2361 2158 2591 2223 Semel
2631 2158 2813 2240 jura-

1614 2248 1679 2311 vi
1713 2248 1780 2309 in
1827 2257 2059 2311 sancto
2108 2266 2262 2310 meo
2291 2247 2346 2309 si
2392 2246 2594 2310 david
2627 2266 2814 2309 men-

1615 2336 1746 2398 tiar
1817 2355 2046 2399 semen
2113 2334 2258 2415 ejus
2364 2335 2430 2398 in
2511 2344 2815 2399 eternum

1618 2425 1932 2487 manebit.
2021 2424 2120 2487 Et
2178 2423 2456 2487 thronus
2475 2424 2618 2504 ejus
2647 2424 2817 2487 sicut

1618 2514 1720 2576 sol
1771 2514 1838 2576 in
1883 2521 2244 2596 conspectu
2293 2532 2482 2577 meo:
2529 2522 2597 2576 et
2646 2514 2817 2577 sicut

1622 2603 1780 2666 luna
1839 2603 2136 2684 perfecta
2195 2603 2262 2665 in
2325 2612 2670 2666 eternum:
2745 2609 2814 2664 et

1619 2691 1812 2754 testis
1862 2690 1928 2754 in
1985 2689 2128 2754 celo
2178 2689 2407 2754 fidelis.
2511 2691 2608 2754 Tu
2660 2709 2820 2753 vero

1618 2778 1916 2861 repulisti
1963 2790 2032 2843 et
2055 2778 2422 2860 despexisti
2459 2799 2473 2842 ε
2505 2777 2820 2842 distulisti

1618 2868 1936 2932 christum
1969 2879 2178 2932 tuum.
2223 2868 2548 2932 Evertisti
2567 2869 2592 2905 ⁴
2615 2877 2822 2932 testa-

1620 2965 1924 3021 mentum
1985 2958 2155 3020 servi
2204 2957 2335 3021 tui:
2383 2957 2814 3039 prophanasti

1622 3046 1687 3108 in
1736 3055 1912 3109 terra
1947 3047 2396 3108 sanctuarium
2428 3044 2585 3125 ejus,
2675 3045 2818 3109 De-

1618 3134 1923 3197 struxisti
1953 3154 2187 3197 omnes
2199 3155 2390 3216 sepes
2405 3135 2463 3215 ej
2475 3155 2549 3196 us
2573 3153 2590 3197 :
2622 3153 2820 3216 posu-

1620 3224 1730 3285 isti
1763 3221 2254 3285 firmamentum
2287 3223 2431 3304 ejus
2453 3223 2478 3259 ³
2525 3222 2818 3285 formidi—

1622 3331 1794 3375 nem.
1887 3310 2322 3392 Diripuerunt
2383 3330 2534 3374 eum
2589 3329 2822 3372 omnes

1624 3407 2046 3465 transeuntes
2119 3400 2340 3462 viam:
2431 3398 2645 3462 sactus
2721 3407 2822 3461 est

1625 3487 2056 3572 opprobrium
2086 3488 2318 3550 vicinis
2363 3487 2515 3550 suiS.
2606 3487 2824 3550 Exal-

1626 3578 1784 3642 tasti
1845 3576 2196 3639 dexteram
2251 3573 2828 3666 deprementium⁶

1630 3686 1825 3730 eum:
1870 3663 2202 3728 letificasti
2263 3685 2496 3728 omnes
2526 3664 2828 3726 inimicos

1632 3754 1792 3837 ejuS.
1971 3753 2300 3816 Avertisti
2420 3751 2826 3833 adjutorium

1632 3842 1840 3927 gladii
1871 3840 2054 3922 ejus:
2100 3851 2170 3905 et
2201 3861 2334 3904 non
2362 3860 2436 3904 es
2467 3841 2828 3904 auxiliatus

1634 3933 1698 3996 ei
1729 3933 1796 3995 in
1830 3929 2022 3994 bello.
2113 3929 2529 3994 Destruxisti
2563 3949 2714 3992 eum
2745 3931 2831 3992 ab

1634 4019 2140 4084 emundatione:
2186 4027 2256 4082 et
2313 4017 2542 4082 sedem
2576 4017 2718 4099 ejus
2765 4019 2833 4081 in

1636 4119 1812 4173 terra
1857 4107 2170 4170 collisisti.
2280 4107 2642 4170 Minorasti
2692 4106 2834 4170 dies

1636 4197 1958 4280 temporis
2016 4195 2198 4277 ejus:
2275 4196 2619 4278 perfudisti
2683 4215 2836 4259 eum

1638 4285 2042 4350 confusione.
2146 4285 2510 4368 Usquequo
2569 4285 2841 4348 domine

1640 4375 1886 4440 avertis
1967 4375 2034 4437 in
2109 4372 2354 4438 finem:
2448 4375 2841 4437 exardescet

1959 4511 1980 4539 ⁸
2011 4525 2108 4576 pro
2135 4509 2308 4558 ‘eum’
2333 4509 2419 4559 in:
2447 4509 2735 4560 E.G.W.s.

1967 4579 1990 4608 ⁹
2021 4576 2436 4641 deprimentium:
2473 4580 2522 4628 S.
