3375 5100
858 357 1185 414 DOMINI
1184 357 1282 412 CA
1338 357 1603 412 PRIMA
1664 357 2006 428 QUADRA
2017 357 2358 414 GESIME.

908 467 1067 523 269

359 591 536 653 terat
568 605 687 652 eos
721 605 960 670 capere
990 595 1166 651 terra
1197 594 1272 651 ut
1300 584 1562 652 habita-

361 685 511 740 rent
562 675 777 740 simul.
870 676 1036 739 Erat
1098 675 1347 758 quippe
1406 674 1560 738 sub·

360 764 609 830 stantia
640 783 869 828 eorum
904 763 1115 828 multa
1146 773 1215 827 et
1248 784 1382 827 non
1414 763 1561 846 qui-

360 853 526 918 bant
555 852 858 917 habitare
889 853 1345 917 communiter.
1414 853 1561 918 Un-

358 941 446 1005 de
476 952 545 1005 et
575 941 755 1006 facta
774 948 878 1004 est
896 940 1045 1004 rixa
1070 941 1241 1005 inter
1258 949 1559 1024 pastores

361 1049 639 1113 gregum
673 1031 903 1093 abram
938 1037 1004 1093 et
1036 1028 1197 1094 loth.
1291 1029 1395 1092 Eo
1446 1049 1562 1092 au-

363 1129 501 1182 tem
534 1128 838 1201 tempore
882 1116 1263 1181 chananeus
1294 1125 1365 1181 et
1394 1117 1558 1200 phe-

363 1227 585 1270 reseus
639 1205 1035 1270 habitabant
1087 1206 1157 1268 in
1201 1214 1377 1269 terra
1428 1205 1559 1270 illa.

361 1296 648 1427 Dixit
678 1314 838 1377 ergo
869 1295 1133 1359 Abram
1226 1291 1471 1380 [Lectio
1489 1294 1557 1376 ij.

520 1384 606 1447 ad
640 1382 823 1447 loth:
869 1383 977 1447 Ne
1009 1403 1215 1465 queso
1238 1383 1325 1446 sit
1349 1382 1559 1466 jurgi-

364 1491 478 1536 um
512 1471 686 1536 inter
716 1491 823 1534 me
855 1479 925 1535 et
954 1479 1062 1536 te:
1109 1479 1176 1534 et
1210 1471 1383 1534 inter
1412 1491 1560 1553 pas·

364 1569 543 1642 tores
621 1579 804 1623 meos
884 1567 955 1624 et
1014 1568 1313 1643 pastores
1390 1568 1557 1624 tuos,

367 1649 633 1713 Fratres
666 1648 843 1711 enirn
875 1668 1121 1712 sumus,
1214 1648 1393 1712 Ecce
1416 1647 1562 1711 uni-

364 1757 555 1800 versa
585 1746 761 1801 terra
784 1755 1006 1800 coram
1039 1743 1109 1800 te
1137 1744 1279 1800 est:
1328 1737 1563 1801 recede

364 1845 405 1888 a
438 1845 548 1888 me
578 1825 867 1888 obsecr0.
963 1823 1036 1890 Si
1090 1825 1176 1888 ad
1228 1825 1562 1889 sinistram

368 1914 561 1977 ieris:
608 1932 736 1995 ego
794 1914 1103 1977 dextram
1146 1912 1409 1977 tenebo.
1488 1912 1562 1978 Si

366 2009 441 2066 tu
466 2003 484 2039 ¹
536 2002 888 2065 dexteram
938 1999 1253 2085 elegeris:
1300 2021 1427 2083 ego
1476 2001 1562 2066 ad

368 2091 703 2153 sinistram
736 2109 1031 2172 pergam.
1218 2088 1435 2153 Lectio
1465 2088 1566 2172 iij.

367 2178 753 2312 Elevatis
815 2179 1041 2261 itaque
1092 2175 1237 2242 loth
1309 2175 1565 2243 oculis:

519 2267 687 2331 vidit
718 2285 986 2330 omnem
1021 2267 1195 2331 circa
1226 2266 1564 2349 regionem

366 2354 665 2437 jordanis
697 2375 829 2437 que
850 2356 1155 2419 universa
1174 2355 1570 2437 irrigabatur

373 2452 733 2525 antequam
794 2443 1205 2508 subverteret
1258 2443 1567 2506 dominus

372 2533 723 2597 sodomam
800 2539 867 2597 et
942 2552 1322 2615 gomorram
1397 2531 1567 2597 sicut

374 2621 719 2704 paradisus
750 2619 1003 2685 domini
1034 2642 1047 2685 :
1080 2630 1149 2685 et
1172 2622 1341 2685 sicut
1361 2640 1569 2703 egyp-

374 2710 517 2773 tiis²
546 2708 963 2775 venientibus
982 2710 1049 2773 in
1084 2709 1311 2793 Segor.
1346 2708 1571 2789 Elegit

375 2798 502 2862 sibi
548 2797 693 2863 loth
747 2798 1084 2880 regionem
1130 2799 1303 2862 circa
1345 2797 1571 2880 jorda-

376 2906 530 2951 nem
559 2906 575 2951 :
630 2894 701 2951 et
775 2888 1043 2951 recessit
1116 2887 1205 2951 ab
1276 2886 1570 2951 oriente:

377 2974 705 3057 divisique
736 2984 891 3039 sunt
945 2975 1335 3039 alterutrum
1368 2995 1409 3039 a
1444 2973 1571 3038 fra-

378 3072 479 3128 tre
510 3083 647 3128 suo,
736 3065 821 3128 In
851 3063 1179 3147 evangelio
1205 3070 1313 3127 aii.
1363 3062 1573 3127 Cum⁸

378 3172 526 3216 sero
556 3160 731 3216 esset
766 3151 1019 3216 factum
1069 3160 1211 3215 erat
1262 3152 1452 3215 navis
1505 3152 1572 3213 in

381 3241 602 3305 medio
655 3240 865 3305 mari:
912 3249 982 3304 et
1032 3240 1228 3323 Jesus
1275 3239 1455 3303 solus
1505 3240 1573 3303 in

378 3337 591 3394 terra:
621 3338 691 3393 et
709 3329 942 3392 videns
964 3348 1079 3393 eos
1103 3328 1482 3392 laborantes
1506 3328 1574 3390 in

381 3418 799 3500 remigando:
820 3418 1573 3481 eratenimventuscon-

378 3506 619 3570 trarius
638 3506 748 3569 eis,
791 3514 890 3587 pff.
954 3505 1374 3569 Benedictus,
1426 3504 1573 3569 070.

392 3592 953 3730 observationis
982 3593 1180 3676 hujus
1204 3592 1438 3676 jejunii
1458 3612 1575 3657 an·

518 3703 651 3747 nua
670 3681 1051 3747 celebritate
1071 3683 1385 3746 letantes:
1416 3702 1579 3764 que·-

380 3791 612 3835 sumus
656 3770 970 3835 domine:
1030 3779 1105 3834 ut
1150 3770 1577 3853 quadragesi-

382 3860 671 3923 malibus
724 3859 1097 3923 actionibus
1158 3859 1575 3923 inherentes:

381 3948 595 4030 plenis
614 3948 757 4031 ejus
782 3948 1127 4013 effectibus
1145 3948 1575 4029 gaudeamus,

383 4036 508 4099 Per
581 4036 949 4101 dominum.
1039 4037 1169 4100 Ad
1234 4036 1430 4099 horas
1503 4044 1579 4097 ut

379 4136 595 4207 supra.
691 4124 779 4189 Si
806 4124 878 4188 in
912 4125 1033 4188 isto
1060 4124 1323 4189 sabbato
1360 4124 1446 4188 xl.
1478 4122 1586 4187 vel

382 4213 451 4275 in
482 4214 641 4278 aliis
690 4214 981 4277 sabbatis
1028 4234 1225 4295 usque
1253 4212 1353 4275 ad
1371 4212 1581 4276 domi-

380 4302 592 4367 nicam
640 4302 711 4367 in
760 4302 970 4365 ramis·
1011 4302 1396 4385 palmarum
1436 4300 1577 4383 ses-

436 4488 449 4519 ‘
492 4488 607 4538 ‘tu'
632 4502 761 4538 om.:
798 4484 1023 4536 E.G.w.

680 4556 699 4585 ⁴
734 4553 969 4618 parcius:
1004 4553 1067 4603 E.

1324 4486 1344 4517 ¹
1380 4484 1609 4551 Egyptus
1632 4502 1647 4537 ι

2158 469 2311 523 270

1662 595 1803 650 tum
1822 586 2054 670 duplex
2070 577 2386 652 evenerit:
2411 597 2659 670 vespere
2674 575 2870 652 erunt

1661 676 1743 739 de
1753 677 1968 758 festo:
1997 685 2060 739 et
2078 676 2390 740 memoria
2419 676 2500 739 de
2516 675 2859 741 dominica.

1665 763 1758 829 Si
1797 785 1945 828 vero
1984 757 2236 844 festu'm
2279 764 2366 828 ix.
2417 764 2756 828 lectionum
2788 764 2860 828 in

1661 853 1791 916 tali
1858 852 2120 916 sabbato
2192 853 2530 918 evenerit:
2619 866 2870 937 vespere

1660 949 1856 1004 erunt
1899 940 1980 1003 de
2024 940 2397 1004 domini:ca
2439 951 2504 1004 et
2553 942 2866 1005 memoria

1666 1028 1747 1092 de
1765 1038 2000 1093 sancto.
2079 1029 2168 1093 Si
2193 1039 2408 1092 autem
2440 1030 2510 1092 in
2541 1030 2865 1094 dominica

1646 1117 1880 1200 prima
1904 1116 1998 1182 xl.
2045 1117 2154 1181 vel
2195 1118 2266 1181 in
2314 1117 2474 1181 aliis
2518 1117 2866 1182 dominicis

1661 1225 1862 1288 usque
1915 1204 2016 1269 ad
2065 1205 2458 1270 dominicam
2523 1206 2596 1270 in
2652 1207 2865 1270 ramis

1648 1295 2038 1376 palmarum
2084 1293 2340 1376 festum
2395 1295 2472 1358 ix
2527 1295 2867 1359 lectionum

1659 1384 1980 1447 evenerit:
2009 1382 2154 1446 sive
2175 1382 2269 1446 sit
2296 1383 2533 1466 duplex
2547 1383 2688 1448 sive
2708 1385 2870 1447 sim-

1648 1470 1810 1553 plex
1832 1470 2197 1553 differatur.
2275 1471 2419 1536 Sed
2435 1472 2502 1534 si
2525 1471 2620 1536 sit
2639 1471 2872 1555 duplex

1660 1559 1743 1623 de
1755 1581 1824 1622 eo
1838 1559 2149 1623 dieantur
2162 1571 2409 1643 vespere
2425 1560 2496 1623 in
2513 1559 2868 1625 dominica:

1661 1656 1726 1712 et
1733 1649 1875 1732 fiat
1900 1649 2217 1712 memoria
2245 1649 2328 1712 de
2351 1648 2694 1714 dominica.
2776 1647 2866 1713 Si

1664 1757 1814 1800 vero
1855 1737 2130 1818 simplex
2169 1736 2527 1819 incipiatur
2549 1737 2629 1800 de
2652 1746 2871 1801 sancto

1663 1824 1764 1888 ad
1813 1825 2216 1907 capitulum:
2271 1835 2335 1889 et
2359 1826 2502 1908 fiat
2557 1825 2869 1889 memoria

1662 1913 1746 1977 de
1799 1913 2142 1978 dominica.
2232 1914 2397 1976 Item
2467 1913 2536 1977 in
2587 1914 2673 1978 xl.
2730 1915 2873 1997 fiat

1665 2011 1928 2066 tantum
1971 2001 2283 2064 memoria
2326 2002 2408 2064 de
2451 2001 2628 2084 sesto
2660 2003 2868 2065 trium

1664 2089 2006 2153 lectzbnum
2063 2109 2185 2172 que
2239 2089 2479 2154 scilicet
2535 2090 2606 2153 in
2661 2091 2870 2172 seriz's

1665 2177 1916 2241 dicetur
1928 2186 2081 2241 ante
2096 2179 2475 2241 memoriam
2488 2179 2570 2241 de
2572 2179 2868 2260 peccatis.

1672 2271 1738 2345 «Ι
1785 2265 2134 2330 Dominica
2143 2265 2206 2348 j.
2237 2267 2746 2350 quadragesime.

1670 2353 1957 2419 sabbato
2002 2354 2102 2418 ad
2141 2365 2434 2436 vesperas
2478 2363 2584 2419 αῆ.
2653 2354 2866 2419 Bene·-

1670 2443 1903 2508 dictuS.
1980 2450 2081 2525 psi
2132 2443 2379 2526 Ipsum.
2478 2443 2869 2525 Capitulum.

1667 2534 2163 2668 Hortamur
2207 2553 2325 2596 vos
2358 2552 2442 2596 ne
2474 2532 2539 2596 in
2585 2553 2870 2598 vacuum

1865 2620 2151 2704 gratiam
2195 2622 2302 2685 dei
2359 2621 2728 2704 recipiatis:
2776 2620 2870 2685 ait

1670 2710 1884 2774 enim:
1916 2717 2216 2791 tempore
2247 2720 2525 2793 accepto
2555 2710 2870 2774 exaudivi

1670 2806 1784 2863 te:
1836 2805 1907 2862 et
1951 2798 2019 2861 in
2065 2797 2176 2861 die
2220 2798 2452 2863 salutis
2512 2798 2738 2881 adjuvi
2786 2808 2872 2865 te.

1670 2887 1788 2950 Re.
1822 2886 2295 2951 EmendemuS.
2532 2887 2863 2969 Hymnus.

1670 2976 1870 3108 Ex
1904 2994 2087 3039 more
2116 2974 2296 3039 docti
2331 2976 2618 3058 mystico
2654 2997 2872 3041 serve·

1821 3082 1972 3126 mus
2002 3062 2130 3127 hoc
2164 3062 2490 3147 jejunium
2525 3064 2702 3128 deno
2732 3065 2873 3130 die-

1672 3170 1820 3215 rum
1846 3151 2090 3215 circulo
2119 3152 2320 3216 ducto
2351 3161 2588 3234 quater
2609 3154 2874 3217 notissi-

1674 3260 1803 3305 mo,
1894 3239 2051 3303 Lex
2082 3247 2151 3303 et
2183 3241 2508 3325 prophete
2561 3241 2876 3324 primitus

1672 3328 1802 3392 hoc
1877 3327 2290 3411 pretulerunt
2381 3330 2816 3412 postmodum
2855 3350 2874 3395 :

1676 3416 1980 3483 Christus
2053 3416 2338 3481 sacravit
2395 3418 2696 3481 omnium
2751 3438 2872 3481 rex

1676 3513 1879 3587 atque
1905 3504 2118 3569 factor
2139 3514 2536 3586 temporum.
2593 3506 2879 3570 Utamur

1674 3613 1836 3676 ergo
1856 3593 2108 3675 partius
2121 3592 2142 3629 ⁴
2160 3613 2175 3656 :
2193 3593 2412 3656 verbis
2437 3592 2598 3657 cibis
2621 3602 2689 3656 et
2703 3595 2878 3676 poti-

1675 3681 1834 3748 bus:
1866 3700 2151 3763 sompno
2164 3679 2333 3762 jocis
2365 3690 2432 3745 et
2464 3682 2698 3745 artius:
2731 3702 2877 3763 per-

1675 3780 1931 3834 stemus
1991 3770 2057 3832 in
2104 3769 2454 3833 custodia.⁶
2561 3768 2626 3833 V
2633 3770 2877 3835 itemus

1677 3868 1905 3923 autem
1981 3857 2274 3940 pessima
2345 3878 2478 3940 que
2551 3857 2878 3923 subruunt

1679 3956 1937 4010 mentes
1958 3966 2198 4028 vagas:
2231 3944 2623 4029 nullumque
2640 3948 2878 4011 demus

1679 4035 1924 4099 callido
1976 4035 2150 4098 hosti
2212 4034 2431 4099 locum
2485 4036 2876 4117 tyrannidis.

1679 4124 2007 4188 Dicamus
2039 4142 2272 4187 omnes
2323 4125 2586 4188 cernui:
2634 4125 2878 4190 clame-

1679 4232 1830 4276 mus
1905 4222 2109 4293 atque
2185 4212 2466 4295 singuli:
2544 4213 2880 4295 ploremus

1680 4308 1840 4365 ante
1892 4299 2230 4382 judicem:
2305 4300 2654 4367 flectamus
2713 4303 2880 4365 iram

1682 4484 1841 4551 G,w.
2157 4486 2178 4515 ⁸
2199 4500 2292 4550 pro
2320 4488 2336 4513 ‘
2355 4484 2484 4535 Cum
2505 4486 2518 4509 ⁵
2553 4486 2710 4535 Dum:
2745 4486 2810 4537 G.

1919 4554 1938 4583 ⁵
1971 4550 2248 4601 custodiam
2274 4568 2285 4600 :
2321 4551 2380 4600 E.
2392 4552 2454 4601 G.
