3375 5100
644 744 2590 821 LHELDOQHnUCA.AL>AL4TUYDMAS.

889 968 1032 1025 727

367 1078 432 1151 {s
477 1072 640 1137 Iste¹
667 1074 946 1156 hymnus
971 1076 1188 1141 Nocte
1219 1087 1564 1161 surgentes

361 1162 608 1227 dicitur
643 1164 713 1227 in
744 1164 1040 1228 omnibus
1067 1164 1328 1229 diebus¹
1355 1165 1564 1228 domi-

362 1251 532 1315 nicis
558 1250 656 1315 ad
676 1253 1040 1316 matutinas
1067 1252 1326 1336 quando
1346 1254 1425 1316 de
1452 1254 1562 1317 do-

363 1340 502 1403 min
509 1341 606 1405 ica
623 1360 704 1422 ag
712 1341 885 1405 itur:
909 1342 988 1406 ⁸a
1005 1342 1328 1405 dominica
1331 1342 1563 1425 prima

344 1437 500 1510 post
545 1437 804 1493 octavas
845 1430 1179 1514 epiphanie
1233 1452 1430 1513 usque
1475 1430 1574 1494 ad

347 1518 645 1598 primam
662 1518 1052 1582 dominicam
1075 1519 1566 1603 septuagesime:

357 1615 424 1668 et
449 1627 494 1669 a
518 1606 748 1687 prima
790 1608 1113 1671 dominica
1143 1618 1298 1691 post
1307 1609 1562 1689 festum

360 1704 579 1757 sancte
597 1696 923 1760 trinitatis
944 1717 1140 1778 usque
1159 1697 1259 1760 ad
1263 1696 1563 1778 primam

359 1782 752 1847 dominicam
779 1784 1219 1848 kalandarum
1249 1786 1311 1849 A
1324 1785 1564 1869 ugusti.

362 1872 699 2003 Nocte
728 1874 1166 1956 surgentesvi-
1212 1873 1562 1959 [Hymnus.

548 1960 832 2042 gilemus
877 1982 1154 2027 omnes:
1200 1965 1466 2047 semper
1496 1964 1564 2027 in

365 2046 638 2131 psalmis
683 2050 1126 2116 meditemur:
1171 2061 1376 2135 atque
1415 2052 1565 2115 viri-

363 2136 488 2200 bus
520 2139 680 2202 totis
706 2140 980 2203 domino
1009 2160 1328 2205 canamus
1358 2140 1567 2205 dulci-

364 2234 467 2289 ter
495 2224 797 2308 hymnos,
887 2228 979 2293 Ut
1009 2230 1122 2312 pio
1153 2230 1288 2313 regi
1321 2230 1570 2313 pariter

363 2324 678 2379 canentes
709 2336 862 2381 cum
895 2318 1030 2381 suis
1075 2320 1321 2383 sanctis
1358 2340 1566 2383 mere-

367 2424 558 2467 amur
585 2404 808 2469 aulam
835 2406 1088 2489 ingredi
1113 2407 1236 2472 celi
1268 2406 1464 2471 simul
1497 2416 1566 2471 'et

365 2491 634 2558 beatam
684 2494 925 2560 ducere
977 2496 1204 2562 vitam.
1296 2497 1567 2562 Prestet

365 2580 494 2647 hoc
537 2584 730 2647 nobis
776 2585 990 2649 deitas
1021 2585 1219 2649 beata
1249 2587 1454 2669 patris
1485 2607 1565 2651 ac

367 2671 506 2735 nati
569 2673 946 2756 pariterque
991 2676 1203 2738 sancti
1249 2676 1563 2758 spiritus:

365 2759 555 2841 cujus
579 2761 810 2825 reboat
835 2763 900 2824 in
927 2763 1107 2826 omni
1131 2763 1342 2846 gloria
1374 2784 1564 2828 mun-

365 2847 472 2912 do.
525 2849 794 2914 Amen.¹
842 2851 978 2915 Iste
1012 2851 1290 2932 hymnus
1345 2851 1564 2916 Primo

364 2938 623 3001 dierum
652 2939 899 3002 dicitur
922 2941 1020 3003 ad
1043 2942 1404 3004 matutinas
1431 2963 1564 3004 om·

368 3026 560 3090 nibus
607 3027 830 3092 diebus
875 3028 1215 3092 dominicis
1234 3053 1258 3094 .·
1309 3030 1568 3112 quando

365 3114 446 3178 de
472 3115 794 3178 dominica
823 3117 1048 3198 agitur
1069 3140 1094 3181 .·
1137 3139 1180 3182 a
1196 3119 1426 3199 prima
1454 3117 1566 3182 do·

367 3203 609 3267 minica
680 3205 1140 3288 septuagesime
1209 3227 1408 3289 usque
1478 3207 1575 3270 ad

350 3292 648 3375 primam
699 3294 1088 3358 dominicam
1147 3295 1569 3378 quadragesi-

368 3402 481 3446 me.
569 3382 675 3446 Et
716 3404 761 3447 a
805 3383 1035 3465 prima
1084 3383 1408 3447 dominica
1451 3383 1568 3448 ka-

363 3469 706 3534 lendarum
736 3471 1038 3554 Augusti
1075 3491 1273 3554 usque
1317 3472 1414 3535 ad
1449 3473 1568 3536 ad-

365 3569 629 3623 ventum
659 3560 926 3624 domini.
1240 3560 1566 3641 Hymnus.

364 3649 684 3780 Primo
728 3650 984 3713 dierum
1017 3649 1357 3715 omnium:
1409 3650 1566 3733 qui⁴

495 3739 786 3802 mundus
819 3748 1011 3802 extat
1042 3737 1430 3803 conditur⁶z
1461 3737 1566 3802 vel

367 3845 502 3908 quo
578 3847 924 3910 resurgens
998 3827 1306 3890 conditor
1338 3849 1353 3891 :

367 3923 581 3979 morte
612 3917 788 3979 victa
833 3914 1084 3980 liberet.
1159 3914 1386 3980 Pulsis
1418 3936 1568 3999 pro-

366 4003 472 4068 cul
497 4005 914 4087 torporibus:
960 4024 1309 4087 surgamus
1333 4024 1568 4068 omnes

1445 3848 1568 3891 nos

467 4195 482 4224 ¹
518 4193 600 4243 Ab
629 4193 972 4258 ‘Iste’usque
1003 4191 1076 4242 ad
1109 4195 1312 4242 ‘Amen
1337 4193 1352 4216 ’
1397 4193 1570 4244 omnib

364 4260 754 4340 {gomses-untur
766 4259 973 4324 apudE.
997 4259 1110 4308 and
1124 4260 1181 4310 G.
1196 4259 1446 4325 verbisque
1460 4259 1570 4308 sub-

371 4397 388 4423 ⁸
401 4394 502 4443 Iste
523 4326 943 4457 Ιιῖηιῖιαὲῐῗὶιτιῖ
957 4325 1580 4458 ἔῖζῖυἴξοέιτὲυέεἴῖςιόἰ

371 4463 387 4489 ⁸
399 4475 543 4512 omne
561 4459 776 4510 seculum
799 4461 986 4510 amen)

466 4529 488 4558 ¹
525 4523 745 4576 ‘diebus’
766 4541 888 4578 om:
910 4525 1048 4580 EA.

467 4595 488 4626 ⁸
526 4591 786 4644 ‘et‘adds
811 4591 879 4643 E.

2174 968 2329 1025 728

1660 1076 1885 1141 ocius:
1932 1084 2001 1141 et
2032 1084 2225 1139 nocte
2258 1093 2613 1159 queramus
2642 1072 2861 1157 pium:

1661 1166 1833 1230 sicut
1862 1164 2258 1249 prophetam
2290 1162 2614 1227 novimus
2680 1162 2863 1227 Nos-

1662 1263 1799 1319 tras
1845 1274 2073 1338 preces
2117 1261 2193 1318 ut
2227 1252 2493 1318 audiat:
2538 1270 2864 1335 suamque

1663 1343 2015 1407 dexteram
2027 1341 2053 1380 ⁶
2065 1342 2360 1426 porrigat
2378 1363 2393 1405 :
2425 1348 2498 1403 ut
2512 1337 2536 1377 ⁷
2554 1341 2865 1423 expiatos

1662 1432 2010 1497 sordibus:
2061 1431 2297 1495 reddat
2342 1429 2646 1513 polorum
2692 1428 2865 1493 sedi-

1663 1520 1803 1585 bus.
1923 1520 2017 1585 Ut
2090 1519 2337 1603 quique
2422 1516 2867 1583 sacratissimo

1661 1607 1859 1691 hujus
1904 1608 2035 1673 diei
2080 1617 2425 1691 tempore:
2472 1605 2651 1669 horis
2681 1606 2867 1689 quie-

1660 1698 1747 1762 tis
1792 1696 2177 1780 psallimus:
2222 1696 2417 1759 donis
2460 1694 2677 1759 beatis
2722 1714 2869 1757 mu-

1663 1794 1867 1849 neret.
1964 1786 2200 1849 Presta
2272 1793 2464 1866 pater
2532 1782 2867 1866 piissime:

1663 1875 1973 1958 patrique
2047 1893 2320 1957 compar
2394 1870 2585 1936 unice
2618 1892 2634 1935 :
2710 1890 2865 1935 cum

1663 1964 1899 2046 spiritu
1960 1960 2315 2045 paraclito:
2392 1978 2676 2042 regnans
2748 1978 2869 2042 per

1663 2072 1865 2115 omne
1895 2048 2207 2115 seculum.
2298 2048 2541 2113 Amen.

1666 2146 1732 2219 {s
1779 2140 1900 2204 ⁸In
1936 2138 2257 2203 dominica
2281 2138 2513 2221 prima
2551 2134 2871 2199 adventus

1662 2228 1921 2292 domini
1973 2236 2080 2292 aii.
2158 2226 2315 2291 Non
2362 2224 2710 2289 auferetur.
2763 2231 2869 2306 ps'.

1667 2318 1915 2382 Beatus
1961 2318 2073 2381 vir.
2148 2317 2284 2380 Αῆ.
2362 2314 2655 2379 Domine
2686 2332 2769 2375 ne
2800 2313 2869 2376 in

1667 2406 1781 2471 ira.
1828 2426 2025 2489 usque
2053 2404 2151 2469 ad
2156 2403 2453 2489 primam
2476 2400 2871 2465 dominicam

1664 2493 2171 2579 quadragesime.
2250 2490 2527 2573 Quando
2556 2490 2637 2554 de
2661 2488 2869 2554 domi-

1665 2585 1811 2648 nica
1840 2585 2071 2668 agitur
2095 2591 2202 2646 an.
2256 2581 2513 2648 Servite
2551 2587 2653 2663 ps.
2704 2579 2869 2644 Bea-

1664 2683 1775 2738 tus
1805 2675 1917 2738 vir.
1968 2673 2031 2736 A
2068 2670 2392 2736 dominica
2406 2669 2639 2752 prima
2666 2667 2869 2751 quad-

1664 2762 1983 2846 ragesime
2026 2781 2225 2844 usque
2286 2758 2384 2823 ad
2404 2757 2652 2841 pascha
2715 2766 2779 2819 et
2826 2777 2871 2820 a

1666 2852 1854 2916 Deus
1874 2850 2171 2914 omnium
2198 2846 2507 2930 usquead
2519 2845 2873 2910 adventum

1664 2939 1920 3003 domini
1944 2946 2052 3003 ari.
2130 2936 2256 3001 Pro
2288 2935 2443 3000 fidei
2476 2934 2725 2998 meritis
2755 2954 2871 2996 vo-

1665 3027 1953 3092 citatur.⁸
2512 3020 2871 3087 Psalmus.⁹

1665 3121 2002 3250 Beatus
2061 3115 2161 3180 vir
2219 3113 2333 3197 qui
2394 3133 2529 3176 non
2582 3110 2749 3174 abiit
2802 3110 2869 3174 in

1811 3203 2089 3270 consilio
2120 3203 2473 3286 impiorum
2504 3222 2519 3266 :
2566 3209 2634 3264 et
2666 3200 2734 3262 in
2764 3199 2873 3262 via

1666 3304 2093 3377 peccatorum
2154 3311 2289 3354 non
2361 3290 2597 3353 stetit:
2672 3295 2741 3350 et
2802 3285 2871 3350 in

1663 3381 1986 3447 cathedra
2037 3379 2413 3465 pestilentie
2479 3396 2613 3440 non
2668 3375 2873 3442 stetit.

1669 3471 1810 3536 Sed
1891 3473 1959 3535 in
2022 3469 2170 3552 lege
2244 3467 2496 3532 domini
2564 3462 2873 3528 voluntas

1667 3561 1850 3643 ejus:
1898 3559 1959 3624 &
1993 3560 2059 3622 in
2091 3557 2238 3640 lege
2267 3555 2411 3637 ejus
2444 3553 2875 3617 meditabitur

1667 3650 1778 3713 die
1822 3669 1901 3714 ac
1944 3655 2157 3711 nocte.
2248 3643 2350 3708 Et
2378 3643 2504 3706 erit
2549 3651 2871 3722 tanquam

1666 3737 1922 3822 lignum
1972 3733 2153 3819 quod
2202 3731 2577 3818 plantatum
2625 3736 2728 3793 est
2772 3747 2877 3792 se-

1666 3846 1786 3891 cus
1861 3826 2173 3889 decursus
2250 3839 2615 3902 aquarum:
2691 3815 2873 3899 quod

1669 3914 1955 3979 fructum
2002 3931 2194 3976 suum
2243 3909 2432 3974 dabit
2476 3907 2543 3970 in
2576 3916 2877 3988 tempore

1669 4024 1808 4069 su0.
1866 4003 1958 4066 Et
1992 3999 2223 4066 solium
2254 3997 2399 4080 ejus
2423 4015 2555 4060 non
2588 3993 2877 4059 defluet:

1772 4187 2404 4306 Ῐῳῗῗρέἓψε

1772 4271 2420 4374 οἷῇᾩῗέᾱῇΗ

1774 4387 2277 4466 ’ρωῆιὶόὶῇᾳ
2786 4447 2797 4460 .

1762 4461 1791 4548 '⁸
1824 4457 1954 4535 Ab.‘
1974 4455 2036 4505 In
2058 4451 2339 4570 domEinga’
2360 4465 2518 4546 usque
2550 4449 2617 4500 ad
2656 4451 2671 4478 ⁸
2688 4455 2875 4500 vocita-

1669 4533 1977 4655 tur-osspip:
1992 4537 2141 4639 οὲιό.
2204 4557 2217 4570 .
2276 4555 2289 4569 .
