3375 5100
1124 306 1227 358 IN
1268 303 1591 359 OCTAVA
1644 304 1992 361 PASCHE.

850 416 1006 472 488

319 539 372 610 7
394 523 759 604 Postquam
774 521 1104 585 audissem
1124 529 1192 585 et
1204 519 1515 585 vidissem

318 612 531 675 cecidi
584 620 661 673 ut
710 610 1057 673 adorarem
1110 619 1265 673 ante
1312 609 1515 691 pedes

318 698 545 778 angeli
576 699 690 781 qui
730 698 885 761 mihi
931 698 1054 763 hec
1083 698 1473 761 ostendebat
1502 720 1517 761 :

320 797 394 852 et
424 788 603 850 dixit
627 787 805 851 mihi.
870 788 1018 851 Hic.
1072 785 1299 850 Gloria
1329 787 1517 869 patri.

322 876 637 940 Alleluia.
668 874 817 937 all’a
849 874 1011 939 all’a.
1102 875 1214 939 Re.
1268 876 1347 939 In
1379 876 1519 939 dia-

322 966 596 1028 demate
620 964 853 1045 capitis
875 983 1076 1027 aaron
1101 963 1354 1045 lapides
1377 983 1524 1045 pre-

326 1054 487 1117 ciosi
520 1052 879 1133 fulgebant.
972 1052 1152 1114 Dum
1184 1050 1522 1134 perficere-

326 1152 437 1205 tur
495 1161 665 1222 opus
722 1139 850 1203 dei.
939 1138 1202 1203 alleluia
1262 1139 1525 1203 alleluia

324 1228 613 1293 alleluia.
701 1245 750 1315 7
796 1228 1060 1293 Corona
1102 1246 1302 1292 aurea
1331 1246 1528 1309 super

326 1326 533 1400 caput
564 1316 705 1399 ejus
741 1336 1061 1399 expressa
1104 1317 1294 1398 signo
1338 1335 1525 1379 sanc-

326 1407 561 1470 titatis,
659 1405 841 1468 Dum
888 1404 1307 1487 perficeretur
1357 1423 1526 1486 opus

330 1495 440 1559 dei
493 1492 773 1557 alleluia.
861 1493 979 1557 Re.
1040 1493 1297 1557 Docete
1356 1491 1527 1555 filios

328 1591 591 1647 vestros
664 1580 929 1645 alleluia
1001 1590 1076 1644 ut
1146 1578 1527 1644 memoriter

331 1679 611 1736 teneant
642 1669 919 1733 alleluia.
1010 1669 1104 1733 Et
1133 1690 1247 1733 ore
1286 1670 1526 1733 decan-

328 1768 481 1825 tent
508 1757 791 1823 alleluia.
850 1775 899 1845 7
928 1756 1387 1823 Confiteantur
1407 1758 1527 1822 do-

332 1849 520 1912 mino
561 1846 1004 1911 misericordie
1048 1847 1192 1928 ejus
1237 1854 1305 1909 et
1334 1846 1529 1909 mira-

333 1936 495 2001 bilia
554 1934 697 2016 ejus
756 1933 904 1999 filiis
961 1934 1324 1998 hominum.
1438 1933 1530 1996 Et

334 2046 468 2089 ore.
556 2023 673 2087 Re.
724 2023 1009 2087 Candidi
1042 2022 1197 2087 facti
1228 2030 1384 2086 sunt
1414 2042 1530 2085 na-

338 2112 512 2177 zarei
573 2111 716 2193 ejus
774 2110 1039 2175 alleluia
1112 2110 1529 2193 splendorem

336 2204 469 2265 deo
513 2200 841 2264 dederunt
876 2198 1150 2263 alleluia.
1244 2198 1336 2262 Et
1365 2200 1535 2262 sicut

337 2290 443 2353 lac
488 2288 818 2371 coagulati
867 2297 1022 2351 sunt
1071 2286 1335 2351 alleluia
1378 2285 1538 2350 alle-

340 2378 493 2441 luia.
555 2394 604 2464 7
646 2377 726 2439 In
756 2396 1024 2439 omnem
1055 2385 1297 2439 terram
1328 2375 1538 2439 exivit

340 2486 546 2530 sonus
602 2484 831 2528 eorum
891 2473 959 2527 et
1018 2465 1085 2527 in
1138 2462 1302 2527 fines
1359 2462 1537 2526 orbis

340 2565 515 2619 terre
573 2554 775 2618 verba
848 2574 1093 2617 eorum.
1199 2552 1290 2617 Et
1348 2554 1535 2616 sicut.

340 2643 573 2708 Gloria
632 2643 823 2725 patri.
915 2641 1097 2705 All’a
1147 2641 1313 2704 all’a.
1402 2641 1540 2704 Nec

341 2732 678 2796 dubitetur
744 2729 904 2813 quin
980 2729 1165 2794 istud
1230 2728 1537 2792 ultimum

342 2819 838 2904 Responsorium
874 2819 1135 2882 dicatur
1161 2817 1347 2900 infra
1373 2817 1388 2855 ¹
1412 2837 1536 2880 non

344 2910 631 2974 obstante
656 2908 831 2990 quod
852 2907 1096 2970 dicitur
1121 2907 1201 2970 de
1225 2907 1538 2988 apostolis.

331 3007 435 3082 pf.
478 2998 582 3061 Te
612 2996 811 3060 deum
844 2996 1208 3060 laudamus
1287 3012 1335 3079 7
1383 2994 1540 3060 Sur-

346 3086 525 3150 rexit
553 3085 863 3148 dominus
892 3105 1061 3148 vere.
1128 3083 1211 3146 In
1241 3083 1544 3146 laudibus

345 3183 455 3239 an.
499 3173 794 3238 Alleluia
822 3171 1101 3236 alleluia.
1162 3181 1261 3255 ps.
1310 3171 1543 3234 Domi·

348 3284 475 3328 nus
523 3263 841 3344 regnavit.
941 3259 1130 3324 ceteri
1163 3259 1418 3341 psalmi
1466 3259 1545 3321 de

350 3351 658 3416 laudibus
683 3349 801 3412 sub
828 3349 951 3412 hac
974 3347 1337 3430 antiphona.
1394 3347 1542 3428 Cap.

350 3441 833 3572 Expurgate
850 3445 1043 3500 vetus
1058 3436 1453 3500 fermentum
1475 3443 1549 3498 ut

503 3528 646 3591 sitis
706 3545 877 3590 nova
942 3526 1318 3607 conspersio
1378 3525 1548 3587 sicut

350 3617 512 3681 oetis
552 3615 742 3680 azimi
792 3615 1037 3677 etenim
1089 3613 1338 3695 pascha
1398 3633 1549 3675 nos·

350 3715 531 3769 trum
608 3703 992 3766 immolatus
1064 3710 1166 3765 est
1232 3701 1548 3765 Christus,

352 3793 509 3858 Deo
537 3793 803 3874 gratias
1226 3789 1549 3870 Hymnus.

350 3883 753 4016 Sermone
791 3878 1041 3943 blando
1088 3878 1363 3960 angelus
1403 3895 1549 3960 pre-

487 3969 665 4033 dixit
724 3967 1105 4032 mulieribus
1177 3967 1243 4030 in
1312 3965 1552 4048 galilea

350 4060 663 4123 dominus
714 4056 1041 4120 videndus
1090 4065 1193 4118 est
1245 4063 1549 4136 quamto-

348 4147 529 4211 tius?
617 4145 755 4209 Ille
790 4146 951 4209 dum
983 4151 1266 4227 pergunt
1295 4143 1551 4206 concite

350 4233 673 4318 apostolis
698 4234 823 4298 hoc
842 4234 1057 4297 dicere
1075 4231 1375 4294 videntes
1398 4249 1549 4293 eum

349 4327 575 4390 vivere
618 4322 998 4388 osculantur
1032 4321 1237 4404 pedes
1282 4319 1552 4390 domini.

672 4481 687 4514 ¹
724 4482 957 4547 insana:
1000 4479 1153 4530 ΜΝ.

2124 418 2277 473 484

1619 518 1768 601 Quo
1797 521 2025 603 agnito
2054 521 2354 605 discipuli
2397 522 2463 586 in
2495 522 2803 606 galileam

1615 630 1893 692 propere
1951 620 2236 693 pergunt
2285 612 2509 675 videre
2569 611 2804 677 faciem

1614 698 2057 761 desideratam
2088 699 2354 763 domini.
2429 700 2625 765 Claro
2657 720 2806 782 pas-

1614 785 1788 850 chali
1848 788 2092 869 gaudio
2155 787 2254 851 sol
2330 790 2580 851 mundo
2640 790 2808 851 nitet

1616 876 1804 938 radio
1845 874 2383 955 cum‚Chn‘stum
2426 876 2565 959 jam
2615 896 2809 959 apos-

1616 962 1734 1027 toli
1766 964 1906 1027 visu
1945 972 2222 1027 cernunt
2265 984 2593 1047 corporeo.
2691 964 2810 1029 Os-

1618 1060 1809 1116 tensa
1883 1051 2007 1115 sibi
2081 1052 2354 1116 vulnera
2428 1054 2492 1115 in
2568 1051 2812 1118 Christi

1620 1160 1817 1205 carne
1875 1139 2130 1223 fulgida
2203 1141 2634 1204 resurrexisse
2691 1142 2812 1203 do-

1622 1230 1876 1291 minum
1951 1248 2113 1293 voce
2189 1228 2478 1293 fatentur
2527 1229 2810 1312 publica.

1621 1316 1779 1380 Rex
1840 1316 2102 1382 Christe
2167 1317 2678 1382 clementissime
2735 1327 2809 1381 tu

1623 1405 1824 1469 corda
1896 1415 2123 1470 nostra
2200 1406 2466 1489 posside
2543 1415 2617 1470 ut
2693 1406 2812 1469 tibi

1624 1492 1854 1556 laudes
1906 1494 2166 1558 debitas
2225 1496 2580 1559 reddamus
2631 1495 2814 1557 omni

1624 1590 1938 1664 tempore.
2016 1582 2385 1661 Quesumus
2416 1594 2645 1647 auctor
2674 1604 2814 1647 om-

1626 1670 1826 1733 nium.
1925 1670 2149 1735 Gloria
2209 1672 2330 1735 tibi
2390 1672 2673 1735 domine.
2770 1688 2815 1755 7

1628 1758 1932 1823 Surrexit
1969 1758 2278 1823 dominus
2324 1761 2407 1822 de
2453 1759 2816 1843 sepulchro,

1625 1846 1710 1909 In
1757 1866 2008 1928 evange.
2062 1856 2166 1911 ανῖ.
2259 1847 2416 1911 Post
2463 1850 2605 1911 dies
2665 1858 2819 1911 octo

1622 1934 1844 2015 januis
1889 1933 2124 1997 clausis
2172 1935 2500 2017 ingressus
2553 1946 2652 2000 est
2701 1938 2818 1999 do—

1628 2023 1848 2086 minus
1905 2031 1976 2085 et
2032 2023 2206 2085 dixit
2264 2025 2358 2087 eis
2417 2044 2556 2105 pax
2613 2025 2817 2088 vobis.

1628 2110 1890 2175 alleluia
1920 2109 2197 2175 alleluia.
2255 2121 2358 2193 ps.
2407 2111 2820 2175 Benedictus

1630 2203 1959 2333 presta
1988 2219 2343 2282 quesumus
2367 2220 2506 2263 om·
2546 2200 2823 2283 [Oratio.

1783 2288 2086 2370 nipotens
2131 2288 2338 2352 deus:
2384 2298 2461 2351 ut
2494 2290 2606 2371 qui
2655 2288 2824 2351 festa

1633 2376 1968 2458 paschalia
1997 2377 2408 2459 peregimus:
2449 2376 2570 2440 hec
2603 2385 2668 2439 te
2700 2378 2824 2439 lar-

1630 2465 1854 2547 giente
1886 2466 2174 2528 moribus
2207 2474 2275 2528 et
2297 2466 2436 2528 vita
2465 2474 2825 2529 teneamus

1635 2555 1761 2617 Per
1789 2553 2146 2618 dominum.
2237 2555 2380 2617 Ista
2420 2555 2626 2618 oratio
2653 2555 2829 2618 dica·

1634 2651 1750 2710 tur
1787 2641 1884 2704 ad
1919 2643 2278 2706 matutinas
2319 2642 2514 2706 horas
2557 2642 2828 2713 missam

1633 2739 1698 2793 et
1715 2741 2005 2813 vesperas
2010 2742 2136 2812 per
2153 2741 2352 2794 totam
2370 2731 2830 2804 hebdomadam

1634 2819 1891 2902 quando
1919 2819 1999 2882 de
2024 2819 2359 2900 temporali
2383 2821 2625 2903 agitur.
2685 2821 2778 2882 M
2772 2841 2832 2882 e-

1638 2908 1848 2970 moria
1904 2907 1983 2969 de
2037 2928 2215 2971 cruce
2260 2917 2367 2973 αῆ.
2458 2907 2832 2973 Crucifixus

1638 2997 1921 3059 surrexit
1973 3015 2012 3058 a
2065 2997 2340 3060 mortuis
2387 2998 2668 3069 redemit
2710 3017 2834 3061 nos

1639 3082 1790 3148 all’a
1835 3083 1997 3148 all’a.
2087 3101 2135 3170 7
2183 3085 2400 3148 Dicite
2437 3088 2504 3148 in
2553 3085 2834 3149 nationi-

1642 3173 1784 3236 buS.
1878 3171 2121 3236 Orati0.
2207 3174 2388 3248 Deus
2419 3175 2532 3256 qui
2565 3193 2688 3256 pro
2719 3193 2834 3236 no-

1641 3259 1762 3324 bis,
1852 3260 1957 3323 De
2010 3259 2275 3330 domina
2315 3270 2430 3334 an.
2523 3261 2834 3325 Paradisi.

1643 3365 1692 3434 7
1726 3349 1883 3412 Post
1913 3363 2192 3430 partum.
2243 3348 2488 3414 Oratio,
2535 3349 2834 3413 Gratiam

1645 3445 1850 3500 tuam.
1923 3436 2029 3500 De
2081 3437 2376 3504 omnibus
2430 3437 2674 3500 sanctis
2729 3446 2834 3500 an.

1645 3523 2010 3606 Absterget
2055 3525 2217 3589 deus
2264 3543 2531 3588 omnem
2579 3525 2835 3606 lachry-¹

1647 3633 1826 3675 mam
1851 3612 1937 3675 ab
1967 3613 2174 3682 oculis
2203 3623 2577 3677 sanctorum
2604 3622 2672 3676 et
2695 3614 2836 3694 jam

1648 3721 1781 3764 non
1842 3701 1964 3774 erit
2012 3700 2294 3783 amplius
2347 3722 2563 3784 neque
2623 3701 2841 3766 luctus

1648 3809 1862 3871 neque
1889 3788 2178 3858 clamor:
2222 3791 2338 3853 sed
2371 3811 2491 3855 nec
2521 3789 2693 3854 ullus
2723 3790 2841 3852 do-

1648 3876 1748 3940 lor
1806 3878 2120 3958 quoniam
2171 3879 2386 3959 priora
2445 3880 2845 3942 transierunt

1648 3965 1799 4036 all’a
1831 3964 1993 4028 all'a.
2091 3982 2133 4050 7
2176 3967 2335 4029 Vox
2367 3968 2594 4032 leticie.
2677 3967 2848 4032 Ora-

1650 4055 1756 4118 tio,
1847 4053 2076 4115 Presta
2135 4073 2490 4134 quesumus
2539 4058 2848 4138 omnipo-

1640 4152 1812 4206 tens.
1904 4142 2042 4204 Hec
2084 4143 2434 4224 antiphona
2479 4145 2728 4208 dicetur
2779 4145 2849 4208 in

1650 4229 1962 4292 memoria
1991 4230 2068 4292 de
2097 4231 2392 4294 omnibus
2422 4237 2662 4297 sanctis
2691 4255 2848 4315 qua-

1651 4319 1806 4382 libet
1853 4318 1962 4381 die
2002 4317 2326 4383 dominica
2351 4345 2375 4384 .·
2432 4322 2569 4384 sive
2611 4332 2858 4404 agatur

1929 4479 1952 4508 ⁸
1983 4479 2293 4544 quamtocius
2317 4499 2329 4530 :
2364 4481 2430 4530 N.

2455 4603 2587 4654 FF
