3375 5100
1397 266 1653 321 FERJA
1711 264 2028 338 QUINTA

986 372 1131 429 875

466 478 829 613 Respice
870 500 1228 561 quesumus
1258 480 1525 545 domine
1556 502 1662 545 su-

614 589 730 651 per
759 569 933 632 hanc
973 569 1291 633 familiam
1322 579 1507 634 tuam
1545 590 1665 652 pro

468 678 600 740 qua
630 657 940 720 dominus
970 668 1194 721 noster
1222 659 1413 740 Jesus
1448 658 1664 724 Chris-

469 756 576 810 tus
622 766 755 809 non
788 746 1118 811 dubitavit
1152 748 1457 810 manibus
1494 746 1665 811 tradi

472 844 827 899 nocentum
858 834 909 897 ²:
956 844 1023 898 et
1048 836 1255 899 crucis
1286 835 1506 899 subire
1536 845 1668 899 tor-

475 933 793 985 mentum.
881 921 1014 1004 Qui
1044 934 1285 988 tecum.
1366 924 1505 987 Nec
1531 924 1671 987 ulla

454 1013 581 1095 fiet
598 1012 621 1047 ²
654 1012 975 1075 memoria.

561 1098 687 1163 Ad
740 1098 1211 1181 completorium
1272 1110 1349 1163 ut
1363 1100 1389 1139 ⁸
1430 1101 1455 1137 ⁴
1473 1110 1674 1181 supra

473 1208 615 1249 cum
648 1187 859 1250 tribus
901 1187 1203 1252 versibus
1294 1204 1341 1275 γ
1389 1188 1493 1252 Ne
1524 1208 1673 1270 pro-

468 1276 675 1357 jicias,
742 1290 789 1361 γ
834 1276 968 1359 Qui
998 1278 1358 1357 cognoscis.
1423 1294 1469 1362 y
1518 1277 1674 1341 Noli

475 1364 797 1427 claudere.
900 1365 1165 1428 dicatur
1238 1365 1673 1447 Kyrieleison.

474 1453 617 1515 sine
663 1454 1101 1533 prostratione
1141 1463 1203 1517 et
1249 1454 1391 1519 sine
1423 1453 1679 1536 psalmo

482 1542 812 1605 Miserere.

570 1629 693 1691 Ad
720 1630 1083 1692 matutinas
1124 1640 1185 1695 et
1212 1630 1308 1693 ad
1328 1630 1522 1694 horas
1549 1630 1684 1694 diei

480 1717 675 1798 signa
719 1718 967 1799 festive
1006 1719 1355 1799 pulsentur
1395 1720 1565 1783 sicut
1609 1719 1679 1781 in

482 1806 822 1870 dominica.
885 1806 1157 1871 Pulsato
1184 1818 1396 1871 autem
1426 1808 1683 1871 classico

484 1895 582 1957 ad
622 1895 985 1958 matutinas
1026 1906 1088 1959 et
1127 1896 1317 1960 cereis
1358 1897 1577 1979 xxiiij.
1622 1905 1684 1958 et

488 2004 613 2046 uno
666 1984 872 2047 medio
922 1994 985 2047 et
1021 1985 1431 2049 eminentiore
1466 1994 1687 2067 preter

486 2072 706 2154 xxiiij.
785 2074 865 2136 de
936 2074 1385 2137 consuetudine
1462 2084 1683 2136 nostra

486 2161 762 2224 accensis
793 2184 818 2225 .·
906 2170 969 2224 et
1038 2164 1212 2225 dicta
1284 2184 1327 2225 a
1403 2162 1685 2245 singulis

486 2250 775 2313 oratione
819 2250 1141 2313 dominica
1198 2252 1367 2314 sicut
1415 2251 1511 2313 ad
1553 2272 1687 2314 om-

493 2358 601 2400 nes
630 2338 823 2401 horas
836 2350 961 2420 per
989 2349 1116 2402 tres
1143 2340 1283 2402 dies
1325 2350 1643 2421 sequentes
1664 2360 1690 2401 .·

475 2435 889 2509 preterquam
918 2427 1016 2490 ad
1048 2440 1333 2510 vesperas
1376 2448 1517 2490 cum
1533 2438 1690 2509 pro-

490 2515 814 2581 stratione.
915 2516 1148 2579 Rector
1188 2516 1367 2581 chori
1400 2516 1469 2580 in
1498 2515 1692 2579 stallo

494 2603 767 2684 incipiat
822 2605 1239 2685 antiphonam
1303 2605 1495 2670 Selus
1518 2603 1543 2642 ⁵
1574 2606 1690 2668 do-

494 2712 642 2755 mus
702 2701 803 2772 ps.
868 2692 1139 2756 Salvum
1194 2715 1301 2757 me
1349 2694 1451 2758 fac
1511 2695 1692 2757 deus,

496 2780 805 2842 assistens
866 2781 1105 2844 i‘...77tonz
1081 2790 1174 2844 et
1227 2783 1561 2864 psalmum
1620 2782 1693 2844 in

494 2869 680 2949 cujus
757 2868 1098 2949 inceptione
1182 2892 1396 2934 omnes
1474 2890 1696 2953 genua

478 2957 757 3040 flectant
778 2981 801 3020 .·
873 2958 1042 3020 sicut
1110 2963 1405 3040 superius
1474 2959 1698 3022 diebus

482 3044 843 3127 ferialibus
903 3046 973 3108 in
1037 3049 1535 3130 quadragesima
1594 3068 1697 3110 or—

500 3134 779 3196 dinatur
839 3134 906 3197 in
970 3135 1309 3218 inceptione
1384 3138 1567 3200 Deus
1628 3137 1696 3198 in

504 3223 905 3304 adjutorium
980 3235 1045 3286 et
1112 3225 1209 3287 sic
1260 3225 1402 3308 fiat
1456 3224 1700 3287 duobus

501 3311 724 3375 diebus
794 3313 1212 3394 sequentibus.
1304 3313 1400 3377 Et
1470 3323 1696 3376 notan-

501 3401 661 3463 dum
720 3402 894 3482 quod
958 3402 1072 3465 hoc
1129 3402 1347 3466 triduo
1410 3403 1699 3466 Domine

507 3489 682 3552 labia
730 3499 791 3552 et
840 3491 1023 3554 Deus
1074 3493 1141 3553 in
1190 3492 1591 3572 adjutorium
1644 3499 1708 3552 et

507 3579 733 3642 Gloria
807 3581 1022 3660 patri:
1096 3589 1159 3643 et
1217 3593 1497 3663 pneuma
1557 3589 1711 3661 post

503 3667 921 3748 antiphonam
941 3667 966 3705 ⁶
1038 3678 1100 3731 et
1205 3670 1555 3732 versiculus
1647 3677 1712 3730 et

510 3756 736 3819 Gloria
813 3759 983 3838 patri
1068 3767 1220 3839 post
1285 3759 1575 3839 psalmos
1646 3766 1711 3819 et

503 3845 678 3924 Jube
724 3846 1007 3909 domine.
1058 3856 1120 3909 et
1160 3847 1265 3910 Tu
1316 3856 1539 3910 autem
1586 3846 1706 3908 do-

613 4020 627 4049 ¹
667 4021 997 4070 nocentium:
1034 4021 1095 4072 E.
1105 4022 1168 4071 G.

606 4087 627 4116 ²
643 4087 784 4150 fiat:
828 4087 883 4136 G.

508 4217 577 4267 E
608 4154 628 4182 ⁸
659 4159 865 4266 {teg-ur
895 4154 950 4201 in
977 4153 1089 4218 fine
1113 4155 1345 4218 psalterii
1366 4155 1480 4218 [sol.
1513 4155 1702 4218 lxxiiis.

566 4219 637 4314 ]⁴
662 4288 766 4333 A7’1.
812 4285 1071 4348 Signatum
1114 4293 1201 4336 est.
1267 4291 1345 4350 ps.
1393 4288 1521 4337 Cum
1570 4288 1708 4336 invo-

510 4367 689 4401 carem.
734 4353 793 4399 ln
822 4361 869 4400 tc
885 4353 1087 4400 dominc
1104 4353 1311 4416 speravi.
1368 4355 1467 4416 Qui
1494 4355 1701 4402 habitat.

512 4419 643 4466 Ecce
668 4433 813 4466 nunc.
898 4421 1032 4481 Cpm.
1076 4420 1153 4467 'l'u
1198 4421 1245 4468 in
1282 4421 1439 4468 nobis.
1518 4422 1602 4468 He.
1650 4421 1709 4467 In

509 4501 632 4549 pace
658 4494 715 4534 ut
736 4493 889 4549 supra
911 4502 1021 4534 cum
1046 4487 1200 4535 tribus
1233 4493 1317 4535 etc.
1347 4488 1444 4535 add
1474 4505 1485 4534 ι
1524 4488 1654 4535 EUG

2288 372 2434 430 376

1769 482 1947 545 mine
2007 489 2070 543 et
2141 480 2492 543 versiculus
2547 476 2978 543 sacerdotalis

1767 578 1918 632 ante
1942 568 2213 633 laudes:
2253 579 2318 633 et
2343 590 2465 651 que
2501 568 2792 632 deberent
2831 568 2980 631 dici

1769 658 1841 721 in
1859 656 1884 695 ⁷
1939 657 2270 759 capitulo:
2337 658 2976 739 pretermittantur:

1769 746 1908 809 nisi
1963 748 2033 809 in
2093 746 2482 809 absolutione
2529 756 2679 828 post
2733 755 2974 826 septem

1756 834 2047 917 psalmos
2087 856 2362 916 quorum
2411 835 2694 915 singulis
2737 834 2976 897 Gloria

1772 924 1944 1006 patri
2015 924 2483 1005 subjungimus.
2488 924 2514 961 ⁸
2617 924 2702 985 In
2753 932 2972 985 matu-

1774 1010 1936 1076 tinis
1967 1020 2118 1093 post
2158 1011 2450 1093 sing-ulos
2482 1011 2773 1111 psalmos
2801 1010 2975 1093 fini-

1776 1110 1920 1163 tos:
1973 1100 2228 1181 singule
2283 1100 2537 1163 candele
2589 1100 2978 1181 extinguan-

1778 1198 1891 1251 tur
1932 1188 2015 1251 ab
2067 1210 2192 1251 uno
2237 1188 2317 1251 de
2363 1189 2574 1251 tribus
2627 1188 2978 1251 sacristis.-

1777 1286 1838 1341 et
1905 1276 2002 1339 ad
2057 1277 2478 1359 Responsoria
2539 1276 2708 1339 dicto
2779 1297 2980 1339 versu

1777 1364 2098 1428 similiter.
2215 1366 2373 1428 Tres
2412 1367 2636 1447 prime
2686 1364 2982 1427 lectiones

1779 1454 1862 1517 de
1915 1453 2208 1527 Jeremia
2231 1452 2256 1491 ⁹
2315 1455 2510 1536 quasi
2563 1452 2983 1517 lamentando

1779 1551 2131 1605 cantantur
2175 1562 2220 1605 a
2256 1544 2484 1624 pueris
2533 1542 2796 1605 variata
2847 1549 2981 1603 ter-

1781 1631 2136 1693 minatione
2189 1631 2442 1695 ultima.
2574 1632 2732 1694 Tres
2773 1630 2988 1692 medie

1778 1719 2066 1781 lectiones
2122 1728 2185 1783 et
2229 1730 2357 1783 tres
2417 1719 2645 1782 ultime
2686 1729 2984 1800 pronun-

1779 1809 2032 1871 cientur
2079 1806 2150 1870 in
2213 1808 2475 1871 modum
2527 1808 2814 1871 lectionis
2847 1817 2984 1888 pro

1781 1895 2118 1977 defunctis.

1871 1984 1932 2047 A
1942 1984 1996 2046 d
2047 1983 2408 2047 matutinas
2466 1986 2537 2048 in
2597 1993 2770 2047 nocte
2821 2002 2981 2047 cene.

1785 2073 1869 2135 In
1900 2081 2202 2135 nocturno
2230 2074 2596 2155 antiphona.

1787 2160 2058 2293 selus
2094 2160 2332 2225 domus
2371 2172 2484 2225 tue
2523 2160 2815 2225 comedit
2841 2180 2985 2224 me:

1919 2258 1986 2311 et
2031 2249 2384 2331 opprobria
2435 2250 2985 2333 exprobrantium

1790 2336 1909 2400 tibi
1978 2338 2356 2401 ceciderunt
2415 2359 2611 2421 super
2681 2358 2803 2401 rne.
2881 2346 2984 2417 ps'.

1793 2425 2066 2490 Salvum
2148 2448 2255 2491 me
2337 2428 2456 2491 fac.
2545 2428 2680 2491 An.
2772 2425 2988 2490 Aver-

1792 2522 2018 2578 tantur
2067 2524 2418 2580 retrorsum
2479 2525 2548 2581 et
2599 2517 2992 2580 erubescant

1794 2603 1906 2684 qui
1980 2605 2278 2685 cogitant
2353 2606 2512 2668 mihi
2589 2605 2780 2669 mala.
2886 2612 2992 2684 ps'.

1797 2692 1980 2756 Deus
2015 2694 2080 2755 in
2115 2694 2532 2775 adjutorium.
2622 2696 2755 2758 An.
2805 2693 2992 2756 Deus

1796 2800 1983 2843 rneus
2015 2782 2193 2863 eripe
2239 2802 2345 2845 me
2391 2783 2476 2845 de
2523 2803 2721 2846 manu
2753 2801 2990 2865 pecca-

1797 2869 1974 2932 toris
2049 2879 2148 2950 ps.
2215 2870 2294 2933 In
2326 2881 2393 2935 te
2437 2872 2705 2934 domine
2737 2869 2994 2953 speravi

1797 2977 1931 3020 non
1985 2958 2364 3024 confundar.
2459 2961 2576 3042 (ij)
2679 2956 3000 3024 Versiculi

1797 3055 1858 3109 et
1877 3045 1923 3082 ¹⁰
1941 3046 2396 3128 Responsiones
2421 3049 2726 3112 semitono
2736 3046 2994 3130 finiem-

1800 3143 1925 3198 tur.
2016 3151 2064 3221 γ
2141 3136 2416 3218 Exurge
2506 3137 2791 3199 domine.
2901 3134 2998 3197 Et

1794 3222 2020 3303 judica
2075 3243 2346 3296 causam
2429 3246 2664 3290 meam.
2803 3225 3000 3287 Pater

1802 3320 2029 3374 noster
2065 3333 2208 3375 cum
2248 3315 2687 3396 prostratione
2739 3313 3003 3376 dicatur

1802 3400 1968 3462 sicut
1992 3400 2119 3482 fiat
2163 3402 2232 3463 in
2271 3403 2568 3467 omnibus
2601 3400 3002 3465 orationibus

1805 3487 2146 3551 dominicis
2177 3489 2456 3554 istarum
2488 3492 2690 3554 trium
2723 3490 3001 3552 noctium

1805 3585 1956 3638 ante
2009 3577 2327 3642 lectionem
2364 3581 2832 3662 preteritarum
2853 3578 2894 3614 ¹¹
2929 3577 3002 3639 in

1805 3665 2066 3728 sabbato
2167 3677 2318 3731 ante
2403 3668 3004 3750 pronunciationem

1805 3754 2126 3835 evangelii
2180 3765 2258 3818 ut
2298 3767 2482 3838 patet
2539 3757 2834 3838 inferius.
2895 3774 3008 3816 nec

1805 3843 2066 3906 dicatur
2109 3844 2199 3908 Et
2245 3865 2329 3909 ne
2374 3867 2512 3910 nos.
2559 3867 2733 3910 more
2772 3843 2956 3908 solito
2983 3865 3008 3905 .·

1906 4019 1927 4048 ⁵
1961 4018 2127 4069 zelus:
2164 4019 2390 4072 E.G.W.

1908 4085 1929 4112 ⁸
1961 4087 2291 4148 antiphonas:
2325 4089 2392 4139 E.
2406 4089 2461 4137 G.
2484 4087 2559 4139 W

1909 4153 1928 4180 ⁷
1953 4155 2094 4214 pro‘
2113 4154 2201 4200 in’
2223 4170 2287 4203 a:
2323 4154 2388 4202 E.
2406 4156 2460 4204 G.

1907 4219 1928 4246 ⁸
1953 4225 2014 4279 pr
2022 4234 2048 4265 o
2087 4220 2326 4282 ‘singulis
2367 4222 2542 4271 Gloria
2586 4221 2714 4286 patri
2752 4221 3011 4285 subjungi-

1811 4281 1948 4333 mus’
1974 4284 2252 4347 stngzdaria
2267 4287 2652 4352 subj:ungamus
2685 4288 2754 4337 E.
2765 4289 2822 4336 G.

1909 4351 1928 4378 ⁰
1963 4350 2094 4398 hiere
2085 4353 2226 4402 &misr
2263 4355 2329 4403 Ε.
2346 4356 2399 4404 G.
2420 4357 2494 4404 W.

1913 4418 1949 4445 ¹⁰
1989 4418 2076 4464 ‘ct’
2101 4435 2215 4468 om..
2213 4421 2326 4468 -Ιι,

1916 4482 1949 4511 ¹¹
1975 4491 2062 4545 pr
2061 4492 2102 4533 ’ct
2089 4503 2321 4550 crquam:
2365 4489 2423 4536 G.
