3375 5100
1023 363 1337 420 SANCTJ
1390 364 1773 420 WILELMI
1813 365 2214 421 EPISCOPI.

872 457 1025 514 185

355 561 653 628 willelmi
685 582 923 646 corpus
968 583 1122 629 cum
1163 563 1561 630 solennitate

361 671 502 734 qua
534 652 759 716 decuit
791 654 880 717 ab
910 673 1070 736 ymo
1108 653 1175 716 in
1205 653 1416 717 altum
1444 675 1459 718 ε
1522 674 1565 718 a

358 741 700 804 communi
754 740 903 805 loco
962 743 1029 804 in
1076 741 1351 806 chorum
1404 761 1562 806 ven-

359 828 698 892 erabiliter
770 839 873 892 est
948 830 1382 894 translatum:
1474 831 1558 894 ad

358 916 633 980 laudem
732 917 991 982 domini
1096 919 1303 982 nostri
1398 918 1560 1000 Jesu

361 1004 651 1070 Christi.¹
686 1015 789 1088 ps‘:
832 1006 935 1069 Te
964 1007 1165 1070 deum
1192 1007 1559 1071 laudamus,

356 1109 409 1179 γ
455 1093 595 1158 Ora
625 1114 747 1176 pro
776 1094 986 1159 nobiS.

448 1181 535 1244 In
625 1182 933 1246 laudibus
1034 1191 1141 1246 an'.
1278 1181 1563 1248 Claudi.²

359 1268 455 1355 γ’
500 1270 916 1335 Benedictus,
968 1270 1199 1335 Oratio
1228 1279 1303 1333 ut
1316 1282 1517 1352 supra
1536 1271 1560 1308 ⁴

358 1366 425 1420 et
459 1368 665 1421 cetera
717 1369 794 1421 ut
836 1359 907 1422 in
953 1359 1085 1422 alio
1130 1360 1307 1441 fi’sto
1332 1381 1357 1423 .·
1412 1380 1557 1422 cum

361 1447 678 1509 memoria
751 1447 831 1510 de
888 1447 1227 1529 epiphania
1248 1469 1273 1510 .·
1348 1457 1411 1510 et
1480 1448 1561 1510 a'e

269 1564 275 1568 ·
360 1533 630 1597 domina
650 1556 675 1599 .·
720 1543 785 1597 et
808 1535 887 1597 de
921 1537 1103 1615 festo
1149 1536 1354 1599 trium
1387 1536 1559 1600 lecti-

360 1643 557 1685 onum
617 1622 683 1685 si
729 1623 1020 1687 evenerit.
1108 1623 1234 1686 Ad
1257 1624 1556 1704 primam

359 1711 861 1793 Responsorium
910 1711 1069 1793 Jesu
1105 1711 1367 1776 Christe
1412 1733 1556 1775 cum

360 1797 525 1863 all’a.
618 1816 682 1886 γ.
744 1799 879 1882 Qui
926 1801 1305 1882 apparuisti.
1394 1801 1563 1864 Nisi

360 1887 501 1969 ejus
542 1887 799 1968 festum
853 1896 916 1951 et
969 1897 1186 1951 octave
1224 1887 1558 1970 epiphanie

356 1984 746 2038 concurrant
816 1975 887 2038 in
956 1976 1323 2042 dominica.-
1399 1977 1557 2059 quia

358 2073 513 2127 tunc
541 2063 951 2127 non'dicetur
978 2085 1121 2127 cum
1153 2064 1416 2129 alleluia
1449 2086 1559 2128 nec

355 2173 503 2214 cum
533 2173 743 2216 versu.
791 2151 924 2234 Qui
959 2154 1339 2235 apparuisti.
1387 2154 1552 2216 Act-'³

354 2241 530 2304 alias
557 2240 754 2304 horas
784 2251 861 2304 ut
900 2251 1099 2322 supra
1130 2241 1199 2304 in
1230 2243 1363 2305 alio
1378 2243 1553 2324 fl’sto

352 2349 499 2391 cum
559 2330 853 2392 oratione
894 2328 1359 2412 Omnipotens,
1466 2330 1551 2394 In

352 2417 651 2480 secundis
724 2417 1001 2500 vesperis
1021 2417 1046 2455 ⁶
1110 2417 1243 2482 an!
1363 2417 1552 2482 Ante

352 2503 715 2571 luciferum.
793 2515 858 2569 et
924 2507 1156 2570 cetere⁸
1229 2515 1553 2589 sequentes

450 2694 465 2723 ¹
499 2692 587 2742 Re.
618 2692 745 2742 Adit
768 2692 925 2742 sancti
940 2692 1186 2742 tumulum
1198 2692 1548 2758 languidorum

346 2765 501 2810 cetus.
576 2758 642 2808 Et
666 2759 751 2823 qui
786 2760 1029 2823 plangens
1066 2766 1266 2809 venerat
1306 2760 1549 2824 plaudens

344 2824 475 2875 redit
498 2824 637 2874 letus.
715 2814 766 2889 Ῠ
792 2826 1006 2875 Presulis
1028 2826 1307 2875 antidotum
1346 2841 1549 2889 presens

346 2898 423 2939 est
462 2890 632 2955 egenis
670 2906 771 2955 quo
810 2891 1019 2941 devotos
1058 2891 1234 2941 liberat
1272 2892 1493 2956 pluribus
1518 2907 1548 2941 a

346 2956 506 3020 penis.
580 2956 647 3005 Et
669 2957 1033 3071 quithgenS.
1108 2958 1296 3007 Gloria.
1372 2957 1439 3008 Et
1459 2958 1547 3023 qui

346 3022 619 3138 1)ιῦἳέξέἒέ
642 3022 849 3139 magunt
863 3023 1074 3139 Egi-dy
1074 3060 1086 3074 ι
1094 3089 1337 3153 effugatur
1357 3089 1546 3154 epilep-

344 3153 413 3203 sis
456 3154 623 3219 passio
668 3155 867 3204 sanitati
913 3155 1073 3205 datur.
1164 3162 1244 3219 ps.
1296 3156 1547 3205 Dominus

342 3221 583 3284 regnavit.
634 3226 724 3271 αῆ.
812 3221 1091 3285 Pur-gantur
1122 3222 1347 3286 ydropici
1373 3222 1545 3272 laudes

342 3286 517 3336 fantur
558 3286 685 3336 muti
710 3286 856 3336 datur
876 3287 1149 3352 paraliticis
1181 3288 1281 3337 suis
1307 3288 1545 3337 membris

340 3352 433 3403 uti.
498 3360 575 3417 pf.
602 3353 839 3416 Jubilate.
913 3360 999 3403 an.
1072 3353 1235 3430 Lepre
1268 3354 1414 3417 tergit
1438 3369 1542 3403 ma·

341 3418 514 3469 cuias:
560 3420 784 3467 membra
828 3418 914 3468 dat
960 3424 1185 3469 castratis
1231 3420 1399 3469 lumen
1444 3420 1540 3484 [lu-

342 3500 587 3551 menque:
623 3484 715 3547 G.]
739 3485 825 3534 dat
849 3485 1074 3549 pluribus
1113 3485 1220 3535 sine
1243 3486 1353 3535 luce
1386 3486 1531 3537 natiS.

334 3557 413 3615 pf.
464 3552 605 3601 Deus
648 3551 771 3601 deus
821 3566 976 3601 meus.
1069 3554 1176 3601 Αῆ.
1240 3552 1465 3616 Rapiunt
1510 3568 1541 3601 a

340 3616 511 3681 pugile
534 3616 615 3667 lex
637 3624 688 3667 et
728 3616 885 3667 hostis
909 3617 1077 3666 lumen
1112 3618 1247 3682 quod
1272 3634 1360 3682 per
1398 3633 1538 3667 sanc·

338 3692 448 3732 tum
485 3691 679 3748 reparat
718 3698 836 3732 ceco
873 3683 968 3733 celi
1006 3698 1207 3732 numen.
1275 3690 1350 3747 ps.
1384 3684 1541 3733 Bene-

336 3748 507 3799 dicite.
578 3750 683 3799 An.
714 3749 799 3797 Ab
820 3748 986 3813 abyssi
1006 3748 1229 3799 saucibus
1251 3750 1407 3799 biduo
1428 3751 1542 3799 sub-

338 3830 557 3864 mersum
611 3822 771 3864 mater
826 3823 999 3864 natum
1056 3815 1231 3881 recipit
1271 3881 1282 3893 ·
1296 3830 1328 3863 a
1380 3823 1544 3865 morte

336 3896 625 3996 ἓῖἕὲἶέᾚ..
681 3881 1077 4011 {suffigit
1115 3882 1543 4013 ..fitssssmfffffflssi

331 4013 507 4077 Justus
543 4012 860 4077 germinabit.
933 4013 1001 4061 In
1046 4015 1299 4077 evangelio
1334 4018 1418 4063 an.
1490 4014 1539 4065 Ο

334 4078 572 4128 willelme
594 4087 763 4143 pastor
784 4078 916 4128 bone
938 4078 1058 4129 cleri
1095 4087 1237 4144 pater
1258 4087 1308 4129 et
1331 4086 1538 4144 patrone

334 4144 509 4194 mundi
550 4146 697 4195 nobis
731 4145 785 4193 in
821 4160 983 4209 agone
1004 4144 1173 4194 confer
1196 4161 1343 4210 opem
1377 4154 1427 4195 et
1451 4146 1535 4195 de-

334 4226 469 4275 pone
514 4210 615 4260 vite
670 4210 843 4260 sordes
887 4218 937 4260 et
982 4226 1164 4261 corone
1218 4212 1414 4261 celestis
1470 4212 1536 4261 da

331 4276 533 4341 gaudia.
584 4276 741 4325 Add:
776 4276 997 4327 E.G.W.

431 4344 452 4373 ⁸
494 4343 639 4407 ‘pro’
667 4331 811 4407 ffps.
836 4358 852 4392 .·
875 4343 1107 4393 E.G.W.

433 4410 453 4439 ⁴
485 4410 681 4457 Abhinc
704 4426 856 4473 usque
893 4410 965 4457 ad
997 4410 1013 4437 ⁸
1030 4409 1331 4473 apparmssrti’
1372 4409 1541 4459 omnia

328 4490 423 4523 om.
445 4490 463 4523 .·
497 4476 563 4523 E.
576 4475 634 4525 G.
652 4475 728 4523 W.

431 4544 451 4571 ⁵
482 4541 574 4589 Ad
588 4541 735 4589 horas
745 4542 1010 4606 antiphone
1024 4541 1083 4590 de
1096 4540 1340 4592 laudibus.
1378 4542 1541 4591 Cetera

2204 459 2347 516 186

1660 585 1808 628 cum
1825 565 2108 647 psalmis
2149 565 2231 628 de
2271 564 2658 630 nativitate?
2745 566 2862 632 Re.

1657 653 1832 717 Adit
1889 654 2100 717 sancti
2159 653 2563 717 tumulum.¹⁰
2651 663 2714 717 et
2759 676 2855 717 ce-

1661 751 1801 805 tera
1835 751 1911 805 ut
1951 742 2020 804 in
2052 740 2184 804 alio
2211 743 2390 824 sesto
2410 762 2553 804 cum
2573 742 2864 806 oratione

1643 829 1956 912 predicta.
2050 829 2139 893 Si
2165 839 2377 893 autem
2412 830 2597 893 istud
2600 832 2860 910 festum

1658 926 1723 980 et
1735 928 1950 981 octave
1973 919 2364 982 occurrerint
2393 918 2462 980 in
2482 919 2807 982 dominica
2834 942 2859 982 .·

1660 1007 2052 1088 anticipetur
2086 1007 2431 1070 servitium
2479 1017 2855 1070 octavarum-

1658 1103 1723 1157 et
1745 1095 1888 1178 fiat
1922 1095 2030 1158 die
2073 1094 2331 1158 sabbati
2376 1115 2522 1158 cum
2557 1095 2643 1159 ix.
2689 1095 2858 1158 lecti-

1658 1183 1887 1246 onibus
1944 1193 2007 1247 et
2059 1203 2202 1246 cum
2245 1183 2631 1264 expositione
2663 1204 2856 1246 evan-

1646 1270 1829 1353 gelii.
1961 1271 2154 1335 Vidit
2221 1270 2550 1354 johannes
2623 1270 2856 1352 Jesum

1658 1360 2052 1423 venientem.
2129 1369 2194 1422 et
2245 1380 2391 1422 cum
2451 1359 2684 1423 eisdem
2736 1381 2854 1422 an-

1656 1446 1940 1528 tiphonis
1967 1469 2089 1530 que
2106 1457 2446 1529 ponuntur
2503 1447 2572 1510 in
2617 1448 2860 1510 octavis

1655 1545 1720 1596 et
1728 1537 1869 1618 fiat
1893 1537 1975 1599 de
1997 1537 2176 1617 festo
2219 1536 2435 1599 sancti
2461 1535 2758 1598 willelmi
2785 1537 2856 1598 in

1654 1623 1977 1687 dominica
2017 1623 2362 1688 secundum
2415 1624 2676 1687 modum
2707 1634 2856 1705 pre-

1652 1713 2032 1776 ordinatum
2056 1735 2080 1776 :
2167 1722 2231 1776 et
2318 1722 2472 1776 tunc
2543 1712 2852 1774 dicantur

1652 1801 1998 1882 antiphone
2021 1811 2214 1882 super
2243 1800 2537 1881 psalmos
2573 1799 2855 1880 fen'ales

1655 1888 1726 1950 in
1771 1890 2024 1970 primis
2071 1889 2345 1969 vesperis
2379 1897 2485 1952 an.
2581 1889 2662 1950 In
2713 1889 2853 1951 wil-

1653 1976 1835 2040 lelmi
1890 1974 2264 2040 laudibus¹¹
2372 1997 2517 2038 cum
2541 1975 2588 2014 ¹²
2633 1977 2856 2039 ceteris

1652 2064 2024 2146 antiphonis
2071 2073 2149 2127 ut
2191 2064 2262 2126 in
2305 2063 2438 2127 alio
2454 2064 2634 2144 festo
2654 2087 2678 2127 .·
2750 2085 2852 2127 ex-

1654 2153 1842 2234 ceptis
1872 2153 2048 2235 quod
2067 2153 2343 2215 secunda
2359 2152 2712 2233 'antiphona
2728 2153 2858 2216 erit

1651 2240 1783 2303 ista
1827 2241 2192 2323 antiphona.
2272 2240 2370 2303 Pii
2401 2240 2609 2322 patris
2649 2239 2853 2304 hodie

1648 2349 1890 2411 corpus
1928 2338 2030 2392 est
2073 2327 2508 2392 translatum:
2555 2329 2736 2410 quod
2783 2330 2849 2391 in

1650 2417 1788 2481 imo
1814 2416 2026 2500 jacuit
2057 2417 2125 2480 in
2156 2416 2296 2480 alto
2325 2417 2637 2480 locatum.
2714 2417 2854 2480 Nec

1630 2507 1774 2591 fiat
1827 2505 2055 2590 aliqua
2126 2505 2362 2570 mentio
2422 2504 2703 2587 a'oe’nccps
2774 2505 2855 2569 de

1646 2692 1708 2742 de
1759 2693 2014 2744 communi
2063 2708 2176 2743 cum
2219 2693 2440 2743 oratione
2493 2690 2842 2756 Omnipotens
2869 2752 2873 2757 .

1646 2760 1715 2808 Ε
1731 2760 1790 2855 ⁶⁸⁶
1808 2760 1901 2873 ffb
1915 2831 2162 2889 vesperas.-
2195 2826 2266 2875 E.
2280 2825 2338 2875 G.
2354 2824 2429 2875 W.

1749 2894 1767 2921 '¹
1800 2892 2002 2940 Abhinc
2045 2907 2192 2956 nsque
2244 2891 2317 2941 ad
2361 2895 2376 2919 ⁶
2389 2888 2630 2955 hymnus’
2675 2891 2847 2941 omnia

1644 2972 1776 3055 mi
1805 2957 2148 3087 ‘thfflone’
2181 3023 2311 3072 add.-
2347 3023 2416 3071 E.
2430 3022 2577 3072 G.W.

1747 3092 1768 3120 ⁰
1805 3095 1820 3116 ‘
1845 3090 1963 3154 Cap.
1995 3089 2402 3139 Benedictionem
2419 3088 2432 3111 ²
2454 3088 2579 3139 add:
2607 3088 2667 3137 E.
2677 3088 2741 3139 G.

1749 3154 1787 3185 ¹⁰
1820 3156 2061 3219 IIymnus·
2073 3156 2194 3219 Jesu
2214 3156 2512 3219 redemptor.
2555 3144 2606 3219 Ῠ
2620 3154 2841 3204 Amavit.

1645 3221 1715 3269 In
1759 3237 1900 3271 evan.
1950 3226 2034 3271 an.
2106 3222 2227 3299 Jesu
2270 3229 2440 3299 nostra
2470 3220 2651 3298 fidncia
2681 3220 2850 3297 honor

1646 3294 1817 3337 noster
1837 3295 1888 3336 et
1910 3302 2052 3337 amor
2073 3294 2228 3337 virtus
2263 3288 2430 3337 lenma
2450 3294 2555 3337 vita
2591 3293 2772 3335 ventas
2794 3293 2846 3335 et

1642 3354 1978 3417 viajustorum
2001 3370 2100 3419 pax
2119 3361 2166 3403 et
2183 3354 2364 3419 [patria
2387 3370 2399 3403 t
2434 3352 2497 3403 G.
2506 3352 2590 3401 W.
2652 3359 2848 3416 patera:

1643 3419 1734 3482 Ε.]
1759 3428 1844 3469 tua
1875 3436 1967 3470 nos
1990 3420 2255 3469 clementia
2278 3418 2480 3469 wilelmi
2504 3433 2594 3483 per
2615 3417 2850 3481 suffragia

1640 3485 1706 3534 de
1752 3487 1896 3548 [hacz
1931 3485 2024 3551 G.]
2069 3485 2242 3534 mundi
2287 3484 2484 3534 miseria
2529 3482 2736 3533 transfer
2778 3482 2848 3531 ad

1642 3552 1859 3602 celestia.
1921 3557 2002 3617 ps.
2058 3550 2368 3615 Magnificat.
2446 3550 2561 3599 03²0.
2598 3548 2846 3613 Omnipo-

1642 3624 1752 3667 tens
1775 3624 1824 3666 et
1847 3617 2139 3667 misericors.
2179 3617 2308 3666 add:
2340 3616 2408 3664 E.
2423 3615 2479 3664 G.
2498 3614 2575 3663 W.

1747 3684 1780 3713 ¹¹
1815 3682 1948 3732 laxet
1971 3682 2131 3731 clerus
2169 3682 2276 3731 lora
2297 3700 2310 3730 ι
2343 3681 2406 3729 sit
2431 3680 2482 3729 in
2505 3678 2702 3743 hymnis
2723 3694 2843 3729 can-

1644 3747 1762 3797 ticis
1783 3749 1959 3798 concio
1998 3762 2196 3797 canora.
2269 3752 2354 3797 al.
2397 3745 2474 3795 Pii
2498 3745 2652 3810 patris
2689 3744 2848 3795 hodie

1641 3828 1704 3929 1⁰1?
1705 3829 1836 3930 '3122
1843 3814 2266 3930 ffifflmffi
2297 3810 2849 3942 ὅῖἳῖἐέωὶῗιῗεέἒξῖἕῗ

1640 3946 1742 3995 rius
1771 3946 1878 4062 jffi
1911 3917 2168 3995 thesau'ms
2203 3945 2322 4024 ueri
2328 3945 2506 4062 2311&
2508 3961 2541 3993 0
2661 3944 2846 4059 ωεῖῑὶεὶ

1638 4026 1812 4127 ἓῗῑῖἳιε
1831 4019 1980 4143 gaas‘
1933 4028 2484 4128 ⁰¹³⁶‹:“1¹21?L‘Zi¹·mnes”;oe
2509 4026 2845 4128 22:353.ssss

1637 4144 1890 4194 retrahant
1917 4144 2076 4194 calcat
2101 4153 2155 4194 ut
2178 4160 2255 4194 res
2272 4145 2409 4194 viles.
2482 4146 2588 4195 An.
2635 4144 2696 4193 In
2720 4144 2839 4193 doc-

1636 4210 1766 4259 trina
1789 4211 2003 4260 solidum
2030 4211 2198 4259 cibum
2232 4211 2319 4261 dat
2343 4212 2590 4276 provectis
2621 4218 2671 4260 et
2693 4210 2840 4259 lactis

1635 4276 1952 4327 dulcedinem
2012 4277 2187 4328 miscet
2256 4277 2576 4343 imperfectis.
2681 4276 2802 4325 Add
2828 4294 2844 4324 z

1634 4342 1861 4457 EGs'sz·
1887 4410 2028 4459 verbo
2071 4412 2084 4437 ⁸
2097 4426 2210 4459 cum
2227 4410 2240 4431 '
2268 4426 2418 4475 usque
2453 4410 2526 4460 ad
2565 4412 2580 4437 ⁸
2593 4409 2807 4458 locatum
2829 4406 2842 4429 '

1642 4490 1736 4527 om.
1757 4492 1774 4525 .·
1807 4476 1874 4526 Ε.
1890 4477 1948 4527 G.
1964 4477 2038 4525 W.
