3375 5100
1082 365 1200 421 NA
1211 363 1491 421 TJVITA
1506 361 1638 419 TIS
1681 364 2011 420 DOMINI.

397 579 462 646 A
470 580 524 643 d
543 589 797 644 sextam
827 589 934 644 an.
1011 578 1331 645 Crastina.
1392 587 1494 660 ps':

313 666 593 734 Defecit.
1108 667 1496 750 Capitulum.

462 778 574 821 cce
633 757 942 821 dominus
1003 758 1071 821 in
1113 756 1499 820 fortitudine

461 847 722 909 veniet:
797 855 866 909 et
955 845 1295 910 brachium
1355 845 1496 926 ejus

312 933 804 999 dominabitur:
850 954 1002 997 ecce
1063 954 1309 997 merces
1353 934 1498 1015 ejus

311 1043 464 1086 eum
526 1043 650 1086 eo:
696 1031 764 1085 et
823 1042 990 1105 opus
1051 1023 1220 1085 illius
1274 1041 1494 1086 coram

311 1111 444 1174 illo.
475 1111 589 1174 Re.
617 1111 842 1174 Hodie
859 1111 1077 1175 scietis
1101 1111 1256 1192 quia
1278 1111 1499 1174 veniet

309 1201 636 1263 dominus
744 1198 939 1264 All'a.
1027 1199 1218 1263 All'a.
1310 1215 1358 1284 γ
1405 1199 1497 1262 Et

313 1307 510 1351 mane
582 1287 892 1352 videbitis
982 1287 1259 1371 gloriam
1335 1286 1494 1369 ejus,

310 1376 514 1440 All’a.
601 1375 840 1440 Gloria.
909 1376 1147 1440 Hodie.
1223 1393 1271 1462 γ
1303 1375 1496 1440 Cras-

311 1466 454 1527 tina
483 1465 623 1528 erit.
719 1464 951 1530 Oratio
999 1465 1180 1528 Deus
1212 1466 1322 1547 qui
1355 1484 1492 1529 nos,

399 1553 523 1616 Ad
563 1571 797 1616 nonam
827 1561 932 1617 an.
983 1554 1136 1617 Rex
1168 1553 1494 1635 pacificus,

299 1650 396 1723 pf.
432 1641 775 1705 Mirabilia.
1110 1641 1492 1724 Capitulum.

327 1729 754 1861 Videbunt
813 1737 1044 1811 gentes
1090 1729 1346 1811 justum
1391 1739 1494 1794 tu-

477 1838 616 1882 um:
636 1829 702 1881 et
724 1819 942 1882 cuncti
963 1838 1150 1900 reges
1174 1817 1492 1901 inclytum

308 1915 542 1970 tuum:
589 1915 656 1970 et
698 1907 1039 1970 vocabitur
1082 1907 1204 1970 tibi
1252 1926 1495 1971 nomen

311 2014 558 2058 novum
590 1995 770 2077 quod
803 2015 878 2057 os
909 1995 1162 2059 domini
1195 1997 1492 2058 nomina-

307 2084 422 2146 vit.
469 2083 580 2146 Re.
616 2083 922 2147 Crastina
945 2084 1068 2147 erit
1090 2083 1278 2147 vobis
1296 2083 1491 2148 salus.

307 2170 490 2234 All’a
547 2171 746 2234 All’a.
850 2187 901 2257 γ
947 2172 1128 2236 Dicit
1185 2173 1492 2237 dominus

309 2262 477 2324 deus
524 2261 960 2323 exercituum.
1049 2259 1231 2323 All'a
1295 2260 1490 2325 All’a.

309 2347 554 2412 Gloria.
646 2349 970 2412 Crastina.
1089 2365 1137 2434 γ
1183 2348 1493 2432 Magnifi-

305 2446 496 2499 catus
540 2445 643 2500 est
690 2457 811 2500 rex
859 2435 1184 2518 pacificus,
1279 2437 1493 2520 Super

307 2546 540 2589 omnes
633 2545 818 2609 reges
907 2526 1206 2591 universe
1300 2535 1488 2591 terre.

306 2614 476 2679 all'a.
568 2615 798 2679 Oratio
843 2615 1028 2678 Deus
1069 2617 1182 2698 qui
1230 2636 1348 2679 nos
1393 2636 1491 2679 re-

305 2704 726 2785 demptionis,

399 2792 488 2855 Si
535 2791 775 2873 vigilia
818 2790 1192 2855 nativitatis
1241 2791 1495 2856 domini

307 2880 380 2943 in
439 2880 762 2943 dominica
817 2879 1097 2945 evenerit
1112 2901 1136 2944 .·
1183 2879 1489 2945 invitato-

307 2968 488 3031 rium
589 2968 1035 3032 Prestolantes
1128 2969 1377 3032 dicetur
1444 2991 1489 3032 a

304 3056 552 3121 duobus
634 3056 998 3120 cantoribus
1078 3056 1269 3121 chori.
1385 3066 1488 3139 pff.

307 3146 549 3209 Venite
596 3156 658 3209 et
706 3155 907 3209 cetera
950 3146 1170 3208 omnia
1218 3167 1337 3229 que
1378 3168 1486 3209 su-

298 3237 523 3316 perius
554 3234 622 3297 in
666 3233 989 3299 dominica
1032 3245 1271 3317 quarta
1313 3235 1489 3298 ordi-

307 3332 466 3385 nata
509 3332 668 3386 sunt
717 3344 914 3405 usque
957 3322 1057 3386 ad
1105 3322 1487 3387 versiculum

303 3421 456 3474 ante
481 3411 919 3493 expositionem
963 3410 1082 3493 qui
1105 3411 1235 3473 erit
1265 3412 1490 3476 Hodie

305 3501 544 3563 scietis
656 3500 725 3563 E
725 3499 994 3582 apositio
1028 3520 1174 3563 vero
1201 3510 1267 3563 et
1290 3510 1490 3563 cetera

303 3587 525 3651 omnia
576 3609 697 3671 que
739 3598 1096 3671 sequuntur
1134 3589 1215 3651 de
1253 3588 1489 3670 vigilia

302 3686 496 3740 erunt
516 3700 540 3740 .·
607 3696 716 3739 nec
757 3678 982 3759 aliqua
1033 3676 1112 3739 de
1166 3676 1490 3741 dominica

299 3765 586 3847 deinceps
611 3764 711 3829 ad
733 3766 1091 3828 matutinas
1112 3766 1217 3828 vel
1238 3766 1333 3829 ad
1348 3765 1491 3829 lau-

299 3852 412 3917 des
429 3854 535 3917 vel
546 3853 640 3916 ad
650 3854 977 3937 horasfiet
992 3854 1223 3916 mentio
1238 3878 1261 3917 .·
1275 3864 1496 3935 preter

285 3941 660 4025 psalmum.¹
701 3942 798 4004 ad
818 3943 1114 4024 primam
1159 3942 1492 4025 Expositio

303 4031 476 4095 Cum
538 4039 712 4094 esset
771 4031 1188 4112 desponsata.
1233 4030 1338 4113 vij
1375 4032 1487 4097 Re.

299 4117 838 4185 Sanctificamini.
869 4118 1000 4201 viij
1025 4119 1139 4184 Re.
1163 4118 1492 4184 Constan-

300 4219 404 4272 tes
456 4217 686 4271 estote.
735 4208 808 4270 ix
845 4208 958 4272 Re.
1010 4206 1486 4273 Sanctificami-

299 4299 366 4359 ni
433 4296 567 4361 filii.
697 4295 918 4362 Cetera
984 4296 1268 4377 deinceps
1345 4317 1485 4359 cum

286 4384 570 4468 psalmis
627 4384 728 4449 ad
783 4384 955 4449 diem
1014 4385 1490 4467 pertinentibus

593 4538 610 4571 ¹
641 4538 914 4589 Deus-deus
935 4538 1660 4604 meusrespieeadd.·E.WG.

591 4607 610 4636 ⁸
642 4606 823 4656 Alvus:
859 4608 991 4657 lenG.
1003 4606 1081 4655 W.

2145 475 2239 530 74

1592 577 1763 642 sicut
1789 577 1861 641 in
1890 578 2124 661 vigilia
2150 579 2571 661 preordinata
2610 591 2789 646 sunt.

1599 666 1848 731 Oratio.
1895 668 2079 731 Deus
2109 668 2222 750 qui
2254 688 2395 733 nos
2452 668 2789 733 Memoria

1597 775 1725 818 non
1753 755 2024 820 dicatur.

1683 843 1809 908 Ad
1844 845 2142 926 primam
2206 853 2311 909 aii.
2377 844 2606 926 Judea.
2683 855 2787 927 pf.

1601 932 1784 995 Deus
1844 934 2008 997 deus
2070 953 2256 996 meus
2314 935 2577 1016 respice.
2681 944 2787 1017 pff.

1599 1020 1996 1104 Quicunque
2026 1020 2184 1086 vult.
2272 1022 2391 1085 sub
2418 1021 2635 1086 eadem
2678 1031 2783 1086 αῆ.

1602 1108 1973 1190 Capitulum
2083 1110 2371 1174 Domine
2464 1111 2787 1176 miserere.

1595 1197 1709 1260 Re.
1755 1199 1915 1280 Jesu
1949 1196 2207 1263 Christe
2238 1218 2381 1262 cum
2422 1198 2685 1262 alleluia
2726 1209 2797 1264 et

1594 1295 1796 1349 cetera
1825 1297 1901 1350 ut
1924 1299 2141 1370 supra.

1687 1379 1753 1454 ([
1784 1376 1867 1438 In
1892 1376 2127 1457 vig-ilia
2150 1372 2522 1438 nativitatis·
2536 1375 2797 1439 domini

1594 1464 1693 1526 ad
1715 1474 2007 1546 vesperas
2035 1464 2401 1547 antiphona.

1593 1553 1920 1686 Scitote
1950 1553 2107 1636 quia
2138 1573 2345 1635 prope
2374 1560 2477 1615 est
2506 1571 2785 1634 regnum

1718 1641 1867 1705 dei:
1935 1661 2129 1704 amen
2182 1642 2333 1704 dico
2384 1641 2573 1704 vobis
2627 1641 2788 1724 quia

1594 1748 1729 1792 non
1760 1729 2067 1794 tardabit.
2119 1739 2224 1812 pff.
2254 1728 2559 1792 Laudate
2578 1729 2786 1812 pueri.

1594 1826 1699 1881 an.
1749 1819 2000 1881 Levate
2058 1819 2281 1900 capita
2326 1825 2585 1881 vestra:
2629 1837 2785 1882 ecce

1595 1905 2154 1989 appropinquabit
2216 1906 2585 1987 redemptio
2638 1926 2785 1969 ves-

1595 2003 1712 2058 tra.
1833 2004 1935 2077 pi.
2027 1993 2331 2058 Laudate
2435 1994 2783 2058 dominum

1593 2102 1826 2146 omnes
1849 2092 2096 2164 gentes,
2172 2091 2276 2146 aii.
2313 2082 2783 2164 Magnificatus

1593 2181 1695 2234 est
1744 2192 1863 2234 rex
1923 2170 2234 2254 pacificus
2292 2191 2491 2252 super
2548 2189 2787 2234 omnes

1592 2280 1781 2342 reges
1804 2260 2103 2323 universe
2118 2269 2307 2322 terre.
2365 2267 2465 2340 pff.
2544 2257 2784 2323 Lauda

1591 2350 1815 2412 anima
1844 2369 2011 2412 mea.
2100 2357 2205 2411 aii.
2256 2345 2589 2428 Completi
2624 2355 2781 2410 sunt

1590 2438 1733 2501 dies
1758 2438 1961 2500 marie
1980 2445 2054 2499 ut
2072 2445 2331 2518 pareret
2352 2435 2561 2498 filium
2585 2453 2781 2498 suum

1589 2526 2120 2609 primogenitum.
2193 2533 2293 2607 pJ.
2329 2525 2632 2593 Laudate
2661 2523 2783 2587 do·

1589 2615 1845 2678 minum
1867 2616 2201 2697 quoniam.
2247 2622 2353 2677 aii.
2402 2613 2577 2677 Ecce
2600 2632 2787 2677 com-

1589 2703 1774 2786 pleta
1816 2712 1971 2767 sunt
2002 2703 2226 2766 omnia
2258 2722 2388 2784 que
2416 2702 2596 2765 dicta
2625 2710 2783 2765 sunt

1588 2812 1709 2875 per
1730 2792 2039 2874 angelum
2064 2792 2151 2855 de
2166 2791 2419 2873 virgine
2438 2791 2659 2854 maria.
2678 2798 2783 2872 pi.

1587 2882 1828 2945 Lauda
1858 2880 2267 2944 hierusalem.
2393 2877 2781 2961 Capitulum.

1740 2970 1976 3052 opulus
2006 2970 2306 3051 gentium
2338 2968 2451 3049 qui
2484 2965 2781 3030 ambula-

1740 3058 1857 3121 bat
1905 3059 1970 3121 in
2022 3056 2309 3120 tenebris
2350 3056 2518 3119 vidit
2564 3055 2779 3120 lucem

1591 3166 1905 3228 magnam
1930 3144 2383 3209 habitantibus
2416 3146 2480 3207 in
2515 3145 2787 3226 regione

1589 3235 1822 3298 umbre
1880 3234 2112 3297 mortis
2166 3232 2286 3297 lux
2331 3242 2479 3297 orta
2520 3242 2623 3296 est
2668 3234 2785 3297 eis,

1589 3323 1701 3387 Re.
1792 3323 2009 3405 Judea
2040 3332 2107 3385 et
2136 3321 2527 3385 hierusalem
2576 3320 2783 3385 nolite

1589 3412 1842 3476 timere.
1934 3412 2097 3476 Cras
2121 3410 2547 3492 egrediemini
2572 3420 2640 3473 et
2664 3409 2783 3473 do-

1589 3502 1808 3564 minus
1868 3501 1993 3563 erit
2042 3498 2402 3563 vobiscum.
2491 3515 2539 3584 y
2604 3497 2785 3561 Con·

1588 3598 1841 3653 stantes
1872 3596 2086 3651 estote
2116 3587 2423 3651 videbitis
2454 3584 2779 3649 auxilium

1589 3678 1842 3741 domini
1872 3697 2070 3761 super
2097 3696 2231 3739 vos.
2296 3675 2473 3739 Cras.
2531 3672 2783 3737 Gloria.

1592 3766 1772 3831 Cras.
2455 3760 2780 3841 Hymnus.

1607 3854 1863 3986 Veni
1908 3853 2289 3933 redemptor
2330 3851 2629 3932 gentium
2675 3870 2786 3914 os-

1756 3942 1956 4005 tende
1987 3949 2249 4023 partum
2281 3940 2552 4020 virginis
2588 3939 2785 4002 mire-

1589 4040 1703 4095 tur
1752 4050 1950 4094 omne
2020 4028 2315 4093 seculum
2376 4027 2528 4091 talis
2586 4028 2785 4092 decet

1591 4129 1821 4202 partus
1895 4120 2113 4182 deum.
2223 4118 2384 4181 Non
2462 4138 2549 4180 ex
2608 4116 2781 4180 virili

1589 4210 1842 4272 semine
1900 4208 2015 4272 sed
2078 4208 2362 4289 mystico
2427 4206 2787 4288 spiramine

1586 4297 1864 4362 verbum
1925 4298 2033 4361 dei
2092 4295 2340 4359 factum
2416 4293 2555 4358 est²
2625 4313 2781 4357 caro

1589 4385 1967 4468 fructusque
1978 4385 2221 4449 ventris
2240 4382 2475 4447 floruit.
2528 4380 2785 4449 Ulvus⁸

1882 4540 1903 4571 ²
1942 4537 2073 4589 ‘est’
2096 4553 2231 4589 oni-z
2264 4536 2487 4589 E.G.W.
