3375 5100
1291 297 1391 350 IN
1437 295 1486 348 C
1487 296 1614 349 OM
1611 293 1743 348 ME
1745 295 1819 348 M
1820 293 1976 348 ORA
1994 293 2249 350 TIONE

1035 405 1188 461 708

513 511 833 592 Hymnus.
887 511 1148 576 Christe
1197 511 1578 592 redemptor
1636 519 1713 573 ut

448 613 464 629 ·
510 610 724 682 supra.
809 600 896 663 In
955 609 1260 662 nocturno
1317 608 1423 662 aii.
1503 599 1710 664 Secus

513 687 826 752 decursus
879 708 1217 770 aquarum.
1295 697 1394 771 pf.
1461 688 1707 751 Beatus

511 777 611 839 vir
657 787 718 841 et
743 777 931 840 ceteri
973 777 1226 860 psalmi
1267 776 1709 858 plurimorum

513 875 878 946 martyrum
888 874 1106 948 preter
1121 885 1362 928 nonum
1371 864 1709 946 psalmum

511 955 638 1018 loco
666 955 849 1036 cujus
875 953 1015 1018 erit.
1048 963 1146 1036 pf.
1201 953 1614 1017 Benedicam.
1661 970 1709 1038 y

519 1041 846 1107 Exultent
872 1042 1052 1123 justi.
1420 1041 1634 1104 Lectio
1643 1040 1707 1123 j.

695 1151 770 1194 os
815 1141 1037 1194 autem
1072 1130 1303 1194 fratres
1342 1128 1707 1193 charissimi

679 1219 744 1282 in
777 1221 1076 1282 omnium
1109 1218 1483 1300 primordiis
1521 1238 1710 1281 sanc-

515 1315 733 1370 torum
768 1309 1108 1371 nominare
1155 1306 1424 1370 laudare
1469 1316 1537 1371 et
1565 1305 1711 1388 gl‘o-

513 1395 766 1458 rificare
794 1396 1112 1459 condecet
1141 1415 1294 1458 eum
1320 1415 1336 1458 τ
1366 1395 1479 1477 qui
1511 1414 1710 1458 cunc-

514 1493 618 1546 tos
665 1484 960 1547 condidit
1006 1492 1312 1547 sanctos:
1361 1503 1477 1566 per
1507 1503 1707 1566 quem

513 1573 737 1636 omnia
783 1572 1152 1636 subsistunt
1181 1571 1547 1636 elementa:
1594 1592 1711 1634 cu-

505 1659 615 1741 jus
649 1659 960 1742 majestas
1005 1681 1128 1724 nec
1173 1661 1400 1742 incipit
1433 1680 1552 1724 nec
1593 1658 1709 1723 de·-

513 1749 667 1813 sinit
699 1751 764 1812 in
796 1751 1087 1813 seculum
1121 1758 1195 1812 ut
1227 1749 1460 1812 merito
1491 1749 1708 1812 omnis

514 1837 900 1920 principium
935 1858 1012 1902 ac
1057 1837 1206 1901 finis
1252 1847 1547 1900 creature
1589 1854 1708 1900 no-

513 1927 814 1990 minetur.
865 1927 998 2009 Qui
1021 1947 1142 1990 nos
1162 1945 1312 1990 cum
1336 1945 1466 1988 non
1493 1925 1508 1962 ¹
1533 1939 1707 1989 esse-

513 2035 698 2080 mus:
745 2015 830 2078 de
861 2016 1063 2079 nihilo
1097 2023 1402 2097 potenter
1428 2007 1707 2077 creavit:

510 2114 578 2167 et
609 2125 759 2168 cum
793 2124 910 2185 per
939 2105 1202 2186 culpam
1235 2103 1300 2165 in
1333 2103 1707 2166 damnatio·

514 2212 663 2256 nem
721 2191 886 2274 lapsi
947 2191 1295 2256 fuissemus
1345 2191 1707 2254 misericor-

511 2281 679 2344 diter
738 2281 1142 2345 restauravit.
1269 2279 1529 2344 Deinde
1591 2279 1709 2342 de-

512 2370 744 2433 bemus
791 2370 1094 2432 attollere
1127 2369 1391 2432 beatam
1427 2362 1704 2431 mariam

510 2459 832 2540 virginem
894 2459 1277 2540 genitricem
1341 2456 1447 2519 dei
1483 2476 1497 2520 :
1574 2469 1705 2539 que

512 2558 612 2611 est
644 2547 968 2631 templum
1002 2545 1296 2610 domini:
1347 2546 1703 2610 sacrarium

511 2637 776 2719 spiritus
809 2636 1018 2699 sancti
1045 2657 1058 2699 :
1107 2636 1173 2697 in
1205 2655 1339 2717 qua
1368 2634 1532 2697 deus
1562 2644 1705 2697 om-

513 2726 820 2806 nipotens
867 2724 1046 2787 illam
1096 2723 1597 2786 mundissimam
1637 2732 1705 2787 et

511 2822 999 2876 sacrosanctam
1032 2831 1295 2875 carnem
1328 2811 1701 2893 assumpsit.

516 2901 594 2964 In
646 2922 778 2984 qua
825 2900 1167 2964 moriendo
1213 2919 1422 2982 genus
1471 2898 1704 2963 huma-

513 3009 672 3052 num
723 2990 806 3053 de
867 2998 1096 3052 eterna
1149 2998 1362 3053 morte
1409 2987 1704 3053 redemit.

514 3078 699 3141 Illius
760 3097 918 3160 ergo
979 3096 1349 3140 mereamur
1401 3064 1703 3159 precibus

510 3166 805 3247 adjuvari
832 3188 846 3231 :
893 3186 1024 3249 que
1056 3166 1294 3229 meruit
1329 3174 1538 3229 mater
1567 3166 1705 3227 effi-

509 3256 567 3318 ci
600 3255 958 3319 conditoris
993 3254 1213 3317 nostri.
1261 3254 1374 3317 Re.
1425 3252 1705 3317 Abster-

507 3354 638 3427 get.
685 3354 762 3407 ut
803 3343 872 3407 in
917 3342 1242 3406 communi
1262 3342 1704 3424 plurimorum

509 3443 889 3513 martyrum.
1393 3430 1603 3495 Lcc'tt'o
1636 3430 1703 3513 ᾔ.

519 3520 884 3654 Celestes
931 3540 1194 3603 quoque
1235 3520 1553 3583 debemus
1586 3519 1703 3583 de-

647 3610 801 3673 inde
831 3610 1100 3691 spiritus
1133 3608 1440 3672 laudare:
1485 3609 1599 3690 qu'i
1633 3609 1699 3671 in

506 3698 634 3763 hoc
659 3699 909 3761 mundo
933 3698 1156 3760 divina
1183 3686 1498 3761 mandata
1515 3715 1699 3760 com-

507 3789 810 3870 perunt²z
859 3797 927 3850 et
952 3786 1203 3869 judicia
1233 3795 1586 3849 exercent:
1633 3796 1701 3849 et

505 3877 825 3940 demones
873 3896 912 3938 a
957 3876 1147 3938 nobis
1193 3874 1537 3938 coercendi
1583 3893 1700 3955 po-

505 3974 816 4028 testatem
842 3964 1155 4027 divinitus
1173 3960 1439 4026 habent.
1495 3962 1699 4025 Dein-

505 4054 591 4116 de
637 4063 904 4118 sanctos
941 4049 1388 4135 patriarchas:
1435 4060 1502 4113 et
1534 4050 1699 4113 alios

503 4152 768 4206 sanctos
781 4140 1146 4223 glorificare
1158 4139 1477 4203 debemus
1495 4158 1510 4201 :
1529 4160 1699 4222 quos

503 4240 658 4312 post
697 4230 1096 4293 creationem
1152 4227 1380 4291 mundi
1444 4227 1511 4291 in
1565 4229 1697 4309 pri-

505 4318 805 4383 mordiali
859 4316 1081 4381 seculo
1135 4316 1334 4380 fuisse
1386 4318 1697 4399 cognovi-

867 4492 878 4521 ¹
938 4490 1096 4539 ‘non'
1122 4506 1219 4539 om.
1253 4507 1264 4539 τ
1303 4490 1352 4539 S.

2332 405 2481 458 704

1816 529 2001 573 mus:
2034 529 2182 574 cum
2216 509 2456 592 quibus
2485 509 2683 573 deum
2716 530 2835 593 per
2856 530 3013 574 suos

1814 596 2088 680 angelos
2138 597 2431 663 locutum
2482 599 2721 662 fuisse:
2772 609 2843 662 et
2894 619 3014 664 eos

1814 685 1905 749 illi
1968 686 2291 768 placuisse
2351 707 2481 750 non
2545 687 3014 770 ignoravimus,

1816 773 2077 837 Deinde
2136 786 2403 839 sanctos
2463 777 2820 858 prophetas
2870 777 3013 840 lau-

1812 863 1973 926 dare
2012 863 2375 929 debemus:
2422 864 2662 947 quibus
2706 865 3015 946 omnipo-

1813 959 1961 1014 tens
2009 961 2199 1035 pater
2256 955 2342 1017 de
2396 953 2845 1017 incarnatione
2894 951 3012 1016 filii

1814 1041 1914 1102 sui
1944 1061 1959 1104 :
2004 1051 2073 1104 et
2104 1041 2559 1123 redemptione
2598 1043 2857 1123 generis
2887 1041 3013 1104 hu-

1815 1129 1994 1192 mani
2060 1129 2405 1192 consilium
2448 1151 2639 1193 suurn
2694 1130 3013 1212 dignatus

1813 1225 1914 1280 est
1976 1219 2278 1281 revelare.
2392 1217 2549 1282 Post
2611 1219 2787 1300 ipsos
2849 1240 3012 1282 vero

1812 1305 2021 1368 sancti
2098 1306 2381 1390 apostoli
2458 1316 2526 1370 et
2600 1307 3012 1388 evangeliste

1814 1391 2121 1458 laudibus
2169 1393 2580 1477 glorificandi
2630 1405 2823 1458 sunt:
2891 1397 3009 1478 qui

1812 1482 2157 1546 dominum
2219 1483 2616 1547 salvatorem
2680 1484 2747 1546 in
2808 1503 3009 1547 carne

1810 1571 2077 1636 videre:
2125 1581 2193 1635 et
2244 1571 2599 1636 salutarem
2651 1572 2795 1653 ejus
2847 1572 3010 1636 doc-

1814 1659 2055 1722 trinam
2118 1661 2204 1723 ab
2263 1661 2405 1742 ejus
2459 1681 2572 1724 ore
2630 1662 3009 1743 suscipere:

1813 1757 1879 1810 et
1907 1749 2154 1811 mu‘rido
2178 1749 2434 1812 tradere
2468 1759 2857 1813 meruerunt.
2892 1751 3009 1814 Rc.

1814 1835 1869 1898 F
1872 1835 2206 1918 ulgebunt.
2256 1839 2421 1900 utin
2452 1838 2779 1900 communi
2789 1838 3009 1920 pluri-

1812 1944 2062 1987 morum
2090 1927 2533 2007 donfissorum.
2664 1925 2879 1990 Lectio
2908 1928 3005 2010 iij.

1810 2013 2159 2144 Deinde
2200 2015 2410 2078 sancti
2444 2023 2766 2096 martyres
2796 2015 3009 2078 hono-

1966 2102 2151 2165 randi
2196 2111 2395 2167 sunt:
2442 2104 2553 2186 qui
2608 2125 2801 2167 suum
2856 2125 3007 2167 san-

1809 2188 2075 2272 guinem
2140 2211 2259 2272 pro
2318 2189 2449 2254 fide
2522 2201 2589 2256 et
2648 2191 3007 2256 dilectione

1810 2277 2155 2342 salvatoris
2202 2279 2589 2344 effuderunt.
2698 2279 3005 2364 Quorum

1810 2366 1919 2429 alii
1952 2363 2257 2430 decollati
2292 2379 2483 2432 sunt:
2531 2368 2639 2432 alii
2682 2370 2959 2450 lapidati
2990 2393 3005 2434 :

1810 2453 1921 2518 alii
1984 2455 2128 2542 aliis·
2198 2457 2597 2520 cruciatibus
2659 2459 2872 2521 necati
2936 2477 3007 2522 et

1812 2541 2184 2609 mortificati
2232 2556 2401 2610 sunt.
2500 2547 2654 2610 Post
2687 2568 2800 2611 eos
2847 2569 3007 2611 con·

1809 2631 2087 2697 sessores
2146 2634 2322 2698 beati
2389 2656 2517 2699 non
2568 2636 2781 2699 solum
2833 2646 3005 2699 tem-

1810 2742 2010 2803 pore:
2057 2724 2173 2785 sed
2220 2732 2287 2787 et
2320 2726 2554 2787 merito
2596 2736 3003 2807 sequuntur:

1808 2812 1919 2894 qui
1955 2831 2074 2893 pro
2104 2820 2223 2874 sua
2262 2814 2675 2876 sanctissima
2708 2816 2843 2876 vita
2872 2836 2886 2877 :
2934 2826 3003 2877 et

1808 2899 2171 2963 rectissima
2192 2900 2493 2964 doctrina
2524 2903 2589 2963 in
2620 2904 2833 2984 patria
2854 2924 3002 2985 pre-

1810 2988 1944 3050 mio
1975 2996 2201 3053 etern‘o
2236 3000 2664 3053 munerantur
2690 3000 2759 3054 et
2784 2992 3004 3054 ditan-

1809 3085 1930 3141 tur.
2010 3072 2183 3158 Ipsis
2230 3079 2295 3141 in
2350 3098 2535 3142 sacra
2581 3081 3001 3143 veneratione

1808 3164 2261 3247 adjunguntur
2318 3168 2640 3249 virgines:
2708 3188 2838 3250 que
2900 3170 3003 3232 id-·

1810 3254 1979 3316 circo
2026 3266 2341 3335 sponsum
2390 3256 2829 3319 immortalem
2884 3256 3002 3319 ha-

1808 3340 1970 3405 bent
2008 3342 2073 3405 in
2109 3343 2300 3407 celis:
2347 3345 2504 3427 quia
2534 3354 2757 3426 spreta
2784 3346 3001 3408 carnis

1807 3429 2279 3495 delectatione:
2311 3453 2627 3514 sponsum
2650 3434 2996 3498 mortalem

1808 3518 2159 3583 noluerunt
2188 3520 2433 3584 habere
2466 3521 2530 3583 in
2564 3522 2766 3586 terris.
2834 3522 3001 3605 Qui-

1805 3605 1929 3669 bus
1953 3608 2258 3672 omnibus
2281 3609 2583 3673 videlicet
2607 3610 2853 3674 sanctis
2883 3612 2997 3674 de-

1806 3695 2015 3760 bitam
2070 3698 2433 3760 secundum
2489 3698 2994 3780 possibilitatem

1806 3794 2099 3848 nostram
2152 3786 2585 3850 exhibeamus
2630 3789 2999 3851 veneratio-

1806 3893 1999 3937 nem:
2047 3883 2120 3937 ut
2166 3894 2393 3938 eorum
2437 3876 2688 3939 meritis
2737 3884 2805 3939 et
2850 3897 3001 3958 pre-

1802 3962 1987 4026 cibus
2020 3962 2103 4025 ad
2138 3972 2360 4026 eterne
2405 3963 2771 4027 divinitatis
2803 3965 3003 4028 visio-

1804 4070 1957 4113 nem
2007 4052 2345 4133 pervenire
2400 4072 2787 4116 mereamur.
2878 4053 2999 4117 Rc.

1800 4138 1973 4220 Justi
2024 4138 2089 4201 in
2148 4149 2555 4223 perpetuum.
2625 4162 2818 4222 quere
2848 4152 3009 4223 post

1800 4228 1885 4309 ψ’.
1915 4226 2234 4290 lectionem
2265 4227 2705 4310 plurimorum
2754 4240 3004 4311 marty-

1802 4336 1965 4380 rum.
2016 4324 2118 4401 pff.
2165 4317 2265 4380 Te
2296 4318 2513 4381 deum.
2580 4334 2626 4403 γ
2676 4318 3005 4384 Mirabilis

2056 4490 2076 4519 ‘·'
2110 4489 2356 4555 complent
2387 4509 2398 4539 :
2438 4490 2641 4541 E.R.G.
