3375 5100
1140 317 1631 374 EPIPHANIE
1684 317 2016 376 DOMINI.

840 427 963 480 177

319 531 772 667 Admoniti
822 533 1002 614 magi
1050 531 1117 595 in
1149 532 1400 596 somnis
1430 533 1519 596 ab

486 621 729 704 angelo
790 641 908 703 per
953 620 1153 684 aliam
1199 621 1379 684 viam
1421 640 1521 684 re-

318 711 490 775 versi
550 717 708 773 sunt
768 709 836 771 in
907 709 1247 790 regionem
1310 728 1519 773 suam.

318 799 453 862 Αῆ.
473 798 634 862 Vox
666 797 751 860 de
776 796 931 860 celis
972 797 1195 862 sonuit
1223 819 1238 862 :
1284 805 1353 862 et
1382 818 1520 860 vox

319 886 529 969 patris
577 885 809 949 audita
862 895 1003 950 est:
1047 884 1156 949 hic
1198 894 1299 948 est
1346 884 1521 949 filius

322 994 512 1038 meus
557 975 627 1037 in
671 993 806 1057 quo
862 973 1023 1036 mihi
1074 973 1519 1056 complacuit:

321 1064 543 1145 ipsum
637 1061 881 1125 audite.
1032 1062 1168 1126 Ait.
1265 1060 1521 1125 Omnes

322 1151 631 1214 nationes
678 1149 949 1213 venient
1010 1169 1053 1212 a
1111 1151 1309 1232 longe
1369 1169 1519 1232 por-

322 1248 545 1301 tantes
600 1258 877 1302 munera
934 1258 1057 1302 sua
1110 1236 1277 1303 all’a.
1383 1238 1520 1302 Αῇ.

323 1327 634 1391 Vidimus
664 1325 929 1390 stellam
954 1326 1097 1407 ejus
1128 1327 1195 1388 in
1228 1324 1521 1391 oriente:

324 1424 393 1478 et
423 1415 728 1478 venimus
762 1434 912 1479 cum
946 1413 1329 1477 muneribus
1360 1415 1521 1478 ado-

326 1523 471 1566 rare
502 1503 867 1566 dominum.
958 1503 1093 1566 Λῆ.
1128 1503 1314 1585 Magi
1338 1502 1520 1566 vide-

325 1600 479 1656 runt
509 1590 775 1655 stellam
822 1590 1206 1655 obtulerunt
1246 1591 1521 1654 domino

325 1699 561 1744 aurum
616 1680 771 1743 thus
823 1688 892 1742 et
941 1678 1297 1761 myrrham.
1385 1678 1521 1742 Αῆ.

328 1769 423 1832 Et
455 1769 780 1832 intrantes
817 1768 1093 1831 domum
1127 1767 1523 1830 invenerunt

324 1877 605 1939 puerum
638 1876 789 1919 cum
840 1856 1049 1919 maria
1096 1861 1308 1919 matre
1339 1855 1524 1937 ejus:

326 1954 397 2008 et
428 1944 848 2027 procidentes
893 1943 1335 2007 adoraverunt
1366 1963 1519 2007 eum

326 2033 495 2097 all’a.
582 2032 719 2096 Αῑί.
769 2030 1020 2096 Salutis
1080 2040 1307 2096 nostre
1364 2050 1523 2095 auc-

326 2130 544 2185 torem
622 2121 801 2202 magi
876 2121 1169 2184 venerati
1237 2129 1394 2185 sunt
1456 2119 1523 2182 in

328 2208 714 2274 cunabulis:
760 2217 829 2272 et
879 2208 964 2273 de
1012 2207 1338 2273 thesauris
1386 2207 1523 2272 suis

332 2297 648 2380 mysticas
723 2295 785 2360 ei
858 2317 1209 2362 munerum
1268 2297 1523 2380 species

330 2385 730 2450 obtulerunt.
804 2386 937 2449 An.
974 2384 1117 2451 Celi
1137 2385 1349 2467 aperti
1368 2394 1527 2448 sunt

331 2494 533 2558 super
561 2493 713 2536 eum
743 2494 758 2538 ε
804 2482 871 2537 et
902 2493 1037 2538 vox
1070 2473 1247 2537 facta
1293 2481 1396 2537 est
1440 2474 1526 2536 de

332 2564 478 2628 celo
508 2562 777 2627 dicens:
822 2561 929 2625 hic
974 2570 1077 2626 est
1123 2562 1295 2627 filius
1338 2582 1526 2626 meus

332 2652 615 2717 dilectus
646 2651 716 2714 in
762 2671 897 2733 quo
942 2650 1105 2714 mihi
1136 2649 1526 2733 complacui.

333 2741 396 2804 A
406 2749 469 2805 ii.
504 2738 715 2805 Stella
766 2758 967 2821 quam
998 2739 1303 2804 viderant
1348 2737 1529 2820 magi

334 2827 776 2893 antecedebat
846 2846 1001 2893 eos:
1075 2828 1291 2892 donec
1349 2827 1531 2891 veni-

334 2926 483 2980 rent
535 2936 736 2999 supra
782 2915 896 2979 ubi
937 2924 1080 2979 erat
1126 2935 1305 2998 puer.
1393 2914 1529 2980 Ar‘i.

333 3006 661 3071 Videntes
726 3002 991 3067 stellam
1066 3004 1247 3085 magi
1321 3003 1533 3085 gavisi

336 3102 494 3157 sunt
512 3091 758 3175 gaudio
782 3112 1030 3174 magno
1054 3114 1069 3158 ε
1114 3101 1183 3155 et
1211 3092 1535 3155 intrantes

337 3183 657 3245 domum:
771 3180 1158 3245 obtulerunt
1260 3180 1534 3244 domino

339 3290 574 3335 aurum
630 3268 784 3333 thus
832 3277 902 3334 et
950 3267 1307 3350 myrrham.
1395 3268 1533 3334 Αῆ.

344 3358 558 3424 Stella
577 3356 703 3420 ista
722 3358 892 3422 sicut
914 3356 1188 3421 flamma
1210 3367 1534 3422 coruscat:

340 3456 413 3510 et
454 3466 679 3529 regem
712 3464 943 3528 regum
992 3454 1225 3509 natum
1257 3445 1537 3509 demon-

344 3542 555 3599 strat:
606 3534 782 3617 magi
842 3554 993 3597 eam
1053 3534 1406 3599 viderunt:
1468 3542 1537 3597 et

347 3622 616 3689 Christo
646 3622 783 3705 regi
816 3642 1092 3687 munera
1135 3620 1535 3687 obtulerunt.

348 3715 414 3789 ff
483 3708 661 3775 Ordo
734 3710 995 3774 servitii
1064 3708 1542 3793 suprascriptus

331 3810 459 3881 per
515 3798 951 3881 interjacentes
999 3798 1137 3861 dies
1194 3818 1395 3880 usque
1450 3797 1551 3861 ad

345 3896 605 3951 octavas
632 3886 887 3969 quando
915 3886 997 3951 de
1012 3886 1353 3969 epiphania
1382 3885 1539 3951 dici-

350 3986 463 4039 tur
488 3973 869 4040 observetur.
963 3980 1026 4053 Ε
1071 3976 1239 4040 Item
1268 3974 1400 4039 alie
1426 3975 1542 4039 lec-

348 4064 550 4129 tiones
579 4062 769 4145 infra
797 4073 1070 4128 octavas.
1257 4063 1471 4128 Lectio
1480 4063 1545 4146 j.

349 4152 720 4283 positus
795 4160 898 4217 est
956 4151 1023 4216 in
1080 4152 1303 4217 medio
1377 4150 1547 4234 lapis

480 4240 847 4323 angularis:
880 4242 993 4322 qui
1015 4240 1103 4306 ad
1127 4261 1200 4306 se
1218 4250 1550 4324 utrunque

350 4330 675 4413 parietem
698 4329 1009 4395 duceret:
1057 4338 1125 4395 et
1150 4336 1505 4413 utrumque
1526 4328 1543 4367 ¹

424 4518 437 4547 ¹
480 4520 493 4545 ‘
511 4514 803 4581 utmmque’
826 4529 927 4565 om.
953 4530 965 4565 ε
1000 4512 1228 4565 E.G.w.

1504 4514 1525 4544 ²
1557 4513 1642 4579 qui
1663 4530 1675 4565 :
1711 4512 1869 4567 G.W.

2165 426 2296 482 178

1618 552 1753 598 uno
1784 531 2054 596 nomine
2071 541 2522 614 nuncuparet:
2568 545 2819 598 essent-

1616 641 1747 702 que
1779 641 1984 683 unum
2017 621 2483 684 communione
2511 622 2820 688 vocabuli

1618 729 1749 790 que
1773 708 1798 744 ²
1827 707 2061 772 fierent
2092 709 2160 772 in
2191 728 2326 772 una
2357 710 2572 791 gratia
2603 730 2818 778 sacra-

1618 795 1844 860 menti.
2511 797 2724 862 Lectio
2747 798 2818 880 ij.

1616 886 1850 1016 Per
1910 882 2248 948 Christum
2303 884 2482 948 enim
2542 887 2654 968 qui
2718 895 2821 951 est

1772 993 1913 1056 pax
1963 983 2189 1036 nostra
2243 973 2491 1037 faciens
2539 983 2820 1055 utraque

1620 1081 1867 1125 unum:
1939 1060 2126 1142 judei
2187 1069 2254 1125 et
2301 1061 2586 1144 gentiles
2661 1062 2818 1126 sacti

1617 1158 1776 1213 sunt
1814 1168 2059 1213 unum:
2128 1150 2371 1232 quibus
2414 1148 2569 1213 fidei
2601 1151 2821 1215 unitas

1619 1257 1828 1301 unum
1861 1237 2106 1302 indidit
2151 1238 2438 1301 nominis
2481 1238 2820 1303 christiani

1618 1325 2036 1389 vocabulum.
2139 1324 2258 1388 Ad
2308 1326 2599 1409 lapidem
2661 1347 2821 1411 ergo

1620 1413 2010 1497 angularem
2058 1421 2336 1496 uterque
2383 1415 2601 1496 paries
2630 1417 2821 1480 venit

1620 1510 1688 1566 et
1748 1522 1979 1565 verum
2029 1502 2346 1584 angulum
2393 1501 2550 1567 fidei
2601 1505 2820 1568 unitas

1620 1590 1794 1654 fecit.
2475 1591 2688 1655 Lectio
2719 1593 2820 1675 iij.

1619 1680 1990 1810 Horum
2001 1677 2284 1764 duorum
2309 1680 2637 1761 parietum
2651 1701 2822 1746 unus

1799 1767 2128 1830 adductus
2173 1776 2275 1830 est
2337 1768 2608 1848 quando
2668 1788 2821 1851 pas-

1619 1855 1874 1919 toribus
1915 1855 2134 1936 judeis
2194 1853 2533 1919 Christum
2585 1866 2818 1920 natum

1619 1941 1899 2025 angelus
1948 1943 2320 2006 nunciavit:
2385 1944 2553 2006 alter
2599 1947 2818 2026 paries

1620 2031 1948 2095 adductus
1996 2039 2098 2093 est
2145 2029 2417 2112 quando
2463 2031 2822 2112 gentilibus

1622 2119 1838 2200 magis
1899 2137 2146 2181 novum
2226 2117 2432 2199 sydus
2492 2121 2818 2201 apparuit.

1620 2208 1669 2271 I
1664 2215 1788 2270 tem
1819 2205 2008 2286 infra
2037 2213 2310 2269 octavas.
2533 2207 2748 2270 Lectio
2755 2208 2818 2290 j.

1620 2298 1936 2428 Prope
1996 2293 2172 2356 enim
2235 2301 2424 2358 erant
2464 2293 2651 2376 judei
2705 2295 2820 2377 qui

1773 2383 1974 2448 deum
2005 2380 2358 2446 colebant:
2406 2381 2604 2465 longe
2635 2393 2825 2449 erant

1624 2479 1860 2556 gentes
1930 2490 2062 2553 que
2112 2468 2336 2553 >ydolis
2409 2471 2821 2536 serviebant:

1630 2562 1783 2628 Hoc
1852 2560 2081 2641 utique
2144 2558 2611 2641 significabant
2670 2581 2824 2643 pas-

1624 2657 1804 2714 tores
1835 2649 1949 2731 qui
1981 2658 2294 2712 nascente
2322 2648 2586 2713 Christo
2617 2668 2827 2733 prope

1625 2746 1786 2802 sunt
1829 2737 2122 2801 inventi:
2169 2745 2239 2799 et
2283 2737 2464 2819 magi
2510 2739 2624 2819 qui
2671 2748 2830 2803 sunt

1627 2826 1714 2891 de
1745 2825 2046 2907 longevis
2069 2824 2094 2862 ³
2114 2824 2403 2889 adducti.
2510 2826 2727 2889 Lectio
2759 2827 2830 2910 xj.

1767 2912 1833 2977 ui
1865 2922 2091 2977 tamen
2123 2913 2463 2977 venientes
2492 2934 2680 2979 :cum
2701 2915 2830 2997 ipsi

1762 3002 1948 3084 judei
2042 3021 2177 3066 non
2254 3012 2512 3067 essent:
2603 3022 2828 3085 regem

1625 3090 1983 3173 judeorum
2045 3110 2117 3153 se
2204 3109 2478 3171 querere
2548 3091 2828 3173 professi

1631 3189 1826 3243 sunt:
1877 3187 1947 3241 et
1994 3178 2080 3241 ad
2141 3177 2361 3260 ipsum
2412 3178 2828 3243 adorandum

1631 3288 1706 3332 se
1752 3267 2013 3331 venisse
2054 3265 2388 3331 dixerunt.
2478 3265 2604 3331 Ait
2650 3267 2828 3331 enim

1633 3354 2042 3437 evangelista
2059 3354 2216 3436 quia
2247 3353 2426 3436 magi
2459 3354 2546 3418 ab
2577 3356 2832 3421 oriente

1633 3451 1957 3509 venerunt
1975 3442 2468 3506 hierosolimam
2490 3441 2806 3507 dicentes:

1638 3531 1778 3600 Ubi
1831 3541 1934 3595 est
1965 3526 2090 3612 qui'
2112 3537 2308 3593 natus
2354 3537 2456 3592 est
2487 3549 2606 3592 rex
2637 3529 2832 3611 jude-

1638 3620 1876 3686 orum?
1963 3616 2278 3683 Vidimus
2328 3618 2507 3680 enim
2567 3616 2831 3682 stellam

1637 3708 1781 3792 ejus
1834 3707 1900 3771 in
1950 3704 2202 3769 oriente
2250 3713 2320 3769 et
2370 3705 2673 3768 venimus
2718 3706 2838 3770 ad-

1639 3816 1828 3861 orare
1859 3813 2029 3858 eum.
2491 3792 2704 3856 Lectio
2733 3794 2838 3879 iij.

1777 3884 1887 3948 uid
1903 3890 2006 3947 est
2017 3882 2145 3945 hoc
2153 3878 2564 3945 dilectissimi
2576 3881 2808 3948 fratres
2827 3904 2842 3949 :

1650 3886 1853 4054 Qut
1883 3971 1992 4035 isti
2024 3970 2202 4053 magi
2236 3989 2460 4053 regem
2486 3969 2841 4054 judeorum

1642 4061 2059 4126 adorandum
2091 4065 2486 4139 quererent:
2531 4080 2684 4124 cum
2717 4061 2844 4144 ipsi

1639 4149 1827 4235 judei
1858 4168 1992 4212 non
2025 4156 2247 4212 essent
2273 4147 2298 4212 ἓ
2389 4147 2483 4212 Et
2513 4168 2714 4229 quem
2747 4171 2846 4214 re-

1646 4258 1802 4323 gem
1828 4234 1854 4302 ἓ
1927 4237 2180 4319 Utique
2202 4256 2334 4300 non
2355 4234 2707 4303 herodem:
2732 4238 2851 4303 sed

1652 4325 1992 4395 Christum
2024 4324 2258 4391 volunt
2307 4324 2582 4389 adorare
2624 4345 2848 4407 regem

2143 4514 2162 4543 ³
2195 4509 2482 4575 longinquis
2501 4527 2513 4559 :
2555 4509 2616 4561 E.
2625 4510 2689 4562 G.
2699 4510 2782 4561 W.

2629 4614 2682 4663 N
