3375 5100
982 325 1203 380 POST
1246 325 1349 380 OC
1352 324 1407 379 Τ
1397 324 1454 380 Α
1470 323 1628 379 VAS
1672 323 2166 380 EPIPHANIE.

870 434 1049 489 205

330 542 565 672 Et·
528 539 715 604 hene
745 538 859 622 qui
897 537 1161 620 juvenis
1200 546 1341 602 erat
1372 537 1553 602 doc-

482 629 653 692 trine
683 628 1019 693 subiturus
1062 628 1350 708 officium
1381 647 1529 710 par-

328 717 525 780 vulus
582 716 802 780 adhuc
862 717 1151 794 seniores
1213 717 1400 780 audit
1460 723 1529 778 et

328 807 697 888 interrogat
774 812 847 868 ut
918 788 1226 884 videlicet
1298 825 1526 867 eorum

328 895 611 976 provida
670 893 1164 976 dispensatione
1230 913 1527 974 compes-

330 991 440 1049 cat
490 982 839 1046 audaciam
877 1003 913 1057 ει
960 982 1075 1064 qui
1124 1001 1258 1044 non
1310 981 1527 1044 solum

330 1072 585 1146 indocti
618 1091 635 1134 z
693 1071 811 1134 sed
857 1070 1060 1133 etiam
1092 1069 1395 1152 impubes
1440 1071 1527 1133 ad

332 1159 714 1224 docendum
797 1178 1225 1241 prorumpere
1315 1158 1529 1239 magis

334 1269 540 1331 quam
572 1249 658 1312 ad
694 1247 1083 1310 discendum
1114 1247 1347 1311 volunt
1376 1246 1529 1311 sub-

335 1337 527 1402 mitti.
589 1336 705 1400 Re.
765 1335 1065 1399 Audiam
1110 1335 1381 1399 domine
1414 1355 1529 1398 vo-

336 1445 481 1500 cem
544 1423 758 1498 laudis
819 1433 947 1500 tue.
1065 1424 1159 1487 Et
1232 1443 1529 1488 enarrem

338 1515 642 1577 universa
690 1512 1018 1590 mirabilia
1064 1521 1199 1575 tua.
1281 1529 1330 1599 7
1393 1512 1531 1574 Do-

337 1603 514 1666 mine
546 1601 750 1676 dilexi
782 1601 1087 1664 decorem
1119 1602 1359 1664 domus
1386 1608 1531 1664 tue:

337 1699 407 1772 qt
436 1690 657 1753 locum
690 1689 1117 1754 habitationis
1161 1688 1369 1770 glorie
1398 1698 1531 1752 tue.

340 1779 449 1842 Et.
782 1798 788 1805 ·
1194 1777 1409 1840 Lectio
1440 1777 1529 1842 ix.

334 1869 543 2000 Ne
572 1876 797 1930 autem
830 1865 1069 1949 aliquis
1099 1874 1289 1948 putet
1321 1865 1531 1928 domi-

504 1975 665 2019 num
726 1955 815 2018 ob
874 1955 1201 2036 imperitie
1254 1953 1533 2018 necessi-

339 2052 551 2107 tatem
624 2043 843 2107 adisse
878 2065 894 2108 :
962 2043 1355 2126 audisseque
1429 2041 1534 2105 vel

340 2133 781 2212 interrogasse
841 2132 1229 2213 magistros:
1306 2130 1533 2195 audiat

340 2222 503 2303 quid
525 2229 840 2302 sequatur
862 2241 877 2283 ε
912 2220 1290 2302 Stupebant
1308 2229 1533 2283 autem

339 2330 575 2373 omnes
620 2329 819 2391 super
870 2309 1219 2392 prudentia
1254 2329 1269 2372 :
1317 2317 1385 2371 et
1434 2328 1535 2371 re-

339 2399 603 2480 sponsis
616 2397 773 2480 ejus,
809 2396 986 2479 Quia
1005 2395 1250 2479 igitur]
1262 2417 1411 2459 esus
1420 2417 1533 2459 ve-

339 2506 453 2550 rus
484 2487 649 2550 deus
680 2494 749 2550 et
776 2505 971 2550 verus
999 2485 1203 2548 homo
1234 2494 1406 2548 erat:
1448 2483 1534 2547 ad

338 2576 869 2640 ostendendum:
930 2576 1089 2657 quia
1118 2574 1323 2637 homo
1353 2583 1533 2638 erat:

340 2664 646 2728 homines
677 2664 1028 2745 magistros
1059 2664 1409 2727 audiebat:
1448 2664 1535 2726 ad

340 2753 915 2836 comprobandum
948 2753 1104 2835 quia
1135 2752 1299 2816 deus
1344 2761 1535 2815 erat:

340 2842 595 2915 eisdem
670 2840 1095 2923 loquentibus
1168 2839 1541 2903 sublimiter

340 2929 801 3012 respondebat.
908 2928 1107 3011 Quod
1140 2937 1363 2992 autem
1396 2948 1536 2992 ma·

338 3020 423 3082 tri
470 3019 827 3100 respondit.
916 3017 1332 3081 Nesciebatis
1380 3017 1539 3099 quia

341 3109 409 3171 in
440 3106 571 3189 hijs
600 3127 730 3188 que
762 3106 967 3188 patris
999 3107 1128 3169 mei
1164 3114 1287 3169 etc.
1318 3105 1538 3168 divine

338 3196 467 3260 hoc
500 3194 869 3276 majestatis
902 3193 1217 3258 indicium
1242 3194 1381 3257 fuit.
1428 3195 1538 3257 De

338 3305 474 3367 qua
503 3284 666 3347 alibi
696 3284 806 3347 ait.
870 3283 1119 3359 Omnia
1147 3302 1537 3365 quecunque

338 3373 546 3437 habet
570 3382 793 3455 pater:
831 3391 983 3435 mea
1006 3379 1175 3435 sunt.
1223 3371 1339 3435 Re.
1390 3371 1537 3435 Ab-

338 3461 573 3526 scondi
620 3470 941 3542 tanquam
988 3479 1219 3523 aurum
1264 3468 1539 3542 peccata

340 3570 494 3614 mea
542 3558 611 3613 et
656 3549 865 3613 celavi
914 3550 980 3611 in
1025 3549 1173 3612 sinu
1220 3568 1371 3612 meo
1417 3549 1537 3611 ini-

340 3640 671 3721 quitatem
720 3656 957 3701 meam.
1052 3636 1364 3700 Miserere
1405 3638 1537 3701 mei

338 3728 506 3791 deus
543 3726 909 3790 secundum
943 3745 1258 3807 magnam
1290 3726 1538 3789 miseri-

339 3814 638 3879 cordiam
672 3825 861 3878 tuam
920 3832 970 3901 7
1030 3814 1367 3897 Quoniam
1416 3814 1538 3877 ini-

338 3904 668 3987 quitatem
702 3923 921 3967 meam
954 3923 1082 3986 ego
1111 3922 1441 3984 agnosco:
1472 3910 1540 3966 et

341 3992 661 4057 delictum
724 4012 947 4055 meum
1001 3998 1233 4055 contra
1282 4011 1391 4054 me
1438 3998 1540 4055 est

340 4101 648 4163 semper:
695 4080 816 4143 tibi
848 4079 971 4144 soli
1001 4080 1287 4163 peccavi.
1336 4080 1539 4145 Mise-

341 4190 503 4234 rere.
578 4168 825 4234 Gloria.
892 4169 1223 4233 Miserere.
1290 4177 1391 4249 ps.
1438 4168 1540 4233 Te

340 4257 537 4322 deum
622 4257 989 4321 laudamus
1069 4274 1118 4344 7
1209 4255 1538 4321 Excelsus

338 4367 540 4429 super
598 4366 833 4409 omnes
903 4354 1139 4428 gentes
1210 4344 1534 4412 dominus

340 4435 435 4499 Et
464 4455 665 4518 super
696 4434 873 4498 celos
902 4434 1118 4517 gloria
1147 4433 1307 4515 ejuS,

742 4584 757 4615 ⁸
800 4582 900 4631 ‘et’
924 4599 1018 4632 om.
1041 4598 1059 4633 .·
1096 4582 1153 4633 G.

2131 433 2307 489 206-

1717 538 1801 601 In
1831 538 2138 603 laudibus
2163 549 2269 604 an.
2337 539 2686 622 Regnavit.
2718 552 2825 623 ps'.

1630 626 1961 690 Dominus
2022 629 2340 710 regnavit.
2426 639 2530 694 etc.
2617 629 2822 711 Capit.

1628 715 2017 780 Benedictio
2047 727 2113 780 et
2144 716 2420 781 claritas
2495 717 2820 798 Hymnus.

1630 803 1808 886 Ecce
1862 805 2003 886 jam
2067 807 2296 869 noctis,
2375 821 2422 892 7
2489 807 2820 870 Dominus

1630 894 1946 975 regnavit.
2018 903 2094 956 ut
2138 904 2340 975 supra
2389 894 2458 956 in
2491 895 2821 976 psalterio.

1627 981 1715 1060 In
1763 1002 1990 1064 evang.
2037 991 2144 1046 aii.
2223 983 2350 1045 Fili
2399 984 2561 1065 quid
2608 983 2822 1047 fecisti

1630 1069 1823 1133 nobis
1859 1070 1951 1134 sic
1979 1092 1995 1134 :
2043 1091 2169 1153 ego
2201 1079 2266 1134 et
2299 1080 2488 1153 pater
2519 1081 2672 1135 tuus
2701 1072 2822 1135 do-

1628 1156 1843 1222 lentes
1895 1160 2334 1240 querebamus
2386 1168 2496 1225 te:
2553 1169 2621 1224 et
2665 1161 2822 1244 quid

1630 1255 1734 1309 est
1763 1247 1944 1328 quod
1977 1267 2085 1310 me
2115 1249 2530 1331 querebatis:
2577 1249 2823 1312 nescie-

1630 1332 1806 1398 batis
1845 1336 2004 1418 quia
2049 1337 2118 1398 in
2147 1336 2249 1400 his
2280 1357 2411 1420 que
2440 1338 2646 1420 patris
2691 1337 2846 1422 mei⁴

1632 1432 1790 1486 sunt
1818 1433 2082 1506 oportet
2115 1446 2220 1488 me
2251 1447 2413 1490 esse.
2457 1436 2560 1508 ps.
2612 1427 2824 1490 Bene-

1630 1511 1867 1575 dictus.
1932 1512 2176 1577 Oratio,
2238 1514 2418 1578 Vota
2445 1536 2822 1598 quesumus,

1727 1604 1790 1678 (1
1835 1599 1934 1663 Et
1967 1602 2320 1666 notandum
2365 1604 2540 1685 quod
2581 1603 2825 1684 hymni.

1637 1687 1699 1753 O
1733 1688 1852 1751 lux
1885 1689 2082 1753 beata
2110 1692 2369 1756 trinitas
2397 1714 2412 1756 ε
2459 1701 2654 1756 nocte
2685 1713 2826 1756 sur-

1638 1786 1922 1858 gentes:
1981 1778 2082 1840 et¹
2136 1779 2314 1842 Ecce
2373 1779 2518 1862 jam
2566 1783 2826 1844 noctis:

1632 1865 1805 1928 sicut
1843 1865 2122 1948 ponitur
2175 1867 2298 1930 hac
2343 1869 2665 1932 dominica
2722 1870 2823 1933 di-

1632 1962 1870 2016 cantur
1925 1953 2148 2018 diebus
2215 1955 2557 2021 dominicis
2628 1978 2828 2039 usque

1634 2042 1733 2104 ad
1767 2042 1904 2105 lxx.
2001 2043 2106 2106 Et
2187 2065 2231 2106 a
2278 2044 2464 2108 Deus
2523 2047 2844 2110 omnium.

1634 2150 1831 2212 usque
1903 2129 2001 2193 ad
2061 2130 2359 2212 primam
2433 2133 2828 2196 dominicam

1632 2216 2060 2282 kalendarum
2101 2219 2414 2301 Augusti.
2511 2221 2831 2286 Versiculi

1632 2316 1823 2389 super
1863 2318 2244 2371 nocturnum
2264 2331 2288 2371 .·
2355 2309 2707 2391 capitulum
2764 2320 2831 2374 et

1634 2395 1938 2458 versiculi
2010 2396 2108 2459 ad
2171 2396 2398 2460 laudes
2469 2419 2668 2480 usque
2735 2398 2836 2462 ad

1634 2484 2202 2567 quadragesimam
2242 2509 2267 2549 :
2375 2495 2438 2549 et
2513 2508 2558 2549 a
2642 2488 2826 2550 Deus

1636 2573 1934 2637 omnium
2024 2595 2220 2657 usque
2306 2575 2404 2639 ad
2473 2576 2841 2641 adventum.

1634 2660 1936 2725 domini:
2012 2663 2328 2727 Versiculi
2362 2674 2515 2728 ante
2559 2664 2832 2729 laudes-s

1636 2760 1701 2813 et
1739 2749 2085 2832 antiphone
2129 2762 2322 2834 super
2363 2753 2591 2817 laudes
2634 2775 2835 2837 usque

1636 2839 1735 2901 ad
1785 2839 1914 2903 lxx.
1944 2850 2006 2902 et
2045 2862 2090 2902 a
2139 2841 2324 2905 Deus
2371 2843 2668 2907 omnium
2723 2865 2830 2907 us·

1634 2948 1756 3011 que
1771 2928 1870 2991 ad
1886 2927 2234 2993 adventum
2251 2929 2546 2995 domini:
2576 2932 2834 3015 quando

1630 3036 1716 3100 pe
1743 3016 2065 3080 dominica
2094 3018 2352 3082 dicitur.

1724 3106 1851 3168 Ad
1905 3106 2220 3186 primam.
2306 3106 2601 3188 lcymnus.
2676 3109 2831 3191 Jam

1638 3192 1821 3263 lucis.
1899 3214 2005 3257 an.
2076 3195 2408 3259 Dominus
2467 3198 2652 3279 regit.
2729 3207 2832 3280 ps'.

1640 3283 1827 3346 Deus
1886 3282 2052 3345 deus
2111 3303 2300 3361 meus
2376 3286 2642 3368 respice.
2722 3296 2832 3350 etc.

1638 3380 1716 3433 ut
1761 3370 1832 3433 in
1865 3372 2094 3452 prima
2137 3372 2459 3435 dominica
2501 3374 2830 3437 adventus.

1636 3459 1763 3523 Ad
1801 3460 2064 3522 tertiam
2107 3469 2212 3523 αῆ.
2280 3460 2389 3523 Da
2424 3460 2606 3524 mihi.
2681 3461 2830 3542 Cap.

1641 3547 1826 3612 Sana
1871 3568 1979 3611 me
2039 3546 2324 3611 domine.
2386 3549 2498 3612 Re.
2553 3549 2830 3613 Inclina.

1639 3652 1686 3723 7
1716 3636 1984 3699 Averte.
2048 3635 2275 3699 Gloria
2303 3637 2500 3718 patri.
2558 3637 2834 3702 Inclina.

1637 3742 1687 3811 7
1735 3724 1886 3806 Ego
1931 3724 2091 3788 dixi.
2150 3723 2400 3789 Oratio.
2461 3725 2642 3789 Vota
2671 3746 2832 3808 que-

1639 3833 1884 3876 sumuS.
1961 3812 2086 3875 Ad
2105 3821 2352 3875 sextam
2382 3820 2489 3877 ar‘i.
2558 3814 2836 3896 Adjuva

1636 3916 1766 3967 me.
1854 3900 2000 3982 Cap.
2097 3899 2346 3966 Omnia
2399 3912 2627 3967 autem
2681 3924 2833 3986 pro-

1638 3990 1814 4053 bate.
1875 3989 1989 4052 Re.
2056 3989 2137 4052 In
2183 3998 2484 4055 eternum
2548 3992 2834 4058 domine.

1640 4096 1687 4166 7
1767 4079 1846 4141 In
1905 4076 2066 4142 celo.
2143 4095 2192 4165 7
2256 4079 2588 4145 Dominus
2648 4084 2834 4165 regit.

1645 4167 1878 4232 Oratio
1907 4166 1932 4203 ²
1987 4176 2064 4229 ut
2119 4177 2334 4250 supra.
2425 4170 2488 4233 A
2497 4170 2552 4233 d
2602 4192 2838 4235 nonam

1641 4264 1748 4319 an.
1837 4255 2090 4337 Aspice
2121 4257 2188 4320 in
2221 4277 2345 4321 me.
2427 4258 2576 4340 Cap.
2643 4260 2841 4324 Alter

1637 4344 1922 4409 alterius.
1996 4345 2110 4413 Re.
2165 4344 2480 4410 Clamavi.
2543 4348 2840 4433 7justi-

1645 4433 2001 4498 ficationeS.
2064 4428 2116 4503 Ϋ
2162 4432 2278 4497 Ab
2311 4435 2600 4499 occultis,
2671 4436 2840 4501 Ora-

1905 4582 2144 4631 ‘Oratio'
2167 4598 2262 4632 om.
2287 4584 2404 4633 :.E
2419 4583 2474 4634 G.
2493 4583 2567 4632 W.
