3375 5100
1105 339 1225 396 NA
1238 340 1328 396 T!
1331 341 1518 398 VITA
1532 341 1665 398 TIS
1712 343 2057 400 CHRISTI.

881 439 965 496 81

329 551 422 614 in·
457 547 762 633 presepio
819 548 1020 612 beata
1082 549 1270 631 virgo
1328 548 1516 631 cujus

327 640 577 703 viscera
609 648 985 702 meruerunt
1013 648 1274 720 portare
1305 638 1516 701 domi-

329 748 490 792 num
524 727 878 793 Christum.
969 726 1020 801 Ϋ
1068 727 1357 790 Domine
1401 748 1515 790 au-

327 817 464 880 divi
537 817 842 880 auditum
905 823 1094 880 tuum
1156 825 1224 879 et
1283 816 1514 880 timui:

325 904 734 969 consideravi
767 924 968 986 opera
1013 912 1128 966 tua
1170 912 1237 967 et
1268 905 1512 986 expavi

324 995 392 1058 in
427 995 648 1057 medio
676 993 882 1056 duum
915 991 1313 1057 animalium.
1400 994 1512 1075 Ja-

322 1092 584 1146 centem
617 1083 680 1144 in
713 1081 1030 1164 presepi0.

414 1172 643 1250 Sermo
705 1169 875 1233 beati
933 1167 1303 1251 Augustini
1348 1169 1512 1251 epis-

318 1259 468 1340 copi.
1180 1257 1394 1320 Lectio
1425 1257 1508 1340 vj.

331 1347 748 1481 &pientes
795 1345 1043 1428 aliquid
1105 1344 1510 1410 dilectissimi

437 1436 525 1499 de
603 1435 800 1517 hujus
875 1435 1004 1498 diei
1077 1435 1506 1498 solennitate¹

318 1544 617 1588 narrare:
661 1523 988 1606 simulque
1020 1523 1509 1586 considerantes

315 1612 479 1676 illud
525 1633 728 1676 unum
780 1612 1055 1675 verbum
1099 1611 1184 1675 de
1231 1631 1368 1694 quo
1411 1613 1510 1675 di-

315 1721 464 1765 cere
551 1701 906 1765 volumus:
983 1699 1166 1763 nulla
1253 1700 1507 1763 inveni-

277 1799 464 1852 'mus
515 1790 756 1853 verba:
823 1787 1062 1870 quibus
1113 1787 1509 1852 sufficienter

314 1879 562 1961 aliquid
624 1878 841 1942 dicere
904 1875 1260 1940 valeamus,
1381 1877 1506 1940 Est

315 1969 494 2030 enim
555 1965 680 2031 hoc
741 1967 1052 2029 verbum:
1130 1986 1261 2028 non
1324 1965 1502 2047 quod

313 2056 558 2119 desinit
581 2054 911 2138 prolatum
939 2075 954 2118 :
1000 2053 1116 2116 sed
1149 2052 1328 2136 quod
1359 2074 1506 2135 per-

315 2153 543 2208 manet
617 2153 864 2206 natum.
968 2143 1121 2206 Non
1198 2143 1506 2205 transito-

315 2233 523 2296 rium:
581 2232 696 2295 sed
743 2239 1060 2294 eternum.
1169 2229 1322 2293 Non
1371 2230 1504 2294 fac-

312 2330 458 2384 tum
489 2341 530 2384 a
559 2320 688 2383 deo
731 2329 918 2402 patre
943 2341 985 2384 :·
1019 2318 1136 2382 sed
1182 2319 1500 2401 genitum.

313 2409 458 2472 Nec
501 2409 714 2474 solum
762 2408 1059 2490 genitum
1097 2429 1112 2470 :
1157 2407 1312 2470 sed²
1359 2409 1501 2470 uni-

309 2499 626 2581 genitum.
706 2497 935 2563 Unum
959 2497 1206 2579 quippe
1225 2496 1498 2561 verbum

307 2588 474 2651 deus
533 2595 722 2669 pater
778 2586 1010 2667 genuit
1085 2585 1172 2648 de
1240 2586 1498 2667 seipso:

307 2696 427 2760 per
511 2696 709 2757 quem
785 2675 1012 2737 omnia
1091 2674 1336 2738 creavit
1409 2694 1498 2737 ex

307 2763 560 2827 nihilo,8
667 2763 783 2827 Re.
862 2763 1070 2826 Beata
1145 2782 1216 2826 es
1291 2764 1500 2826 maria

304 2872 437 2934 que
496 2852 840 2916 dominum
903 2851 1180 2933 portasti
1250 2861 1498 2915 creato-

305 2962 444 3004 rem
505 2941 751 3004 mundi.
873 2939 1174 3003 Genuisti
1247 2940 1359 3022 qui
1427 2949 1496 3004 te

304 3027 509 3093 fecit:
569 3039 638 3093 et
684 3029 752 3092 in
805 3036 1103 3091 eternum
1149 3047 1496 3109 permanes

301 3119 504 3201 virg0.
1263 3116 1494 3181 Prosa.

298 3210 598 3340 Beata
669 3225 740 3268 es
799 3205 985 3286 virgo
1060 3217 1126 3269 et
1189 3202 1490 3285 gloriosa.

447 3295 498 3370 Ϋ
547 3295 728 3357 Inter
774 3313 1005 3356 omnes
1066 3291 1370 3356 mulieres
1423 3303 1493 3358 et

297 3384 664 3448 benedicta.
727 3380 776 3456 Ῠ
823 3380 1091 3446 Gabriel
1119 3380 1240 3444 hec
1265 3380 1492 3445 dicens

298 3472 521 3537 attulit
566 3470 784 3535 affata.
876 3469 927 3544 Ϋ
975 3470 1242 3533 Pariens
1281 3468 1488 3533 filium

296 3563 484 3644 virgo
515 3561 782 3623 intacta.
871 3558 923 3634 Ῡ
965 3557 1158 3640 Jesus
1203 3558 1326 3621 erit
1372 3579 1491 3622 no-

298 3671 452 3714 men
483 3650 626 3731 ejus
673 3655 908 3712 cuncta
953 3668 1069 3729 per
1108 3646 1345 3711 secula.
1436 3646 1488 3722 Ῡ

297 3739 449 3822 Que
494 3738 672 3801 dicta
715 3745 870 3799 sunt
915 3736 999 3799 de
1047 3744 1114 3798 te
1154 3734 1294 3817 jam
1342 3734 1486 3817 jam

294 3837 450 3891 sunt
495 3834 780 3909 peracta.
876 3820 926 3895 Ϋ
1000 3824 1224 3888 Hodie
1269 3844 1358 3887 ex
1416 3833 1485 3889 te

295 3916 600 3982 Christus
644 3922 838 3977 natus
890 3921 992 3976 est
1039 3913 1104 3975 in
1154 3921 1342 3976 terra.
1433 3910 1486 3975 Ῡ

295 4005 404 4069 De
476 4013 544 4069 te
619 4012 832 4067 mater
913 4010 1098 4066 casta
1170 4000 1486 4084 processit

293 4092 518 4157 maria.
610 4090 662 4166 Ῡ
709 4090 858 4154 Ave
889 4092 1187 4173 speciosa
1231 4090 1297 4152 in
1329 4088 1483 4153 celis

293 4183 537 4265 regina.
629 4178 682 4255 Ϋ
729 4180 823 4243 Et
843 4178 1194 4242 benedicta
1215 4178 1283 4241 in
1313 4187 1482 4241 eter-

292 4290 455 4334 num
486 4278 733 4333 sancta.
817 4267 1164 4333 Genuisti.⁴
1225 4257 1277 4333 Ϋ
1323 4265 1484 4331 Glo-

395 4424 410 4453 ¹
443 4419 723 4471 nativitate:
757 4420 890 4471 EG.

393 4490 414 4520 ¹
441 4492 456 4516 ‘
472 4496 522 4537 et
541 4488 554 4509 ’
575 4488 698 4537 adda
732 4487 794 4537 G.

393 4558 414 4586 '
451 4554 559 4604 ‘Tu
583 4562 750 4604 autem
771 4552 974 4604 domine
1009 4554 1238 4602 miserere
1261 4550 1441 4602 nostri’
1467 4567 1479 4600 :

2156 445 2259 501 82

1619 549 1715 612 ria
1762 559 1829 614 et
1879 549 2092 614 honor
2138 553 2266 615 deo
2324 555 2495 635 patri
2546 576 2822 621 summo

1617 637 1762 701 laus
1792 660 2055 722 quoque
2082 641 2391 722 majestas
2416 652 2482 706 et
2512 655 2823 726 potestas

1617 727 1830 790 deitas
1861 729 1944 792 sit
1976 729 2118 810 ejus
2151 731 2492 812 unigenito
2523 742 2591 796 et
2620 735 2814 815 spiri·-

1615 817 1713 878 tui
1744 826 1991 880 sancto,
2084 816 2401 884 Genuisti.
2492 821 2637 884 Ista
2653 834 2812 904 pro-

1613 923 1691 966 sa
1720 903 1991 984 dicatur⁴
2006 905 2131 968 loco
2178 927 2401 970 versus
2446 908 2570 972 isto
2616 910 2723 974 die
2750 921 2813 974 et

1611 991 1720 1056 die
1774 993 2249 1058 circuncisionis
2308 995 2378 1058 in
2439 999 2807 1064 matutinis.

1611 1080 1800 1144 Aliis
1843 1103 1989 1145 vero
2032 1082 2254 1146 diebus
2292 1085 2546 1149 dicetur
2586 1108 2815 1152 versus

1609 1169 1762 1232 Ave
1793 1171 2003 1234 maria
2028 1173 2243 1254 gratia
2271 1173 2469 1255 plena
2497 1176 2809 1242 dominus

1609 1265 1849 1322 tecum.
1943 1259 2259 1324 Genuisti.

1697 1347 1783 1408 In
1837 1347 1924 1430 iij
1956 1357 2256 1412 nocturno
2305 1359 2411 1414 aii.
2504 1351 2659 1434 Ipse
2704 1353 2803 1416 in-

1607 1435 1870 1499 vocavit
1894 1456 2016 1499 me.
2063 1436 2363 1504 alleluia:
2410 1449 2598 1522 pater
2617 1461 2803 1505 meus

1607 1543 1680 1586 es
1740 1531 1813 1586 tu
1872 1524 2037 1587 all’a.
2113 1535 2213 1608 ps.
2318 1528 2801 1594 Misericordias

1609 1611 1879 1676 domini.
1968 1622 2076 1676 αῆ.
2168 1614 2491 1679 Letentur
2548 1618 2670 1680 celi
2732 1628 2801 1682 et

1607 1700 1867 1764 exultet
1898 1709 2070 1764 terra
2102 1713 2257 1765 ante
2280 1703 2512 1768 faciem
2546 1707 2799 1770 domini

1608 1791 1924 1870 quoniam
1956 1791 2150 1854 venit.
2183 1801 2285 1873 pf.
2334 1792 2633 1858 Cantate.
2698 1795 2801 1880 (j)

1604 1886 1710 1940 an.
1774 1879 2027 1940 Notum
2077 1878 2231 1943 fecit
2284 1880 2591 1946 dominus
2640 1883 2798 1946 alle-

1606 1963 1783 2029 luia:
1844 1965 2131 2030 salutare
2181 1988 2389 2033 suum.
2466 1970 2631 2034 all'a.
2692 1981 2796 2053 pf.

1607 2052 1907 2118 cantate.
1982 2054 2101 2136 (ij.)
2179 2043 2229 2118 Ϋ
2277 2056 2432 2138 Ipse
2464 2059 2795 2124 invocavit

1605 2161 1733 2206 me.
1824 2143 2022 2206 Pater
2054 2163 2241 2206 meus
2273 2165 2342 2207 es
2374 2154 2446 2208 tu
2482 2147 2651 2212 all’a.

2169 2232 2533 2296 Secundum
2562 2234 2791 2301 lucam.

1600 2321 1746 2449 ln
1766 2317 1882 2380 illo
1905 2327 2201 2401 tempore
2225 2342 2240 2384 z
2290 2321 2479 2385 Exiit
2499 2323 2789 2389 edictum

1691 2427 1732 2469 a
1762 2426 1982 2470 cesare
2005 2417 2285 2490 augusto
2313 2431 2327 2473 ε
2375 2419 2448 2474 ut
2468 2412 2793 2478 describe-

1603 2503 1780 2559 retur
1824 2496 2163 2560 universus
2208 2497 2398 2563 orbiS.
2496 2499 2644 2565 Hec
2675 2503 2789 2566 de-

1600 2584 1869 2667 scriptio
1901 2586 2113 2668 prima
2144 2585 2317 2649 facta
2343 2598 2443 2651 est
2467 2609 2507 2651 a
2528 2592 2787 2673 preside

1599 2674 1774 2753 syrie
1803 2675 2046 2755 cyrin0.
2138 2674 2230 2738 Et
2259 2676 2527 2759 reliqua.

1605 2761 1857 2827 Omelia
1868 2762 2039 2826 beati
2043 2764 2340 2844 gregorii
2337 2776 2521 2847 pape.
2582 2767 2658 2831 L.
2672 2769 2787 2852 vij.

1609 2851 1733 3015 Q
1760 2851 1869 2913 uia
1951 2851 2272 2933 largiente
2324 2854 2600 2919 domino
2632 2859 2785 2921 mis-

1756 2959 1977 3003 sarum
2054 2939 2355 3004 solennia
2416 2952 2519 3007 ter
2588 2944 2788 3010 hodie

1595 3026 1987 3092 celebraturi
2078 3048 2349 3093 sumus:
2423 3030 2603 3114 loqui
2671 3035 2785 3099 diu

1590 3115 1677 3178 de
1726 3118 2106 3199 evangelica
2136 3117 2420 3182 lectione
2454 3140 2585 3183 non
2628 3142 2779 3204 pos-

1592 3224 1837 3268 sumus,
1967 3205 2100 3271 Sed
2164 3226 2285 3269 nos
2352 3207 2603 3290 aliquid
2671 3212 2777 3275 vel

1589 3290 1876 3357 breviter
1915 3293 2129 3358 dicere
2168 3295 2600 3378 redemptoris
2633 3319 2783 3363 nos-

1588 3381 1670 3443 tri
1704 3382 2013 3446 nativitas
2036 3384 2179 3463 ipsa
2201 3384 2553 3465 compellit.
2602 3385 2781 3468 Quid

1591 3478 1691 3532 est
1720 3470 1903 3553 quod
1936 3472 2264 3534 nascituro
2287 3472 2559 3536 domino
2591 3495 2781 3538 mun-

1588 3558 1714 3621 dus
1762 3559 2189 3623 describitur:
2250 3560 2373 3622 nisi
2424 3560 2549 3624 hoc
2596 3564 2777 3645 quod

1588 3656 1816 3729 aperte
1878 3646 2325 3711 monstratur?
2416 3647 2593 3730 Quia
2665 3650 2777 3716 ille

1584 3735 1894 3800 veniebat
1953 3736 2019 3798 in
2079 3755 2275 3799 carne
2348 3738 2461 3819 qui
2531 3737 2776 3804 electos

1585 3842 1741 3887 suos
1824 3824 2177 3887 ascriberet
2256 3824 2324 3886 in
2404 3826 2771 3894 eternitate.

1588 3911 1747 3977 Cui³
1777 3921 2004 3975 contra
2032 3912 2116 3974 de
2149 3911 2441 3993 reprobis
2476 3934 2596 3997 per
2624 3938 2773 3999 pro-

1583 3998 1856 4082 phetam
1908 4000 2194 4064 dicitur:
2270 4000 2636 4067 Deleantur
2686 4006 2773 4071 de

1583 4087 1750 4153 libro
1797 4088 2202 4153 viventium:
2266 4098 2334 4153 et
2383 4110 2533 4153 cum
2574 4092 2773 4174 justis

1583 4196 1717 4241 non
1762 4176 2143 4241 scribantur.
2243 4178 2362 4242 Re.
2407 4179 2615 4245 Beata
2661 4182 2773 4248 dei

1581 4266 1875 4348 genitrix
1920 4268 2129 4331 maria
2167 4266 2354 4350 cujus
2394 4268 2643 4335 viscera
2672 4272 2769 4337 in-

1577 4416 1700 4467 add:
1738 4416 1962 4467 E.G.W.

1679 4486 1698 4516 ⁴
1738 4484 1848 4549 ‘qui
1871 4493 1919 4533 te
1941 4484 2101 4534 secit’:
2123 4483 2248 4535 add}
2280 4482 2501 4535 E.G.W.

1677 4553 1699 4581 ⁸
1732 4551 1869 4613 Quo:
1906 4550 1965 4599 E.
2039 4551 2209 4613 Quod:
2246 4551 2312 4600 G.

2457 4649 2505 4696 G
