3375 5100
1291 337 1414 394 ET
1454 338 1615 395 GRA
1628 339 1794 395 YIIS
1835 338 2002 395 PER
2048 338 2380 399 ANNUM.

1104 448 1255 505 887

586 563 845 618 tantum
868 553 1175 638 usquead
1194 550 1619 636 epiphaniam.
1695 554 1780 618 In

582 644 918 726 epiphania
946 651 1012 706 et
1020 653 1146 724 per
1168 652 1475 706 octavam.
1570 642 1780 725 Surge

584 732 999 796 illuminare:
1076 752 1272 813 usque
1319 740 1467 794 orta
1524 740 1641 795 est.
1718 742 1782 794 et

566 830 789 901 postea
820 830 893 883 ut
918 830 1133 903 supra.

587 913 650 986 Ε
694 909 827 973 Die
867 909 1019 972 lune
1042 907 1264 989 prime
1292 905 1677 971 hebdomade
1706 908 1776 971 in

579 996 1080 1081 quadragesima
1121 1005 1185 1057 et
1221 996 1516 1059 omnibus
1558 996 1778 1059 dz'ebus

578 1085 976 1168 sequentibus
1018 1104 1217 1165 usque
1262 1082 1357 1146 ad
1399 1104 1616 1147 cenam
1662 1084 1776 1147 do-

582 1174 800 1237 mini:
864 1172 1003 1237 nisi
1046 1172 1117 1236 in
1164 1170 1507 1235 dominicis
1553 1172 1776 1235 dz’ebus

578 1262 840 1325 dicatur
907 1270 1059 1323 ante
1112 1260 1478 1343 prandium
1550 1260 1775 1325 Edent

578 1370 899 1433 pauperes
942 1359 1047 1413 etc.
1091 1348 1303 1412 Lectio
1341 1348 1599 1430 Frange
1627 1369 1775 1412 esu-

576 1439 785 1502 rienti.
833 1458 1029 1520 usque
1072 1438 1167 1500 ait
1209 1436 1517 1500 dominus
1562 1437 1776 1501 omni-

578 1536 833 1609 potens,
947 1526 1111 1589 Post
1180 1524 1543 1607 prandium
1629 1525 1762 1589 loco

581 1613 885 1679 Laudate
933 1614 1276 1677 dominum
1337 1626 1567 1677 om'nes
1612 1634 1776 1695 gen-

578 1711 679 1766 tes
751 1702 1015 1765 dicatur
1085 1702 1386 1785 psalmus
1460 1702 1772 1766 Miserere

578 1792 706 1855 mei
748 1792 927 1855 deuS.
974 1800 1084 1853 etc.
1127 1800 1205 1853 ut
1241 1800 1455 1871 supra.
1530 1790 1776 1855 Diebus

576 1900 723 1943 vero
762 1878 1105 1943 dominicis
1155 1899 1330 1941 more
1370 1878 1557 1941 solito
1600 1879 1773 1943 scili-

572 1978 666 2032 cet
715 1967 906 2034 Oculi
955 1967 1293 2032 omnium:
1338 1987 1480 2029 cum
1512 1968 1772 2048 psalmo

576 2056 881 2121 Laudate
908 2056 1252 2120 dominum
1277 2075 1508 2119 omnes
1538 2066 1772 2139 gentes

559 2155 711 2228 post
721 2146 1104 2226 prandium.

574 2238 639 2312 Ε
684 2234 1154 2297 Benedictiones
1194 2238 1259 2295 et
1270 2230 1497 2315 gratie
1534 2252 1579 2295 a
1620 2253 1772 2296 cena

570 2323 823 2386 domini
881 2342 1076 2405 usque
1130 2320 1227 2384 ad
1250 2320 1504 2401 festum
1562 2330 1777 2384 sancte

570 2411 907 2475 trinitatis.
998 2411 1081 2473 In
1111 2409 1218 2472 die
1259 2430 1399 2473 cene
1436 2408 1772 2473 benedictio

570 2509 633 2564 et
666 2500 887 2582 gratie
928 2518 1285 2562 communes
1326 2507 1390 2560 et
1423 2497 1607 2562 solite
1651 2498 1772 2562 sci-

572 2588 717 2652 licet
747 2588 971 2651 Edent
1016 2606 1351 2668 pauperes,
1402 2595 1505 2650 etc.
1559 2585 1772 2651 Lectio

575 2677 805 2741 Gratia
866 2677 1133 2738 domini.
1231 2673 1507 2738 Dicitur
1555 2684 1770 2738 autem

558 2775 711 2847 post
765 2764 1128 2846 prandium
1216 2762 1389 2825 dicta
1461 2762 1719 2826 lectione
1747 2787 1772 2828 .·

576 2852 761 2916 Deus
823 2852 1003 2934 pacis
1076 2860 1179 2914 etc.
1270 2859 1371 2931 ps.
1466 2851 1770 2915 Laudate

574 2941 919 3004 dominum
980 2959 1211 3002 omnes
1263 2949 1499 3020 gentes
1543 2949 1647 3005 etc.
1695 2939 1771 3004 ob

574 3029 993 3092 reverentiam
1021 3048 1162 3090 cene
1186 3025 1509 3091 dominice.

578 3122 641 3195 Ε
685 3117 769 3180 In
810 3116 916 3180 die
940 3126 1291 3198 parasceue
1332 3115 1667 3180 benedictio
1711 3127 1775 3180 et

561 3206 788 3288 gratie
815 3215 891 3268 ut
914 3216 1115 3287 supra
1147 3203 1215 3266 in
1244 3203 1353 3266 die
1379 3225 1531 3268 cene.

575 3300 638 3373 Ε
678 3295 763 3358 In
796 3293 1029 3376 vigilia
1036 3291 1270 3375 pasche
1289 3293 1550 3356 dicatur
1554 3292 1771 3375 primo

568 3383 667 3446 ad
672 3382 1039 3466 prandium
1064 3403 1089 3444 .·
1136 3381 1515 3445 Benedicite
1556 3382 1770 3444 domi-

571 3493 712 3536 nus,
757 3472 1049 3554 sequitur
1071 3470 1311 3535 statim.
1361 3469 1552 3534 All'a.
1594 3470 1768 3536 Con-

569 3561 847 3626 fitemini
894 3560 1165 3623 domino
1211 3559 1520 3641 quoniam
1556 3560 1770 3622 bonus

568 3649 881 3732 quoniam
917 3650 979 3712 in
1008 3646 1299 3711 seculum
1325 3648 1770 3711 misericordia

567 3739 725 3821 ejus,
792 3737 1017 3802 Gloria
1050 3735 1236 3818 patri.
1281 3745 1385 3798 etc.
1442 3755 1564 3798 non
1595 3737 1770 3798 dica-

569 3837 681 3890 tur
711 3826 1131 3909 Kyrieleison
1178 3825 1283 3886 vel
1323 3824 1518 3887 Pater
1546 3835 1769 3889 noster

565 3915 682 3978 sed
701 3914 929 3978 statim
957 3921 1267 3996 sequatur
1293 3912 1593 3977 OremuS.
1642 3913 1766 3978 Be-

568 4003 761 4066 nedic
807 4003 1091 4065 domine.
1142 4011 1243 4064 etc.
1291 4000 1465 4081 Jube
1498 4002 1766 4066 domine

566 4100 670 4154 etc.
750 4091 983 4154 Mense
1044 4089 1319 4152 celestiS.
1395 4089 1621 4154 Lectio.
1688 4090 1760 4156 Si

564 4179 1067 4242 consurrexistis
1164 4188 1267 4241 etc.
1351 4198 1547 4260 usque
1627 4198 1761 4242 non

566 4286 696 4350 que
755 4287 953 4348 super
1010 4275 1273 4329 terram.
1348 4267 1513 4329 Post
1551 4277 1760 4349 pran-

566 4357 747 4422 dium
813 4357 995 4420 Deus
1056 4355 1252 4438 pacis,
1307 4364 1411 4419 etc.
1472 4357 1766 4437 sequitur

966 4517 979 4546 ¹
1021 4514 1260 4564 ‘et'om..·
1300 4515 1355 4563 G.

2407 448 2563 507 888

1881 554 2184 621 Laudate
2232 554 2576 619 dominum
2621 574 2856 621 omnes
2911 576 3090 640 gen-

1876 652 1994 707 tes,
2067 654 2171 707 etc.
2251 642 2476 708 Gloria
2535 645 2705 727 patri
2778 655 2882 709 etc.
2945 668 3086 709 non

1876 732 2167 815 sequitur
2231 732 2624 815 kyrieleison
2701 733 2806 797 vel
2877 734 3086 799 Pater

1877 830 2100 884 noster
2133 842 2148 883 τ
2234 820 2352 884 sed
2435 824 2661 884 statim
2765 820 3076 888 OremuS.

1880 908 2200 990 Spiritum
2247 908 2454 973 nobis,
2547 908 2673 973 Per
2701 910 3074 975 dominum.

1875 997 1942 1060 in
1975 998 2227 1061 unitate
2258 997 2554 1079 ejusdem
2585 999 2851 1080 spiritus
2880 1020 3080 1063 sanc-

1873 1086 1942 1151 ti.
2014 1096 2080 1148 et
2133 1086 2585 1167 respondeatur
2652 1086 2894 1151 Amen.
2973 1088 3082 1151 Et

1871 1173 2164 1255 sequitur
2210 1173 2546 1237 benedictio
2589 1175 2950 1257 episcopalis
3005 1178 3082 1240 si

1859 1272 2120 1343 presens
2163 1264 2256 1325 sit
2295 1264 2612 1345 episcopus
2633 1285 2659 1327 .·
2699 1263 2806 1327 sin
2849 1274 3074 1327 autem

1873 1350 2050 1412 niltil
2071 1349 2363 1432 amplius.

1877 1442 1942 1516 Ε
1988 1439 2070 1502 In
2101 1439 2207 1501 die
2215 1438 2452 1521 pasche
2489 1448 2640 1513 ante
2651 1440 3016 1522 prandium
3041 1463 3072 1503 .·

1877 1526 2270 1591 Benedicite.
2327 1527 2670 1591 DominuS.
2726 1528 2871 1593 Hec
2901 1530 3065 1593 dies.

1871 1624 1978 1678 etc.
2040 1614 2264 1678 Gloria
2319 1616 2506 1697 patri.
2567 1624 2670 1679 etc.
2734 1626 2810 1679 ut
2849 1617 3066 1699 prius.

1876 1702 2177 1768 oremus.
2244 1704 2530 1767 Benedic
2601 1704 2885 1769 domine.
2953 1716 3068 1769 etc.

1871 1801 1949 1855 ut
2001 1792 2212 1874 prius.
2317 1793 2545 1855 Lectio.
2651 1793 3068 1876 Expurgate.

1871 1900 2068 1961 usque
2093 1880 2435 1962 epulemur
2464 1880 2528 1943 in
2561 1880 2849 1947 domin0.
2901 1883 3072 1945 Post

1855 1969 2217 2050 prandium
2271 1968 2457 2032 Deus
2497 1970 2677 2052 pacis
2729 1979 2833 2032 etc.
2878 1979 2941 2032 et
2967 1990 3065 2033 se-

1869 2056 2108 2138 quitur.
2186 2057 2610 2123 Confitemini
2642 2056 2913 2121 domino
2955 2069 3064 2123 etc.

1871 2144 2096 2209 Gloria
2137 2146 2305 2229 patri
2353 2155 2455 2210 etc.
2535 2146 2834 2210 OremuS.
2914 2147 3065 2229 Spi-

1869 2233 2067 2297 ritum
2144 2234 2349 2297 nobis,
2416 2243 2519 2298 etc.
2596 2234 2693 2297 Et
2759 2245 3068 2315 sequatur

1869 2321 2202 2385 benedictio
2260 2322 2620 2405 episcopalis
2667 2322 2734 2385 si
2779 2324 2872 2385 sit
2910 2334 3064 2405 pre-

1867 2430 2022 2474 sens.
2091 2409 2215 2473 Ad
2234 2431 2470 2475 cenam.
2535 2411 2913 2475 Benedicite
2943 2413 3062 2475 do-

1871 2498 2102 2563 minus,
2195 2498 2447 2564 Cenam
2523 2498 2886 2564 sanctificet
2953 2510 3060 2564 etc.

1871 2588 1950 2651 In
2001 2589 2268 2651 nomine
2313 2588 2534 2670 patris.
2610 2589 2773 2652 Post
2821 2609 3060 2654 cenam.

1871 2676 2266 2741 Benedictus
2335 2678 2516 2741 deus,
2587 2686 2692 2740 etc.
2768 2677 3063 2759 Adjuto-

1869 2764 2052 2828 rium.
2110 2764 2212 2830 Sit
2245 2783 2502 2829 nomen.
2554 2764 2854 2831 Oremus.
2910 2765 3064 2848 Spi-

1869 2853 2066 2916 ritum
2113 2854 2320 2916 nobis,
2365 2863 2470 2917 etc.
2515 2863 2580 2916 et
2603 2853 2697 2916 sic
2711 2866 2834 2935 per
2861 2863 3060 2918 totam

1865 2941 2290 3023 septimanam
2329 2939 2528 3024 nsque
2569 2943 2667 3004 ad
2706 2941 2877 3005 diem
2914 2943 3062 3006 sab-

1867 3028 2008 3092 bati
2051 3039 2116 3092 et
2164 3039 2315 3093 tunc
2368 3031 2629 3093 dicatur
2673 3039 2826 3093 ante
2853 3041 3061 3112 pran-

1866 3117 2052 3180 dium
2099 3117 2293 3182 All’a.
2348 3118 2495 3182 Hec
2540 3119 2697 3182 dies,
2743 3129 2848 3183 etc.
2902 3119 3064 3180 Post

1851 3205 2213 3287 prandium
2262 3206 2454 3270 All’a.
2523 3207 2824 3271 Laudate
2874 3208 3058 3290 pueri

1868 3295 2230 3358 dominum.
2275 3304 2381 3359 etc.
2424 3305 2502 3358 ut
2511 3296 2721 3378 prius.
2757 3295 3057 3360 oremus,

1870 3381 2188 3465 Spiritum
2219 3384 2424 3448 nobiS.
2471 3393 2576 3448 etc.
2621 3383 2724 3446 et¹
2755 3393 3065 3466 sequatur

1867 3470 2201 3535 benedictio
2229 3471 2589 3556 episcopalis
2603 3472 2670 3536 si
2686 3472 2778 3536 sit
2781 3483 3062 3554 presens·

1868 3559 2000 3623 Die
2026 3570 2240 3623 autem
2267 3560 2585 3624 dominica
2613 3561 2847 3624 scilicet
2875 3560 2944 3624 in
2965 3581 3060 3622 oc-

1868 3657 2023 3711 tava
2053 3647 2285 3730 pasche
2323 3649 2630 3712 dicantur
2643 3649 2867 3732 gratie
2892 3669 3066 3712 more

1864 3745 2164 3801 consueto.
2224 3737 2458 3800 scilicet
2503 3735 2697 3803 Oculi
2758 3738 3057 3801 omnium

1865 3834 1970 3889 etc.
2037 3835 2099 3889 et
2167 3827 2560 3907 sequantur²
2621 3825 3060 3907 Kyrieleison.

1872 3913 2394 3978 Christeeleison.
2513 3914 2928 3997 Kyrieleison
3001 3923 3064 3976 et

1873 4002 2067 4066 Pater
2096 4012 2355 4068 noster:
2403 4013 2762 4066 remanente
2804 4012 3058 4067 tantum

1866 4091 2121 4154 lectione
2159 4091 2568 4174 Expurgate.
2615 4101 2718 4155 etc.
2753 4112 2947 4173 usquc
2973 4091 3069 4153 ad

1861 4181 2282 4242 ascensionem
2342 4180 2606 4244 domini.
2697 4181 2759 4243 A
2769 4180 2807 4244 b
2849 4201 3060 4242 ascen-

1860 4268 2036 4330 sione
2065 4289 2209 4331 vero
2254 4269 2507 4332 domini
2554 4289 2750 4351 usque
2785 4270 2878 4332 ad
2903 4279 3058 4350 pen-

1863 4352 2166 4420 thecosten
2228 4379 2368 4421 cum
2424 4358 2678 4422 lectione
2768 4358 3057 4422 Primum

2159 4521 2179 4550 ²
2209 4527 2441 4584 sequatur
2455 4533 2472 4569 .·
2508 4519 2570 4569 G.
