3375 5100
99 488 114 529 ἰ

100 670 108 707 l

887 252 892 257 ·
971 246 1246 302 DoMca-
1295 242 1488 302 Xlss·
1535 242 1759 301 xmu-
1808 245 1930 300 ET
1969 242 2230 301 xmu-

857 352 1012 409 633

342 459 668 524 bonorum
721 458 926 523 facias
984 480 1130 525 esse
1183 469 1540 524 consortes

349 550 472 612 Per
514 548 878 612 dominum.
953 548 1080 612 Ad
1123 558 1417 631 vesperas
1468 550 1540 612 in

345 657 600 719 evange.
633 657 738 700 an.
791 635 994 701 Stans
1025 657 1066 700 a
1097 636 1294 720 longe
1325 636 1542 720 publi-

349 745 550 789 canus
605 724 873 789 nolebat
915 725 1142 789 oculos
1191 727 1274 789 ad
1326 726 1538 790 celum

351 812 606 877 levare:
671 814 786 876 sed
843 815 1253 895 percutiebat
1310 824 1542 897 pectus

349 922 544 965 suum
574 901 840 965 dicens:
889 901 1052 965 deus
1083 902 1404 985 propitius
1441 922 1542 965 es-

351 1000 424 1053 to
485 989 644 1053 mihi
705 992 1052 1072 peccatori.
1127 1000 1230 1073 pf.
1281 989 1544 1073 Magni-

352 1077 523 1143 ficat.

354 1172 420 1245 (Ι
465 1166 811 1230 Dominica
835 1166 952 1250 xxj.
1069 1167 1202 1232 Sec.
1234 1187 1542 1232 marcum.

349 1257 500 1386 ln
534 1255 646 1319 illo
675 1264 974 1340 tempore
1003 1276 1017 1321 :
1065 1256 1321 1319 Exiens
1349 1256 1544 1337 Jesus

457 1344 542 1409 de
573 1343 815 1408 finibus
859 1345 987 1425 tyri
1017 1366 1032 1407 :
1077 1346 1261 1408 venit
1289 1366 1409 1427 per
1435 1366 1544 1425 sy-

351 1432 594 1495 donem
622 1432 706 1495 ad
735 1452 912 1496 mare
941 1432 1177 1516 galilee
1209 1432 1377 1497 inter
1407 1452 1544 1496 me-

353 1521 498 1583 dios
530 1519 692 1583 fines
724 1520 1132 1601 decapoleos
1214 1521 1304 1584 Et
1336 1522 1544 1584 addu-

352 1618 513 1672 cunt
572 1610 632 1672 ei
693 1609 964 1671 surdum
1026 1619 1095 1673 et
1157 1618 1415 1673 mutum
1476 1617 1545 1673 et

351 1695 880 1780 deprecabantur
923 1717 1074 1760 eum
1123 1706 1197 1762 ut
1244 1699 1543 1779 imponat

353 1783 448 1847 illi
483 1803 769 1847 manum.
861 1784 953 1848 Et
985 1784 1248 1867 reliqua.

358 1873 612 1937 Omelia
657 1872 1041 1937 venerabilis
1085 1874 1255 1937 Bede
1285 1873 1544 1957 presby-

356 1962 497 2024 teri.
1186 1962 1403 2026 Lectio
1431 1962 1547 2045 vij.

354 2047 686 2185 Surdus
732 2049 954 2132 itaque
1001 2048 1236 2114 fratres
1280 2051 1544 2115 mirabi-

469 2137 616 2201 liter
633 2158 674 2201 a
699 2138 972 2201 domino
992 2148 1257 2203 curatus
1281 2160 1296 2203 ε
1333 2159 1545 2221 genus

355 2226 659 2308 designat
719 2226 1124 2291 humanum:
1217 2229 1397 2310 quod
1457 2227 1545 2290 ab

355 2334 570 2379 errore
616 2315 940 2379 diabolice
989 2316 1401 2399 deceptionis
1447 2316 1546 2379 di-

354 2402 509 2466 vina
556 2404 792 2468 meruit
820 2404 1033 2488 gratia
1065 2404 1335 2469 liberari.
1407 2404 1548 2469 Ob·

356 2493 612 2557 surduit
672 2511 937 2575 nanque
1013 2491 1264 2558 homo:
1365 2503 1546 2576 post-

358 2602 562 2664 quam
608 2581 942 2645 mortifera
987 2583 1310 2664 serpentis
1347 2581 1548 2646 verba

358 2679 588 2734 contra
632 2670 974 2733 dominum
1021 2671 1315 2734 tumidus
1363 2671 1548 2734 audi-

356 2758 491 2823 vit:
535 2767 888 2841 mutusque
920 2779 960 2821 a
991 2758 1187 2822 laude
1218 2760 1324 2823 dei
1355 2759 1549 2823 effec-

355 2855 467 2911 tus
511 2855 649 2910 est:
695 2868 784 2910 ex
816 2867 950 2928 quo
996 2866 1148 2911 cum
1203 2847 1548 2912 seductore

359 2934 760 3017 colloquium
793 2934 1034 2998 habere
1067 2937 1480 3018 presumpsit.

369 3023 603 3191 Quia
656 3025 853 3104 igitur
912 3025 1052 3105 ipse
1114 3021 1356 3109 [Lectio
1407 3024 1548 3106 vit-'72

495 3112 728 3175 surdus
747 3112 1138 3175 salvatorem
1161 3131 1546 3194 agnoscere:

359 3211 582 3264 mutus
637 3220 865 3283 rogare
917 3200 1276 3282 nequibat:
1338 3201 1548 3265 addu-

359 3297 517 3352 cunt
578 3309 730 3352 eum
790 3289 1024 3352 amici:
1101 3297 1168 3352 et
1229 3309 1347 3370 pro
1407 3290 1550 3372 ejus

359 3377 573 3440 salute
625 3377 893 3440 domino
951 3377 1343 3459 supplicant.
1437 3379 1550 3443 Sic

358 3465 669 3528 nimirum
698 3465 833 3529 sic¹
866 3465 932 3528 in
963 3464 1241 3547 spiritali
1284 3485 1550 3529 necesse

359 3562 463 3618 est
493 3554 828 3617 curatione
861 3563 1161 3636 geratur:
1213 3561 1286 3617 ut
1317 3555 1370 3617 si
1404 3556 1552 3636 quis

359 3641 650 3705 humana
725 3642 1048 3705 industria
1106 3642 1190 3705 ad
1250 3643 1550 3706 auditum

360 3729 971 3812 confessionemque
1028 3731 1322 3794 veritatis
1395 3751 1550 3794 con-

360 3819 525 3882 verti
557 3838 690 3881 non
721 3827 981 3901 potest:
1031 3820 1253 3882 divine
1285 3820 1552 3901 pietatis

361 3907 676 3971 offeratur
733 3907 1150 3989 aspectibus:
1203 3917 1405 3990 atque
1464 3907 1550 3972 ad

360 3996 727 4059 sanandum
777 4015 928 4059 eum
984 4016 1263 4078 superne
1317 4016 1552 4060 manus

363 4083 698 4166 flagitetur
725 4084 1066 4147 auxilium.
1227 4085 1438 4147 Lectio
1469 4085 1552 4148 ix.

529 4172 990 4254 pprehendens
1031 4182 1333 4254 egrotum
1363 4173 1555 4254 Jesus

529 4261 615 4324 de
689 4261 881 4324 turba
956 4281 1294 4324 seorsum:
1374 4262 1552 4324 misit

599 4435 612 4464 ¹
655 4433 907 4484 ‘sic'om.
937 4451 949 4484 ε
983 4433 1049 4484 Ν.

1265 4435 1286 4464 ²
1319 4433 1616 4500 supplicium
1649 4453 1662 4484 ε
1698 4435 1779 4485 W.

2157 354 2311 411 684

1641 460 1889 543 digitos
1913 480 2069 523 suos
2100 460 2165 523 in
2198 458 2523 523 auriculas
2542 468 2610 523 et
2628 479 2840 541 expu-

1642 569 1761 614 ens
1780 550 2001 633 tetigit
2026 548 2323 631 linguam
2346 548 2505 630 ejus,
2572 548 2841 631 Digitos

1642 637 1893 721 quippe
1937 639 2137 701 surdo
2182 638 2249 700 in
2282 635 2605 700 auriculas
2635 637 2841 700 mittit

1643 736 1720 790 ut
1750 726 2015 790 audiat:
2063 744 2213 790 cum
2260 746 2378 807 per
2407 726 2583 789 dona
2628 726 2842 807 gratie

1643 815 1955 897 spiritalis
2006 814 2119 878 diu
2174 834 2309 877 non
2358 814 2700 877 credentes
2754 813 2839 876 ad

1644 902 1946 966 auditum
1979 904 2079 966 sui
2108 903 2289 966 verbi
2321 902 2661 965 convertit.
2750 902 2842 965 Et

1645 1011 1946 1074 expuens
1966 991 2187 1073 tetigit
2206 990 2501 1073 linguam
2526 990 2668 1071 ejus
2688 1010 2841 1054 cum

1645 1100 1765 1163 per
1785 1081 2219 1143 ministerium
2245 1079 2710 1161 predicationis
2742 1098 2843 1141 ra·

1646 1169 1897 1232 tionem
1945 1168 2099 1231 fidei
2146 1188 2348 1251 quam
2390 1167 2685 1231 confiteri
2728 1167 2841 1229 de-

1647 1257 1805 1321 beat
1862 1266 2130 1340 prestat.
2220 1257 2303 1320 In
2355 1256 2683 1337 evangelio
2734 1265 2841 1319 ανῖ.

1649 1344 1905 1408 Exiens
1961 1346 2155 1427 Jesus
2216 1344 2301 1407 de
2364 1344 2604 1408 finibus
2665 1345 2841 1426 tyri:

1645 1434 1828 1498 venit
1903 1454 2021 1516 per
2092 1434 2419 1515 sydonem
2496 1434 2580 1495 ad
2661 1453 2841 1496 mare

1645 1520 1884 1603 galilee
1926 1522 2095 1585 inter
2136 1522 2389 1584 medios
2440 1520 2603 1584 fines
2648 1522 2841 1583 deca-

1645 1609 1877 1693 poleos
1908 1608 2071 1673 all'a.
2107 1618 2207 1690 pff.
2242 1610 2653 1673 Benedictus
2693 1609 2840 1674 02²0.

1657 1698 2161 1833 Omnipotens
2203 1699 2605 1780 sempiterne
2635 1698 2798 1761 deus
2824 1719 2838 1761 :

1782 1787 1893 1869 qui
1934 1786 2387 1850 habundantia
2434 1786 2697 1868 pietatis
2728 1794 2841 1849 tue

1647 1883 1716 1938 et
1748 1876 1983 1938 merita
2025 1873 2728 1956 supplicum²excedis
2772 1883 2843 1937 et

1645 1972 1841 2027 vota:
1888 1962 2153 2026 effunde
2200 1982 2398 2043 super
2441 1981 2561 2023 nos
2594 1962 2842 2025 miseri-

1647 2050 1940 2115 cordiam
1986 2060 2211 2115 tuam:
2258 2060 2333 2115 ut
2368 2049 2666 2113 dimittas
2710 2069 2841 2131 que

1647 2139 2051 2203 conscientia
2098 2140 2374 2201 metuit:
2438 2146 2506 2200 et
2566 2138 2842 2220 adjicias

1647 2227 1829 2311 quod
1874 2228 2086 2291 oratio
2130 2246 2260 2289 non
2310 2227 2641 2309 presumit.
2720 2226 2843 2288 Per

1649 2314 2013 2379 dominum.
2089 2316 2216 2379 Ad
2238 2326 2527 2397 vesperas
2558 2314 2627 2376 in
2656 2334 2839 2377 evan.

1648 2413 1755 2469 ar‘i.
1828 2405 2008 2468 Bene
2067 2403 2293 2467 omnia
2354 2404 2545 2467 fecit:
2609 2403 2841 2466 surdos

1650 2492 1805 2558 fecit
1836 2493 2061 2558 audire
2089 2515 2103 2558 :
2150 2502 2219 2558 et
2252 2502 2471 2556 mutos
2503 2490 2700 2576 loqui.
2738 2499 2841 2574 pf.

1654 2581 2059 2666 Magnificat.

1653 2675 1719 2748 ΙΙ
1768 2670 2109 2734 Dominica
2139 2669 2493 2734 tredecima.
2616 2667 2841 2733 Sec-un.

1650 2762 1800 2891 ln
1833 2759 1948 2822 illo
1979 2768 2317 2841 tempore:
2366 2759 2562 2822 Dixit
2588 2757 2843 2841 [lucam.

1754 2848 1950 2929 Jesus
1979 2846 2362 2930 discipulis.⁸
2450 2847 2639 2910 Beati
2670 2845 2842 2910 oculi

1651 2936 1766 3020 qui
1794 2937 2024 3000 vident
2055 2957 2185 3018 que
2213 2956 2331 2999 vos
2360 2935 2613 2998 videtis
2673 2934 2847 2998 Dico

1651 3025 1830 3088 enim
1860 3025 2047 3089 vobis
2079 3024 2259 3106 quod
2299 3023 2487 3088 multi
2520 3023 2845 3106 prophete

1650 3121 1719 3177 et
1744 3113 1904 3195 justi
1936 3113 2281 3177 voluerunt
2311 3112 2531 3175 videre
2564 3132 2694 3195 que
2724 3132 2849 3174 vos

1649 3202 1893 3266 videtis
1943 3211 2013 3266 et
2052 3221 2183 3266 non
2228 3200 2570 3264 viderunt:
2615 3211 2685 3264 et
2730 3219 2844 3262 au·-

1651 3290 1791 3353 dire
1835 3311 1966 3374 que
2011 3290 2295 3354 auditis:
2341 3297 2410 3353 et
2441 3308 2575 3351 non
2619 3287 2847 3352 audie-

1653 3387 1821 3443 runt.
1913 3377 2005 3444 Et
2035 3376 2303 3460 reliqua.

1657 3466 1909 3530 Omelia
1968 3465 2351 3530 venerabilis·
2400 3463 2549 3528 bede
2588 3463 2848 3545 presby-

1653 3555 1794 3618 teri.
2491 3552 2703 3616 Lectio
2732 3552 2846 3634 vg'j.

1836 3663 1923 3706 on
1954 3642 2130 3705 enim
2162 3642 2334 3706 oculi
2381 3642 2739 3705 scribarum
2778 3649 2847 3703 et

1821 3730 2267 3813 phariseorum
2300 3731 2413 3812 qui
2441 3748 2677 3811 corpus
2701 3738 2848 3791 tan-

1654 3829 1797 3883 tum
1825 3818 2077 3883 domini
2100 3819 2362 3882 videre:
2392 3819 2510 3881 sed
2544 3817 2635 3880 illi
2668 3817 2849 3880 beati

1654 3908 1827 3972 oculi
1852 3908 1963 3990 qui
1988 3907 2129 3990 ejus
2154 3915 2429 3990 possunt
2453 3925 2853 3988 cognoscere

1655 4007 2085 4060 sacramenta.
2188 3994 2415 4061 Sancti
2478 4015 2635 4077 ergo
2696 4015 2850 4076 pro-

1655 4085 1855 4168 phete
1888 4105 2003 4166 per
2033 4084 2335 4166 spiritum
2382 4093 2682 4147 sanctum
2726 4083 2850 4145 do-

1657 4175 1911 4236 minum
1945 4173 2009 4235 in
2057 4193 2254 4236 carne
2297 4173 2717 4254 previderunt
2747 4170 2848 4234 su-

1654 4270 1876 4325 turum
1902 4282 1917 4325 :
1949 4271 2017 4325 et
2040 4281 2191 4324 eum
2225 4260 2651 4344 corporaliter
2680 4261 2851 4324 sicut

1985 4438 2004 4465 ⁸
2042 4433 2205 4484 ‘suis'
2230 4433 2366 4484 adde
2401 4433 2557 4483 W.N.
