3375 5100
1016 339 1237 394 POST
1270 338 1379 396 OC
1380 337 1487 394 TA
1502 337 1658 394 VAS
1707 338 2204 394 EPIPHANIE.

898 446 1047 502 201

349 553 632 636 agenda
706 562 865 618 sunt
924 554 1249 618 videant:
1320 563 1393 618 et
1474 555 1563 619 ad

365 641 712 724 implenda
777 662 906 724 que
979 642 1267 706 viderint
1320 662 1564 707 conva-

366 729 639 794 lescant.
732 731 861 794 Per
917 729 1306 795 dominum.¹
1398 731 1567 795 2Αά

359 819 853 900 completorium.
962 819 1097 884 Αῆ.
1206 820 1563 884 Miserere.³

350 916 453 989 psi.
504 908 678 972 Cum
710 909 1103 971 invocarem.
1172 907 1559 990 Capitulum.

362 995 473 1058 Tu
506 997 573 1058 in
605 995 815 1059 nobiS.
874 996 1203 1077 Hymnus:
1250 996 1351 1060 Te
1382 996 1560 1060 lucis,

366 1103 413 1168 γ
480 1083 766 1149 Custodi
808 1104 947 1148 nos,
1020 1093 1127 1148 an.
1201 1084 1408 1149 Salva
1440 1105 1561 1148 nos

363 1173 635 1236 domine
681 1172 1079 1255 vigilantes:
1124 1172 1384 1236 custodi
1437 1194 1559 1236 nos

360 1260 819 1325 dormientes:
880 1270 957 1325 ut
1001 1261 1347 1343 vigilemus
1406 1282 1557 1326 cum

367 1348 635 1413 Christo
666 1359 735 1413 et
766 1350 1253 1432 requiescamus
1285 1351 1349 1413 in
1376 1371 1556 1432 pace.

348 1447 452 1518 pJ.
514 1437 582 1501 N
587 1459 715 1503 unc
745 1439 1043 1502 dimittis,
1097 1438 1555 1521 Kyrieleyson.

358 1535 471 1589 etc.
531 1535 610 1590 ut
632 1537 835 1608 supra
878 1527 949 1589 in
987 1527 1269 1590 adventu
1307 1528 1563 1592 domini

348 1615 781 1696 prenotatur.⁴
874 1614 993 1678 Sic
1016 1615 1278 1679 dte-atur
1300 1617 1554 1698 comple-

361 1703 605 1766 torium
666 1724 866 1786 usque
914 1703 1015 1766 ad
1052 1704 1139 1768 xl.
1192 1712 1258 1766 et
1300 1725 1344 1766 a
1379 1705 1555 1785 festo

362 1791 691 1855 trinitatis·
768 1812 967 1873 usque
1039 1793 1135 1855 ad
1208 1791 1553 1856 adventum

356 1878 616 1942 domini
639 1903 668 1944 .·
685 1879 711 1916 ⁵
756 1880 1020 1962 exceptis·
1040 1880 1242 1961 feste}
1285 1880 1555 1962 duplici-

361 1967 479 2032 bus
508 1969 581 2030 in
602 1967 834 2050 quibus
860 1969 1109 2031 dicitur
1122 1967 1148 2005 ⁶
1155 1978 1359 2050 prout
1374 1979 1550 2032 nota-

356 2066 473 2119 tur
479 2066 635 2138 post
644 2057 905 2138 primas
932 2068 1223 2139 vesperas
1244 2054 1269 2096 ⁷
1292 2057 1363 2121 in
1380 2059 1554 2139 sesto

357 2145 688 2208 trz'nz'tatzls·
710 2167 735 2208 .·
778 2155 843 2207 et
853 2155 1268 2228 preterquam
1296 2148 1553 2228 quando

351 2243 666 2296 cantatur
710 2234 793 2296 de
832 2234 1097 2297 domina
1128 2257 1153 2298 .·
1196 2234 1365 2297 sicut
1412 2236 1554 2299 suis

358 2321 513 2384 locis
541 2331 818 2386 notatur.

442 2411 508 2473 A
518 2409 573 2472 d
641 2410 1003 2473 matutinas
1074 2411 1549 2478 invitatorium.

355 2498 601 2563 Venite
647 2499 1024 2563 exultemus
1066 2499 1357 2565 domino,
1432 2501 1549 2583 Ju-

354 2588 640 2651 bilemus
672 2588 800 2651 deo
829 2588 1100 2652 salutari
1143 2598 1384 2653 nostro.
1447 2600 1551 2671 er'.

358 2676 901 2759 PreoccupemuS.
1012 2686 1117 2741 etc.
1224 2678 1546 2758 Hymnus.

358 2764 576 2829 Nocte
606 2774 965 2848 surgentes,
1040 2765 1126 2828 In
1144 2766 1209 2847 j.
1246 2776 1549 2829 nocturno

355 2862 459 2917 an.
526 2853 784 2918 Servite
836 2854 1125 2917 domino,
1202 2854 1305 2916 Et
1346 2856 1546 2919 scien-

342 2941 511 3004 dum
541 2942 717 3024 quod
737 2942 849 3006 ille
871 2941 1217 3024 antiphone
1240 2943 1552 3007 dicuntur

348 3040 541 3111 super
583 3029 878 3111 psalmos
935 3032 1338 3094 nocturnales
1386 3032 1546 3105 ,sin-

336 3119 527 3199 gulis
554 3118 775 3182 diebus
815 3119 1160 3182 dominicis
1202 3119 1435 3202 quibus
1466 3120 1550 3183 de

346 3206 674 3271 domim'ca
745 3208 994 3271 dicitur
1048 3228 1249 3290 usque
1310 3208 1407 3271 ad
1450 3208 1541 3272 xl.

332 3304 434 3375 pff.
528 3296 775 3359 Beatus
856 3296 969 3360 vir.
1093 3317 1235 3359 cum
1325 3297 1546 3359 ceteris

332 3383 619 3463 psalmis
688 3386 862 3448 sicut
916 3394 1228 3448 notantur
1254 3384 1279 3421 ⁸
1337 3385 1543 3448 domi-

342 3472 493 3535 nica
508 3472 741 3554 prima
769 3474 1088 3536 adventus
1115 3472 1380 3537 domini.
1432 3482 1540 3537 aii.

348 3560 685 3624 Domine⁹
716 3561 896 3625 deuS.
963 3570 1070 3624 an.
1136 3562 1438 3644 Respice.
1496 3580 1539 3647 γ

340 3647 615 3713 Memor
643 3648 753 3713 fui.

345 3742 410 3815 (I
452 3738 785 3801 Lectiones
812 3738 890 3801 de
931 3736 1211 3821 epistolis
1224 3738 1424 3819 pauli
1450 3738 1547 3801 ad

338 3846 655 3889 romanos.
1248 3827 1467 3891 Lectio
1474 3829 1535 3911 j.

332 3914 676 4047 Paulus
738 3935 965 3979 servus
1024 3915 1185 3997 Jesu
1248 3916 1537 3982 Christi:

483 4014 759 4068 vocatus
842 4004 1186 4085 apostolus
1218 4026 1237 4069 ε
1318 4025 1537 4087 segre-

428 4130 451 4159 Ἰ
486 4135 709 4177 nostrum
730 4128 903 4193 Jesum
926 4127 1181 4179 Christum
1198 4128 1355 4179 filium
1376 4135 1533 4178 tuum.

331 4194 437 4257 Qui
462 4202 627 4245 tecum
640 4194 765 4244 vivit
787 4203 838 4245 et
858 4202 1033 4259 regnat
1056 4196 1109 4244 in
1131 4195 1321 4245 unitate
1335 4195 1537 4259 spiritus

328 4260 491 4311 sancti
512 4261 651 4311 deus,
726 4262 823 4310 Per
851 4261 1022 4310 omnia
1050 4261 1216 4311 secula
1236 4260 1530 4311 seculorum.

328 4328 521 4377 Amen:
556 4328 617 4377 E.
696 4327 1053 4391 Completorum
1069 4343 1087 4377 :
1132 4335 1191 4377 ut
1234 4334 1439 4377 notatur
1479 4328 1537 4376 in

328 4393 661 4472 completorii-25·
674 4400 787 4458 post
810 4394 1110 4472 psalterf‘gcm
1129 4409 1147 4443 .·
1182 4394 1317 4445 E.G.
1404 4394 1533 4444 ordi-

330 4466 695 4576 natatmsssstnaez
745 4459 1009 4591 {guez-x„
1050 4460 1179 4575 ‘gd
1236 4526 1529 4576 matutinas’

327 4593 626 4643 omittuntur
678 4592 847 4642 omnia
883 4592 937 4642 in
972 4592 1033 4643 E.
1106 4592 1417 4643 invenientur
1465 4600 1535 4641 ta-

328 4674 445 4708 men
470 4658 597 4709 infra
621 4659 673 4709 in
696 4658 947 4724 psalterio-

2167 446 2330 502 202

1659 561 1858 636 gatus
1916 554 1983 617 in
2044 553 2462 636 evangelium
2513 551 2624 618 dei
2672 557 2853 638 quod

1660 651 1818 706 ante
1864 643 2256 725 promiserat
2318 662 2439 726 per
2495 642 2854 724 prophetas

1658 751 1816 794 suos
1863 732 1927 793 in
1960 731 2296 813 scripturis
2325 732 2572 794 sanctis
2601 732 2687 795 de
2717 731 2854 795 filio

1660 838 1782 882 suo
1813 821 1926 901 qui
1972 819 2184 882 factus
2229 828 2332 883 est
2361 821 2420 882 ei
2467 841 2555 882 ex
2601 820 2854 883 semine

1645 908 1860 982 ‚david
1919 907 2284 971 secundum
2339 927 2626 972 carnem.
2717 907 2853 990 Qui

1661 995 2149 1078 predestinatus
2208 1005 2310 1060 est
2368 995 2542 1060 filius
2614 996 2723 1059 dei
2784 997 2851 1059 in

1658 1085 1903 1147 virtute
1933 1086 2297 1148 secundum
2327 1085 2632 1167 spiritum
2661 1105 2851 1148 sanc-

1658 1171 2042 1235 tificationis
2071 1194 2160 1236 ex
2185 1175 2653 1237 resurrectione
2679 1193 2850 1236 mor-

1660 1268 1924 1324 tuorum
1943 1261 2103 1342 Jesu
2138 1260 2383 1326 Christi
2414 1261 2668 1326 domini
2700 1282 2854 1324 nos-

1656 1349 1758 1414 tri.
1819 1349 1936 1412 Re.
2011 1349 2306 1413 Domine
2352 1369 2434 1412 ne
2479 1350 2546 1412 in
2595 1350 2692 1412 ira
2736 1359 2854 1414 tua

1656 1456 1898 1520 arguas
1930 1457 2076 1501 me:
2123 1457 2340 1520 neque
2384 1439 2452 1500 in
2485 1437 2702 1502 furore
2732 1448 2852 1502 tuo

1641 1527 1968 1608 ,corripias
2001 1545 2126 1590 me.
2195 1526 2509 1590 Miserere
2539 1525 2701 1591 mihi
2731 1526 2850 1590 do-

1656 1615 1836 1678 mine
1881 1616 2195 1697 quoniam
2234 1614 2530 1678 infirmus
2576 1635 2741 1679 sum.
2803 1633 2852 1703 γ

1654 1703 1890 1766 Timor
1929 1713 1995 1766 et
2025 1712 2274 1767 tremor
2302 1713 2624 1768 venerunt
2655 1724 2852 1786 super

1656 1812 1803 1856 me:
1849 1799 1917 1854 et
1963 1801 2407 1857 contexerunt
2437 1813 2547 1856 me
2575 1793 2850 1858 tenebre

1652 1888 1724 1942 et
1751 1880 1912 1944 dixi.
1975 1879 2308 1944 Miserere.
2575 1881 2743 1946 Lect.
2776 1881 2848 1964 ij.

1644 1971 1873 2098 per
1900 1987 2099 2050 quem
2139 1969 2516 2050 accepimus
2559 1970 2846 2052 gratiam

1797 2065 1868 2119 et
1913 2055 2362 2138 apostolatum
2399 2057 2486 2120 ad
2533 2058 2850 2122 obedien-

1652 2144 1810 2207 dum
1855 2143 2008 2208 fidei
2055 2145 2124 2206 in
2179 2144 2488 2208 omnibus
2535 2146 2847 2226 gentibus

1647 2253 1772 2315 pro
1817 2233 2084 2296 nomine
2129 2232 2272 2313 ejus
2315 2234 2386 2296 in
2416 2233 2656 2315 quibus
2685 2235 2846 2297 estis

1650 2330 1720 2384 et
1748 2342 1866 2384 vos
1895 2321 2112 2398 vocati
2139 2321 2301 2402 Jesu
2343 2320 2586 2386 Christi
2632 2323 2844 2385 omni-

1652 2409 1776 2472 bus
1827 2411 1941 2492 qui
1988 2419 2142 2473 sunt
2193 2429 2378 2473 rome
2425 2408 2686 2475 dilectis
2733 2411 2841 2475 dei

1640 2501 1899 2577 ‚vocatis
1943 2498 2204 2563 sanctis,
2297 2499 2528 2564 Gratia
2556 2499 2744 2564 vobis
2775 2508 2844 2565 et

1649 2607 1788 2669 pax
1828 2608 1871 2652 a
1919 2590 2050 2652 deo
2100 2595 2287 2669 patre
2329 2596 2557 2651 nostro
2609 2598 2676 2652 et
2722 2589 2840 2652 do-

1647 2677 1832 2739 mino
1888 2676 2048 2758 Jesu
2112 2676 2392 2741 Christo.
2467 2677 2584 2741 Re.
2656 2678 2842 2741 Deus

1647 2765 1761 2846 qui
1841 2766 2032 2831 sedes
2113 2785 2310 2848 super
2383 2764 2696 2829 thronum
2773 2777 2842 2831 et

1640 2852 1900 2934 judicas
1961 2854 2324 2935 equitatem
2371 2876 2387 2918 ε
2464 2864 2610 2917 esto
2669 2854 2840 2919 refu-

1644 2943 1830 3022 gium
1876 2962 2243 3024 pauperum
2291 2944 2358 3005 in
2396 2943 2837 3007 tribulatione.

1646 3029 1825 3112 Quia
1869 3040 1942 3097 tu
1989 3031 2168 3095 solus
2214 3030 2511 3096 laborem
2555 3040 2622 3095 et
2651 3033 2839 3096 dolo-

1646 3138 1783 3181 rem
1839 3120 2232 3183 consideraS.
2315 3137 2362 3208 γ
2449 3121 2604 3184 Tibi
2658 3122 2836 3185 enim

1643 3207 1914 3270 domine
1975 3208 2326 3272 derelictus
2386 3218 2490 3272 est
2535 3229 2835 3291 pauper:

1643 3296 1898 3377 pupillo
1930 3305 2001 3360 tu
2035 3298 2160 3359 eris
2191 3297 2474 3379 adjutor.
2536 3295 2730 3378 Quia.

1662 3384 1954 3517 7‘estis
2013 3386 2191 3447 enim
2241 3383 2402 3447 mihi
2459 3383 2696 3466 [Lectio
2735 3384 2833 3467 iij.

1797 3482 1899 3535 est
1928 3473 2092 3535 deus
2128 3472 2232 3534 cui
2263 3472 2476 3535 servio
2509 3472 2575 3534 in
2601 3474 2832 3553 spiritu

1642 3579 1794 3624 meo
1840 3562 1906 3623 in
1938 3560 2282 3642 evangelio
2313 3559 2430 3622 filii
2468 3560 2610 3641 ejus
2651 3561 2834 3642 quod

1638 3649 1785 3711 sine
1867 3648 2354 3711 intermissione
2443 3648 2832 3712 memoriam

1639 3737 1838 3800 vestri
1899 3736 2068 3800 facio
2127 3755 2390 3817 semper
2463 3735 2531 3797 in
2591 3738 2833 3799 oratio-

1640 3824 1834 3889 nibus
1910 3824 2076 3888 meis
2141 3824 2493 3888 obsecrans
2567 3825 2621 3887 si
2697 3845 2834 3906 quo

1640 3914 1844 3978 modo
1905 3912 2178 3977 tandem
2232 3912 2588 3996 aliquando
2648 3934 2831 3996 pros-

1634 4022 1869 4086 perum
1901 4003 2026 4066 iter
2064 4001 2350 4065 habeam
2392 4003 2461 4065 in
2490 4002 2834 4068 voluntate

1733 4130 1754 4225 Ξ
1783 4144 1876 4222 pro
1901 4126 2198 4243 :lgivistgere’
2223 4126 2360 4215 saiva
2381 4142 2492 4177 nos:
2515 4127 2657 4242 ἑᾷῦ.

2001 4231 2011 4242 .
2103 4231 2115 4243 .
2177 4208 2280 4243 ren.
2335 4210 2428 4243 om.
2453 4211 2473 4243 0⁸
2561 4229 2574 4243 ι

1735 4263 1756 4292 ⁸
1799 4210 1950 4309 tgrba
1978 4266 2056 4309 ‘et
2075 4200 2259 4324 Zsssto’
2281 4276 2432 4325 usque
2451 4260 2524 4310 ad
2547 4260 2772 4311 ‘domini
2786 4260 2798 4283 ’
2816 4275 2837 4311 .·

1634 4343 1766 4424 mi
1793 4327 2086 4442 ‘qs-'almar’
2109 4392 2242 4441 aad:
2275 4392 2508 4442 aaut.

1735 4464 1754 4490 ²
1787 4460 1845 4509 in
1861 4459 2042 4523 primis
2061 4460 2295 4522 vesperis:
2333 4458 2389 4507 G.

1735 4531 1754 4559 ⁸
1789 4532 2019 4575 notatur:
2054 4526 2119 4574 E.
2134 4525 2190 4575 G.
2211 4525 2284 4575 W.

1735 4596 1756 4624 ⁰
1791 4594 1929 4642 Deus
1953 4607 1969 4641 ε·
2001 4591 2060 4640 E.
2070 4592 2132 4641 G.
