3375 5100
959 356 1067 411 IN
1116 353 1421 411 VJGJLJA
1470 352 2152 412 PENTHECOSTES.

851 460 1002 520 497

324 564 755 733 ·Quomodo
803 566 1183 651 diligimus¹
1232 578 1307 633 ut
1368 590 1518 635 eum

465 656 905 737 accipiamus:
980 677 1175 738 quern
1224 658 1347 722 nisi
1406 659 1524 723 ha-

331 743 603 807 beamus
662 743 932 826 diligere
998 765 1129 808 non
1211 747 1520 811 valemus,

329 831 473 894 Aut
535 834 873 913 quomodo
926 834 1244 897 mandata
1305 856 1521 899 serva-

330 918 577 983 bimus:
666 928 741 983 ut
829 940 979 984 eum
1087 924 1517 1005 accipiamus:

328 1027 527 1089 quem
576 1008 699 1073 nisi
788 1008 1150 1073 habeamus
1204 1012 1519 1075 mandata

326 1114 585 1159 servare
613 1116 747 1161 non
778 1118 1141 1179 possumus,
1217 1100 1333 1162 An
1352 1100 1520 1163 sorte

324 1184 625 1265 precedit
683 1188 751 1249 in
796 1186 985 1249 nobis
1059 1186 1342 1251 charitas
1386 1208 1518 1269 qua

325 1272 665 1353 diligimus
762 1273 1138 1339 Christum:
1242 1276 1517 1357 ejusque

324 1359 627 1425 faciendo
726 1362 1042 1425 mandata
1152 1382 1519 1429 mereamur

321 1450 621 1531 accipere
677 1450 979 1531 spiritum
1038 1462 1355 1515 sanctum,
1402 1452 1513 1516 Re.

321 1537 467 1600 Viri
489 1536 727 1619 galilei.
794 1558 919 1600 non
948 1538 1208 1602 dicatur
1220 1542 1521 1621 psalmus

320 1625 424 1687 Te
484 1626 700 1689 deum,
747 1642 794 1711 y
839 1626 1163 1690 Ascendit
1222 1629 1385 1692 deus
1447 1629 1514 1691 in

314 1713 739 1795 jubilatione.
786 1715 871 1778 In
900 1715 1209 1779 laudibus
1236 1716 1345 1780 hec
1378 1716 1518 1780 sola

318 1802 673 1883 antiphona
700 1802 841 1866 Viri
870 1804 1105 1885 galilei.
1135 1814 1237 1886 ps.
1285 1805 1518 1869 Domi-

321 1910 447 1952 nus
480 1891 793 1971 regnavit,
866 1900 969 1956 etc.
1052 1892 1203 1973 Cap.
1279 1892 1517 1957 Estote

320 1978 705 2061 prudentes,
750 1978 1057 2060 Hymnus
1102 1981 1259 2062 Jesu
1292 1990 1519 2045 nostra

318 2066 707 2148 redemptio,
782 2084 830 2150 γ
906 2069 1184 2133 Elevata
1224 2078 1339 2133 est,
1430 2070 1515 2133 In

315 2175 570 2237 evange.
602 2164 705 2219 an.
754 2156 827 2221 Si
858 2154 1128 2239 diligitis
1180 2177 1286 2220 me
1332 2178 1515 2220 man-

318 2244 485 2306 data
516 2263 663 2307 mea
694 2254 965 2308 servate.
999 2246 1147 2309 all’a
1178 2245 1329 2309 all'a
1357 2244 1511 2309 alle-

316 2331 471 2394 luia.
504 2340 605 2413 ps,
654 2333 1063 2397 Benedictus.
1263 2333 1511 2398 Oratio,

315 2421 655 2553 presta
755 2440 1111 2503 quesumus
1213 2423 1514 2505 omnipo-

479 2516 629 2572 tens
673 2506 877 2574 deus:
922 2518 997 2574 ut
1042 2509 1354 2575 claritatis
1399 2520 1512 2575 tue

316 2617 521 2678 super
548 2617 668 2660 nos
698 2597 1008 2680 splendor
1046 2599 1356 2681 effulgeat
1384 2621 1399 2663 :
1444 2609 1513 2663 et

317 2685 443 2749 lux
508 2695 621 2748 tue
665 2686 827 2750 lucis
867 2686 1067 2750 corda
1120 2707 1343 2751 eorum
1398 2688 1510 2769 qui

315 2793 441 2857 per
486 2773 765 2855 gratiam
814 2783 997 2839 tuam
1046 2777 1254 2839 renati
1314 2786 1511 2840 sunt:

315 2863 532 2925 sancti
564 2864 829 2944 spiritus
871 2863 1303 2928 illustratione
1355 2884 1511 2928 con-

315 2950 555 3013 firmet.
600 2951 723 3014 Per
751 2952 1092 3015 dominum
1139 2953 1206 3014 in
1260 2953 1514 3016 unitate

315 3038 635 3120 ejusdem.
749 3040 1075 3104 Dominus
1152 3040 1511 3105 vobiscum,

316 3128 803 3191 Benedicamus
846 3129 1119 3192 domino
1151 3128 1298 3192 all'a
1342 3129 1507 3194 all'a,

314 3217 381 3280 A
392 3215 444 3278 d
464 3215 658 3278 horas
685 3226 763 3279 ut
786 3227 981 3298 supra
1030 3217 1213 3298 infra
1258 3227 1513 3280 octavas

316 3304 705 3367 ascensionis
752 3325 895 3367 cum
942 3308 1231 3369 oratione
1273 3306 1511 3371 Omni—

316 3401 558 3474 potens
588 3395 983 3474 sempiterne
1014 3395 1197 3458 deus,

320 3485 389 3558 (Ι
418 3481 502 3543 In
534 3481 765 3562 vigilia
806 3482 1233 3545 Penthecostes
1259 3484 1357 3546 ad
1377 3503 1514 3548 ves·

304 3579 507 3650 peras
534 3569 894 3651 antiphona.

316 3658 499 3790 Ν
512 3677 599 3719 on
640 3678 757 3722 vos
790 3657 1150 3742 relinquam
1182 3659 1512 3743 orphanos

512 3744 813 3810 alleluia:
862 3748 1038 3811 vado
1097 3758 1165 3812 et
1192 3750 1385 3812 venio
1426 3748 1509 3812 ad

318 3852 439 3896 vos
469 3833 647 3898 all’a:
680 3843 748 3898 et
765 3837 1080 3916 gaudebit
1104 3846 1510 3901 corvestrum

319 3920 489 3984 all'a,
561 3931 665 4003 ps’,
756 3923 1059 3989 Laudate
1111 3927 1311 4008 pueri,
1401 3934 1511 3988 αῆ.

322 4009 607 4091 Rogabo
636 4019 892 4094 patrem
926 4033 1145 4077 meum
1190 4023 1254 4078 et
1308 4013 1509 4076 alium

318 4098 711 4179 paraclitum
743 4099 931 4164 dabit
960 4103 1163 4166 vobis.
1211 4102 1377 4166 all’a.
1410 4110 1510 4183 ps,

322 4185 623 4249 Laudate
654 4189 995 4254 dominum
1018 4210 1247 4254 omnes
1265 4199 1513 4273 gentes,

317 4283 425 4338 αῆ.
490 4275 637 4338 Nisi
697 4297 821 4358 ego
879 4278 1103 4342 abiero
1165 4278 1518 4362 paraclitus

321 4382 453 4426 non
528 4363 789 4436 veniet:
889 4367 1049 4430 dum
1138 4375 1520 4449 assumptus

2121 462 2277 521 498

1616 560 1803 631 'fuero
1877 568 2138 632 mittam
2205 567 2392 632 vobis
2462 569 2627 634 all'a,
2701 578 2806 654 ps:

1621 656 1855 720 Lauda
1886 659 2106 721 anima
2137 676 2286 720 mea
2302 657 2664 722 dominum.
2698 670 2808 725 an,

1622 746 1874 808 Euntes
1933 746 1999 808 in
2063 744 2382 808 mundum
2433 747 2802 811 universum

1618 834 1956 916 predicate
2071 834 2484 915 evangelium
2621 836 2802 899 omni

1618 932 1910 985 creature
1953 920 2146 985 all’a:
2191 923 2303 1003 qui
2344 921 2690 986 crediderit
2736 935 2801 987 et

1616 1010 1990 1092 baptizatus
2014 1009 2205 1073 suerit
2225 1009 2447 1073 salvus
2470 1012 2592 1074 erit
2619 1012 2801 1076 all’a:

1614 1100 1730 1180 qui
1758 1119 1914 1161 vero
1945 1118 2076 1177 non
2121 1096 2466 1162 crediderit
2494 1100 2802 1163 condem-

1615 1186 1881 1251 nabitur
1909 1185 2072 1249 all'a.
2103 1196 2202 1268 ps.
2263 1186 2562 1250 Laudate
2590 1188 2804 1251 domi-

1614 1294 1774 1338 num
1828 1276 2144 1356 quoniam
2203 1274 2434 1338 bonus,
2495 1284 2598 1338 an.
2695 1276 2800 1340 Illi

1614 1371 1837 1426 autem
1933 1362 2205 1446 profecti
2301 1364 2800 1445 predicaverunt

1614 1452 1858 1533 ubique
1908 1452 2180 1515 domino
2239 1462 2674 1534 cooperante:
2731 1463 2801 1517 et

1612 1557 1982 1603 sermonem
2015 1538 2443 1603 confirmante
2473 1542 2802 1622 sequenti-

1613 1626 1736 1690 bus
1811 1628 2030 1709 signis,
2097 1626 2386 1691 Alleluia
2461 1628 2622 1692 all’a.
2699 1639 2802 1711 ps'.

1613 1715 1849 1779 Lauda
1880 1716 2268 1779 hierusalem
2309 1717 2668 1780 dominum.

1608 1808 1876 1936 Dum
1909 1804 2310 1886 compleren-
2375 1802 2797 1887 [Capitulum.

1766 1901 1870 1956 tur
1912 1891 2052 1954 dies
2106 1892 2564 1973 penthecostes
2603 1903 2796 1957 erant

1612 2000 1844 2043 omnes
1874 1979 2174 2061 discipuli
2205 1981 2450 2061 pariter
2471 1982 2537 2043 in
2561 1982 2799 2045 eodem

1613 2067 1775 2132 loco,
1820 2068 1935 2132 Re,
1982 2067 2246 2149 Repleti
2277 2076 2430 2131 sunt
2453 2088 2701 2132 omnes,

1757 2165 1907 2220 eata
1967 2156 2153 2220 nobis
2212 2176 2372 2238 gau·
2448 2155 2797 2239 [Hymnus.

1756 2244 1866 2308 dia
1896 2246 2048 2308 anni
2061 2244 2327 2307 reduxit
2343 2244 2594 2308 orbita:
2651 2265 2800 2308 cum

1608 2332 1874 2415 spiritus
1903 2332 2253 2415 paraclitus
2281 2331 2523 2395 effulsit
2553 2333 2619 2396 in
2669 2332 2804 2396 dis-

1608 2420 1882 2504 cipulos.
1971 2422 2157 2503 Ignis
2205 2419 2506 2483 vibrante
2551 2420 2798 2485 lumine

1610 2508 1833 2592 lingue
1907 2508 2182 2592 figuram
2270 2509 2511 2573 detulit
2582 2510 2798 2574 verbis

1609 2607 1683 2662 ut
1713 2607 1932 2663 essent
1980 2597 2211 2680 proflui
2243 2605 2310 2661 et
2357 2600 2629 2662 caritate
2676 2599 2800 2662 fer-

1608 2687 1762 2751 vidi,
1827 2687 2110 2769 Linguis
2130 2687 2483 2768 loquuntur
2500 2688 2794 2751 omnium

1608 2777 1804 2839 turbe
1848 2784 2095 2859 pavent
2137 2775 2519 2857 gentilium:
2578 2785 2796 2838 musto

1610 2865 1878 2927 madere
1938 2863 2261 2945 deputant
2320 2883 2486 2944 quos
2532 2864 2798 2946 spiritus

1608 2952 1988 3036 repleverat,
2127 2951 2409 3015 Patrata
2466 2962 2620 3015 sunt
2678 2952 2800 3016 hec

1610 3043 1890 3122 mystice
1963 3039 2206 3122 pasche
2293 3049 2558 3122 peracto
2629 3049 2800 3104 tem-

1609 3149 1807 3212 pore:
1897 3149 2083 3192 sacro
2171 3129 2424 3192 dierum
2485 3148 2793 3193 numero:

1608 3238 1743 3301 quo
1775 3218 1918 3299 lege
1963 3215 2038 3279 fit
2090 3217 2400 3280 remissio.
2500 3217 2591 3280 Te
2623 3237 2795 3281 nunc

1605 3307 1770 3370 deus
1829 3305 2117 3388 piissime
2195 3303 2380 3369 vultu
2457 3325 2802 3388 precamur

1606 3413 1848 3459 cernuo
1892 3393 2126 3475 illapsa
2171 3392 2361 3456 nobis
2407 3393 2636 3457 celitus
2668 3394 2797 3457 lar-

1606 3484 1748 3566 gire
1833 3482 2012 3545 dona
2097 3482 2376 3562 spiritus,
2517 3481 2794 3546 Dudum

1608 3578 1866 3634 sacrata
1895 3579 2162 3652 pectora
2192 3577 2308 3631 tua
2353 3567 2616 3650 replesti
2648 3590 2795 3652 gra-

1609 3660 1744 3723 tia:
1817 3659 2075 3721 dimitte
2137 3677 2308 3720 nunc
2369 3660 2794 3739 peccamina:

1610 3756 1678 3811 et
1709 3747 1796 3810 da
1825 3746 2050 3828 quieta
2093 3753 2406 3827 tempora.
2500 3745 2610 3810 Sit
2654 3745 2796 3810 laus

1612 3836 1784 3918 patri
1817 3855 1966 3898 cum
1997 3832 2373 3897 filiosancto
2392 3833 2584 3896 simul
2605 3855 2798 3917 para-

1612 3923 1832 4006 clyto:
1937 3922 2255 4003 nobisque
2316 3923 2538 3985 mittat
2626 3922 2798 3987 filius

1610 4011 1936 4076 charisma
1965 4011 2174 4073 sancti
2199 4011 2480 4092 spiritus,
2556 4010 2799 4076 Amen.

1615 4100 1722 4164 Hi
1747 4100 1873 4162 duo
1930 4119 2152 4162 versus
2191 4099 2674 4181 subjungantur
2711 4102 2810 4164 ad

1617 4208 1834 4251 omnes
1860 4186 2124 4268 hymnos
2146 4186 2332 4268 infra
2355 4197 2612 4251 octavas
2633 4190 2801 4253 Pen-

1618 4276 1910 4340 thecostes
1952 4296 2224 4358 quorum
2273 4286 2471 4339 metro
2514 4279 2802 4341 conveni-

1619 4374 1753 4429 unt.
1800 4381 1847 4450 y
1895 4363 2179 4446 Spiritus
2221 4365 2472 4428 domini
2533 4367 2806 4450 replevit

1404 4541 1417 4570 ¹
1452 4537 1752 4602 diligemus:
1783 4537 1866 4586 w.
1877 4537 1944 4588 N.

2399 4645 2546 4696 KK
