3375 5100
1621 341 2039 400 DOMJNJCA

1149 461 1254 516 63

601 581 847 662 helyaS.
935 573 1052 638 Re.
1099 563 1456 634 Intuemini
1499 569 1791 644 quantus

599 671 687 734 sit
719 671 840 733 iste
869 665 983 747 qui
1015 657 1376 742 ingreditur
1404 654 1490 717 ad
1519 649 1789 752 ‘salisa-n·

600 761 724 823 das
774 763 1007 838 gentes
1053 750 1196 830 ipse
1225 753 1326 808 est
1361 762 1482 805 rex
1507 748 1789 820 justicie.

603 847 812 928 Cujus
869 837 1210 924 generatio
1261 851 1394 895 non
1457 828 1658 892 habet
1714 824 1787 888 fi-

597 954 774 999 nem.
862 935 913 1004 Υ
975 928 1322 990 Precursor
1401 937 1522 1001 pro
1597 913 1789 977 nobis

599 1020 967 1105 ingreditur
1042 1010 1404 1077 secundum
1488 1003 1788 1067 ordinem

605 1101 1134 1174 melchisedech:
1209 1094 1514 1181 pontifex
1575 1090 1787 1154 factus

597 1208 704 1262 est
749 1198 817 1260 in
878 1203 1196 1258 eternum.
1322 1183 1528 1266 Cujus
1589 1199 1788 1261 gene-

605 1287 788 1350 rati0.
1456 1268 1670 1333 Lectio
1702 1266 1787 1330 ix.

749 1371 1068 1454 equisitus
1159 1371 1382 1428 autem
1461 1357 1789 1441 johannes

749 1462 948 1524 dicit:
979 1475 1114 1520 non
1137 1471 1284 1516 sum
1303 1447 1551 1529 helyas,
1603 1441 1787 1526 Quid

599 1561 704 1615 est
749 1549 876 1612 hoc
921 1545 1152 1610 fratres
1179 1533 1582 1604 charissimi:
1630 1532 1789 1614 quia

603 1639 784 1722 quod
831 1637 1072 1700 veritas
1103 1629 1414 1694 affirmat:
1459 1623 1586 1685 hoc
1637 1639 1786 1702 pro-

603 1728 808 1811 pheta
871 1719 1163 1787 veritatis
1237 1722 1453 1796 negat.
1571 1707 1787 1772 Valde

603 1833 892 1897 namque
938 1812 1108 1873 inter
1155 1827 1227 1870 se
1287 1804 1540 1866 diversa
1589 1805 1785 1860 sunt:

599 1905 745 1986 ipse
777 1910 878 1966 est
921 1908 990 1963 et
1020 1916 1152 1960 non
1197 1911 1362 1956 sum.
1449 1885 1786 1986 Johannes

602 1994 802 2074 igitur
845 1991 911 2052 in
955 1987 1186 2070 spiritu
1216 1981 1443 2063 helyas
1491 1984 1668 2040 erat:
1718 1993 1785 2035 m

601 2099 883 2164 persona
913 2076 1142 2157 helyas
1171 2091 1304 2134 non
1335 2076 1493 2131 erat.
1583 2062 1785 2165 Quod

597 2189 760 2252 ergo
792 2165 1096 2231 dominus
1127 2161 1369 2224 fatetur
1397 2157 1480 2218 de
1510 2153 1783 2234 spintu:

602 2258 727 2322 hoc
769 2256 1098 2338 johannes
1154 2249 1446 2328 denegat
1491 2243 1578 2306 de
1637 2259 1784 2322 per-

595 2366 780 2410 sona.
871 2343 964 2406 Et
1002 2339 1326 2422 johannes
1367 2331 1616 2397 eisdem
1649 2338 1786 2391 tur-

599 2436 702 2500 bis
734 2430 1102 2498 carnalibus
1121 2446 1254 2489 non
1287 2423 1370 2486 de
1401 2439 1522 2483 suo
1551 2417 1783 2498 spiritu

595 2523 718 2587 sed
801 2521 884 2584 de
952 2535 1224 2600 corpore
1314 2503 1782 2592 responderet¹

599 2612 715 2675 Re.
777 2610 1104 2673 Nascetur
1148 2602 1338 2666 nobis
1375 2595 1681 2682 parvulus
1720 2601 1787 2655 et

599 2697 943 2763 vocabitur
962 2695 1124 2758 deus
1155 2690 1340 2754 sortis
1369 2710 1384 2752 :
1429 2688 1568 2766 ipse
1599 2682 1785 2744 sede-

599 2788 699 2850 bit
751 2806 948 2867 super
988 2782 1298 2846 thronum
1341 2772 1537 2838 david
1585 2770 1787 2854 patris

595 2876 740 2939 sui:
787 2883 854 2937 et
877 2868 1244 2953 imperabit.
1321 2854 1527 2945 CuJ‘us
1567 2868 1787 2943 potes-

599 2974 704 3027 tas
735 2981 933 3043 super
970 2958 1315 3022 humerum
1357 2953 1516 3034 ejus,
1606 2946 1656 3022 Ϋ
1707 2947 1785 3008 In

597 3054 746 3135 ipso
789 3048 1261 3114 benedicentur
1302 3058 1532 3106 omnes
1577 3036 1787 3137 tribus

597 3151 808 3206 terre:
855 3156 1087 3201 omnes
1123 3142 1356 3217 gentes
1398 3126 1684 3191 servient
1706 3142 1783 3223 ei.

601 3228 826 3310 CujuS.
903 3225 1147 3290 Gloria.
1245 3219 1468 3301 Cujus,
1555 3211 1783 3276 reinci-

582 3318 826 3400 piatur
892 3308 1407 3394 Responsorium.
1534 3303 1784 3366 Nasce-

599 3417 720 3471 tur.
779 3399 1275 3486 Responsorium
1294 3392 1553 3479 feriale.
1646 3389 1784 3452 Ro-

595 3510 739 3559 rate
833 3492 956 3557 celi
1049 3490 1331 3569 desuper
1418 3492 1486 3547 et
1575 3477 1785 3542 nubes

596 3586 828 3667 pluant
867 3580 1122 3663 justum
1159 3599 1174 3641 :
1221 3574 1551 3658 aperiatur
1594 3576 1783 3630 terra.

596 3675 689 3738 Et
776 3670 1105 3755 germinet
1206 3664 1620 3727 salvatorem.
1732 3653 1785 3729 Ϋ

597 3762 851 3825 Emitte
897 3776 1143 3842 agnum
1175 3750 1428 3817 domini
1483 3748 1783 3812 domina-

593 3860 806 3914 torem
869 3858 1040 3912 terre
1115 3844 1200 3907 de
1269 3838 1495 3924 petra²
1539 3836 1783 3901 deserti

594 3940 679 4002 ad
729 3946 1023 4001 montem
1077 3933 1207 3996 filie
1253 3949 1436 4012 syon.
1529 3926 1636 3989 Et.
1727 3924 1780 4000 Ϋ

597 4026 868 4088 Emitte.

683 4114 767 4175 In
797 4109 1114 4175 laudibus,
1409 4102 1779 4186 antiphona.

606 4202 900 4336 Canite
931 4198 1092 4262 tuba
1113 4198 1177 4258 in
1207 4214 1374 4276 syon
1397 4194 1552 4275 quia
1576 4210 1783 4274 prope

712 4299 814 4353 est
861 4289 1002 4352 dies
1061 4283 1313 4349 domini
1363 4302 1512 4345 ecce
1559 4282 1782 4344 veniet

592 4381 679 4444 ad
764 4374 1156 4441 salvandum
1241 4391 1378 4434 noS.
1516 4368 1783 4432 alleluia

990 4547 1003 4577 ¹
1040 4542 1392 4608 respondebat:
1429 4540 1486 4589 E.
1497 4540 1559 4589 G.
1570 4539 1652 4587 W.

2450 454 2551 509 64

1888 558 2169 626 alleluia.
2244 571 2345 644 ps.
2438 561 2769 626 Dominus
2842 582 3082 646 regna·-

1886 649 1999 714 vit.
2090 651 2151 714 A
2162 659 2222 716 ἢ.
2300 651 2477 714 Ecce
2537 651 2757 714 veniet
2812 652 3081 718 deside-

1886 747 2069 802 ratus
2098 741 2351 802 cunctis
2373 739 2721 821 gentibus:
2766 749 2835 803 et
2866 741 3081 822 reple-

1882 826 2061 890 bitur
2088 828 2299 910 gloria
2326 830 2566 893 domus
2594 827 2865 891 domini.
2916 830 3081 892 alle-

1886 913 2037 979 luia.
2110 925 2211 998 ps'.
2262 916 2569 998 Jubilate.
2658 925 2765 978 an.
2857 917 3081 981 Erunt

1884 1023 2089 1085 prava
2148 1005 2217 1068 in
2276 1005 2527 1068 directa
2584 1013 2653 1067 et
2710 1025 2945 1087 aspera
3006 1009 3075 1070 in

1882 1091 2025 1155 vias
2054 1092 2322 1175 planas:
2368 1091 2517 1156 veni
2541 1093 2809 1156 domine
2838 1103 2907 1156 et
2938 1095 3077 1158 noli

1883 1182 2145 1246 tardare
2204 1181 2480 1244 alleluia.
2527 1189 2631 1262 ps.
2694 1182 2879 1244 Deus
2908 1183 3077 1246 deus

1888 1289 2089 1333 meua
2166 1279 2273 1334 αῆ.
2354 1270 2683 1332 Dominus
2713 1271 2933 1333 veniet
2962 1291 3074 1334 oc·-

1882 1357 2123 1421 currite
2182 1359 2275 1421 illi
2336 1359 2680 1421 dicentes:
2756 1377 3075 1440 magnum

1882 1446 2275 1528 principium
2306 1455 2375 1510 et
2396 1447 2576 1528 regni
2608 1445 2750 1526 ejus
2782 1466 2913 1509 non
2948 1449 3074 1510 erit

1886 1533 2033 1597 finis
2056 1556 2071 1598 z
2102 1536 2265 1599 deus
2288 1535 2475 1599 sortis
2496 1535 2873 1598 dominator
2894 1536 3072 1618 prin-

1884 1642 2041 1706 ceps
2070 1625 2267 1706 pacis.
2328 1622 2608 1686 alleluia.
2657 1622 2935 1686 alleluia.
2966 1633 3069 1705 pf.

1884 1710 2282 1775 Benedicite.
2349 1719 2454 1774 αἰὶ.
2518 1711 2695 1774 Ecce
2725 1712 2890 1775 deus
2919 1732 3071 1776 nos-

1884 1808 1985 1862 ter
2026 1801 2525 1883 expectavimus
2576 1819 2767 1863 eum:
2828 1808 2895 1864 et
2944 1801 3071 1863 sal-

1884 1887 2067 1951 vabit
2114 1909 2251 1952 nos.
2340 1887 2619 1950 alleluia.
2694 1897 2794 1969 ps.
2892 1886 3070 1952 Lau—

1884 1976 2057 2041 date.
2138 1975 2521 2058 Capitulum.
2589 1976 2778 2039 Hora
2796 1984 2897 2040 est
2908 1976 3071 2057 jam.

1882 2065 2205 2145 Hymnus.
2293 2065 2451 2128 Vox
2510 2062 2701 2126 clara.
2801 2064 2852 2140 Ῠ
2911 2064 3071 2129 Vox

1882 2154 2247 2217 clamantis
2310 2153 2393 2215 In
2422 2151 2745 2232 evangelio
2770 2161 2877 2216 an.
2944 2153 3071 2215 Mi·

1882 2251 2107 2305 serunt
2192 2241 2376 2323 judei
2451 2241 2539 2303 ab
2612 2239 3069 2321 hierosolymis

1882 2331 2257 2394 sacerdotes
2302 2339 2369 2392 et
2422 2328 2655 2391 levitas
2706 2329 2793 2392 ad
2832 2329 3069 2412 johan-

1885 2439 2037 2482 nem
2086 2428 2161 2481 ut
2209 2420 2684 2499 interrogarent
2736 2437 2927 2481 eum:
2992 2427 3069 2482 tu

1885 2509 2033 2591 quis
2092 2527 2201 2571 es:
2264 2507 2502 2589 quibus
2550 2506 2686 2571 ait:
2747 2526 2873 2589 ego
2932 2527 3071 2570 vox

1884 2596 2229 2660 clamantis
2292 2598 2357 2658 in
2419 2596 2730 2658 deserto:
2806 2595 3071 2677 dirigite

1884 2686 2061 2747 viam
2107 2685 2357 2747 domini
2408 2684 2577 2747 sicut
2628 2684 2804 2747 dixit
2846 2685 3069 2766 ysaias

1886 2772 2223 2856 propheta.
2271 2781 2370 2854 ps‘.
2436 2773 2847 2835 Benedictus
2902 2772 3069 2836 Ora-

1884 2862 1989 2925 tio.
2082 2860 2327 2924 Excita
2368 2861 2653 2923 domine.
2741 2860 3071 2923 Memoria

1883 2951 1963 3012 de
1998 2950 2276 3012 domina.
2368 2948 2492 3011 Ad
2512 2948 2705 3013 horas
2732 2948 3076 3030 antiphone

1883 3039 1964 3101 de
2018 3038 2321 3101 laudibus
2374 3047 2573 3099 cetera
2621 3048 2697 3100 ut
2741 3038 2808 3099 in
2840 3037 3071 3117 prima

1880 3126 2204 3190 dominica
2274 3146 2417 3189 cum
2480 3126 2765 3189 oratione
2822 3126 3073 3189 Excita

1882 3216 2167 3280 domine.

1966 3304 2093 3367 Ad
2128 3313 2419 3384 vesperas
2447 3300 2793 3382 antiphone
2818 3300 2899 3363 de
2926 3302 3069 3363 lau-

1878 3393 2070 3457 dibus
2097 3412 2237 3455 cum
2253 3390 2535 3473 psalmis
2562 3389 3071 3454 dominicalibus.

1879 3481 1964 3544 In
2009 3479 2333 3561 evangelio
2378 3478 2743 3560 antiphona.
2847 3478 2929 3543 Ο.
2967 3488 3071 3560 ps’.

1883 3569 2289 3651 Magnificat.
2433 3566 2677 3632 Oratio.
2822 3566 3073 3630 Excita

1883 3658 2168 3722 domine.
2198 3666 2303 3720 etc.

1970 3746 2217 3810 Diebus
2276 3765 2423 3808 vero
2482 3742 2763 3807 residuis
2819 3744 2903 3807 ab
2952 3743 3077 3806 hac

1880 3835 2204 3899 dominica
2248 3843 2485 3917 quarta
2531 3854 2727 3915 usque
2769 3832 2864 3893 ad
2902 3832 3072 3914 vigi-

1879 3925 2043 3987 liam
2092 3922 2464 3985 nativitatis
2505 3922 2761 3984 domini
2798 3942 2943 3983 cum
2994 3922 3076 3983 de

1880 4013 2161 4075 adventu
2208 4012 2437 4092 agitur
2464 4010 2726 4073 dicatur
2766 4008 3075 4072 invitato-

1882 4101 2073 4165 rium.
2110 4102 2363 4182 Regem
2383 4108 2748 4162 venturum.
2781 4107 2855 4159 ut
2873 4109 3077 4180 supra

1880 4211 2022 4252 cum
2053 4188 2422 4270 antiphonis
2456 4197 2517 4249 et
2544 4186 2826 4269 psalmis
2856 4186 3075 4267 feria-

1882 4278 2051 4342 libus
2097 4289 2231 4340 tam
2288 4277 2356 4339 in
2404 4276 2708 4338 laudibus
2758 4296 2953 4356 quam
3004 4274 3077 4337 in

1884 4366 2210 4430 nocturnis
2252 4375 2316 4428 et
2357 4364 2708 4428 versiculus
2748 4365 2860 4428 Ex
2904 4384 3077 4445 syon

2311 4536 2331 4563 ²
2363 4550 2526 4597 perra:
2565 4534 2645 4581 W.
