3375 5100
838 342 1094 397 FERIA
1146 343 1424 399 SEXTA
1476 342 1603 397 AD
1650 340 2184 398 MATUTINAS.

786 452 925 509 831

122 585 133 623 ·.
231 570 309 625 et
344 559 655 625 liberabit
684 578 807 623 nos
851 559 939 624 ab
984 559 1267 623 inimicis
1300 580 1449 623 nos-

109 676 126 713 :
233 650 381 713 tris,
460 657 561 731 pi
611 649 1027 713 Benedictus·

109 765 128 803 ;
232 736 449 801 Feria
478 738 565 821 vj.

230 826 373 890 Ad
390 824 785 889 matutinas¹
809 824 1279 889 Invitatorium
1313 826 1452 889 Do-

114 948 127 983 ·.
234 916 503 978 minum
536 914 649 997 qui
682 913 836 978 fecit
870 934 991 977 nos
1020 914 1262 978 Venite
1291 914 1452 978 ado·

109 1000 121 1075 -’,
236 1024 484 1067 remus.
532 1011 633 1085 pii
681 1002 969 1067 Venite.²

1123 1002 1449 1083 Hymnus,

259 1094 457 1223 Tu
513 1092 827 1155 trinitatis
882 1092 1151 1155 unitas:
1221 1092 1450 1155 orbem

415 1188 723 1263 potenter
757 1180 871 1261 qui
918 1181 1129 1261 regis:
1178 1180 1453 1243 attende

237 1268 521 1331 laudum
554 1268 849 1333 cantica:
880 1289 1010 1351 que
1042 1268 1452 1332 excubantes

109 1400 123 1437 3
235 1356 611 1439 psallimus,
702 1356 935 1420 Nam³
994 1356 1236 1420 lectulo
1298 1376 1451 1421 con-

240 1447 578 1527 surgimus
610 1446 823 1509 noctis
854 1446 1083 1527 quieto
1108 1454 1450 1527 tempore:

242 1543 321 1597 ut
378 1534 755 1616 flagitemus
806 1534 1151 1598 vulnerum
1198 1534 1332 1597 ad⁴
1384 1543 1452 1596 te

109 1674 111 1687 .
242 1622 581 1686 medelam
614 1622 929 1685 omnium.
1043 1621 1190 1700 Quo
1221 1621 1451 1686 fraude

109 1704 121 1773 ζ,
241 1711 565 1794 quicquid
614 1710 977 1773 demonum
1027 1710 1096 1774 in
1144 1710 1452 1774 noctibus

109 1792 111 1801 ’
242 1798 691 1882 deliquimus:
743 1798 1083 1881 abstergat
1132 1797 1292 1862 illud
1348 1818 1452 1862 ce-

244 1887 407 1950 litus
467 1896 579 1951 tue
640 1897 937 1970 potestas
1005 1886 1232 1969 glorie.
1338 1888 1453 1951 Ne

242 1995 489 2057 corpus
520 1977 681 2039 assit
712 1976 1052 2039 sordidum
1083 1997 1097 2039 :
1130 1995 1252 2039 nec
1271 1976 1297 2013 ⁶
1319 1984 1453 2038 tor-

244 2084 371 2147 por
402 2064 603 2128 instet
634 2064 969 2129 cordium:
1015 2073 1084 2128 et
1106 2064 1131 2103 ⁶
1162 2065 1453 2127 criminis

247 2153 565 2234 contagio
611 2161 909 2235 tepescat
938 2154 1137 2216 ardor
1164 2154 1451 2235 spiritus,

252 2240 359 2305 Ob
436 2240 561 2304 hoc
642 2242 1020 2324 redemptor
1092 2260 1453 2323 quesumus

247 2330 430 2411 reple
464 2337 582 2393 tuo
614 2328 772 2392 nos⁷
798 2329 1047 2393 lumine
1076 2352 1090 2394 :
1122 2350 1241 2413 per
1269 2331 1452 2413 quod

247 2419 505 2481 dierum
540 2417 795 2481 circulis
828 2417 1025 2482 nullis
1056 2438 1324 2482 ruamur
1344 2438 1452 2482 ac-

248 2508 445 2571 tibus,
520 2507 761 2571 Presta
793 2507 1027 2590 pater.⁸
1092 2504 1453 2572 psalmus?

404 2597 661 2660 xultate
706 2597 836 2660 deo
866 2596 1152 2678 adjutori
1186 2607 1453 2662 nostro:

395 2685 675 2766 jubilate
720 2687 849 2750 deo
889 2686 1102 2767 jacob.
1189 2685 1455 2750 Sumite

249 2775 582 2856 psalmum
646 2783 714 2838 et
791 2774 948 2838 date
1012 2787 1454 2856 tympanum:

250 2862 640 2946 psalterium
695 2863 1062 2944 jocundum
1126 2882 1279 2927 cum
1338 2883 1454 2944 cy-

252 2951 457 3016 thara.
547 2951 911 3016 Buccinate
972 2951 1040 3014 in
1102 2953 1455 3015 neomenia

250 3040 452 3104 tuba:
500 3041 565 3103 in
599 3040 838 3123 insigni
886 3040 994 3105 die
1038 3039 1453 3105 solennitatis

251 3139 481 3192 vestre.
551 3128 719 3207 Quia
744 3137 1129 3212 preceptum
1164 3129 1229 3192 in
1261 3127 1453 3193 israel

252 3227 395 3282 est:
442 3227 509 3280 et
535 3217 856 3298 judicium
879 3219 1007 3282 deo
1026 3217 1241 3300 jacob.
1303 3217 1362 3279 T
1354 3238 1453 3280 es-

252 3307 602 3370 timonium
650 3306 717 3370 in
758 3305 997 3388 joseph
1036 3306 1255 3388 posuit
1290 3304 1451 3370 illud

254 3415 404 3457 cum
437 3396 652 3459 exiret
681 3395 768 3459 de
801 3402 973 3458 terra
1005 3396 1234 3476 egypti
1262 3414 1278 3457 :
1328 3395 1454 3457 lin-

253 3504 453 3565 guam
504 3503 707 3565 quam
754 3503 885 3546 non
938 3492 1215 3547 noverat
1266 3483 1451 3546 audi-

254 3573 364 3636 vit.
463 3571 756 3636 Divertit
808 3572 895 3635 ab
946 3571 1259 3634 oneribus
1301 3572 1455 3634 dor-

256 3680 400 3724 sum
434 3661 608 3742 ejus:
642 3681 877 3724 manus
902 3659 1043 3742 ejus
1077 3662 1141 3724 in
1168 3660 1454 3742 cophino

256 3749 631 3813 servierunt.
694 3749 779 3812 In
814 3749 1240 3813 tribulatione
1272 3749 1456 3812 invo-

258 3837 415 3902 casti
450 3858 556 3901 me
587 3848 654 3902 et
688 3837 957 3902 liberavi
990 3846 1095 3902 te:
1142 3837 1457 3902 exaudivi

258 3935 325 3990 te
396 3927 463 3989 in
538 3927 931 3992 abscondito
993 3927 1454 4008 tempestatis:

361 4112 875 4162 '‘Admatut.'0n1.
902 4127 922 4162 .·
956 4113 1011 4162 S.

353 4181 375 4209 ²
411 4180 486 4226 ‘A
530 4177 748 4227 Domine
770 4193 835 4228 ne
870 4180 922 4228 in
947 4178 1020 4227 ira
1043 4193 1197 4244 usque
1214 4179 1287 4228 ad
1300 4177 1455 4242 quad·

260 4244 545 4308 ruge-simam
558 4245 757 4308 quando
772 4246 830 4294 de
848 4253 986 4294 sexta
994 4245 1136 4310 seria
1153 4246 1330 4309 agitur
1338 4244 1456 4293 dici·

261 4311 761 4362 turadmatutinas:
794 4311 1022 4377 sequens’
1046 4312 1178 4361 add:
1214 4311 1281 4362 E.
1295 4311 1352 4362 G.

354 4380 376 4473 Ξ
402 4376 745 4493 June-&⁸⁸5

356 4513 377 4542 ·
405 4459 473 4559 ἷξε
497 4528 511 4559 ,
550 4479 683 4559 m:
714 4479 726 4493 ·

356 4578 376 4605 ⁶
406 4592 497 4641 pro
530 4576 642 4626 ‘et’
666 4590 793 4625 nec:
831 4575 964 4627 ΕΟ.

2063 452 2222 509 832

1551 560 1825 642 probavi
1871 568 1941 625 te
1987 561 2166 642 apud
2209 580 2454 644 aquam
2486 568 2750 625 contra-

1550 648 1876 713 dictionis,
1985 650 2176 713 Audi
2229 648 2514 731 populus
2566 670 2752 712 meus

1551 745 1620 799 et
1665 738 2090 801 contestabor
2137 747 2238 801 te:
2287 737 2477 801 israel
2527 738 2582 801 si
2636 758 2753 801 au·

1550 824 1748 888 dieris
1796 846 1903 889 me
1925 826 1970 863 ¹⁰
2003 846 2138 889 non
2185 828 2308 889 erit
2355 827 2423 889 in
2468 834 2537 890 te
2589 826 2752 889 deus

1551 933 1828 979 recens:
1905 934 2122 996 neque
2183 914 2490 978 adorabis
2551 915 2751 978 deum

1550 1002 1858 1067 alienum.
1947 1003 2102 1085 Ego
2147 1004 2326 1066 enim
2357 1023 2504 1065 sum
2537 1004 2752 1066 domi-

1550 1110 1675 1153 nus
1722 1091 1888 1155 deus
1931 1100 2086 1155 tuus
2138 1092 2250 1173 qui
2301 1092 2506 1155 eduxi
2557 1100 2624 1155 te
2668 1091 2754 1155 de

1549 1188 1725 1243 terra
1770 1182 2043 1262 egypti:
2090 1180 2296 1244 dilata
2341 1200 2418 1243 os
2463 1188 2654 1244 tuum
2687 1188 2756 1243 et

1550 1267 1848 1350 implebo
1901 1268 2082 1332 illud.
2174 1269 2269 1332 Et
2318 1288 2450 1332 non
2500 1269 2753 1332 audivit

1551 1356 1837 1439 populus
1884 1376 2071 1421 meus
2101 1376 2335 1421 vocem
2381 1377 2639 1421 meam:
2688 1364 2756 1420 et

1552 1444 1742 1507 israel
1819 1465 1952 1509 non
2021 1446 2308 1510 intendit
2385 1446 2562 1510 mihi.
2663 1445 2755 1509 Et

1549 1533 1772 1597 dimisi
1832 1554 1947 1597 eos
2012 1535 2376 1599 secundum
2429 1535 2756 1599 desideria

1548 1622 1768 1685 cordis
1801 1642 2028 1685 eorum
2059 1644 2073 1687 :
2116 1623 2307 1687 ibunt
2338 1624 2405 1685 in
2437 1624 2758 1687 adinven-

1548 1710 1842 1773 tionibus
1873 1712 2025 1775 suiS.
2120 1711 2196 1775 Si
2245 1710 2530 1794 populus
2566 1730 2755 1774 meus

1551 1798 1849 1862 audisset
1909 1820 2061 1863 me:
2138 1800 2327 1863 israel
2391 1800 2444 1863 si
2508 1801 2573 1863 in
2635 1801 2756 1863 viis

1554 1888 1720 1951 meis
1795 1887 2218 1951 ambulasset.
2331 1888 2472 1952 Pro
2548 1887 2756 1951 nihilo

1551 1974 1824 2039 forsitan
1872 1976 2172 2039 inimicos
2217 1996 2446 2039 eorum
2493 1975 2755 2039 humili—

1551 2084 1811 2127 assem:
1858 2073 1926 2128 et
1958 2084 2156 2147 super
2198 2064 2593 2129 tribulantes
2641 2085 2754 2127 eos

1553 2153 1880 2217 misissem
1943 2172 2214 2216 manum
2278 2173 2515 2217 meam.
2617 2151 2757 2215 Ini-

1553 2241 1706 2304 mici
1739 2241 1992 2305 domini
2041 2242 2301 2305 mentiti
2347 2250 2502 2305 sunt
2541 2242 2640 2305 ei:
2687 2251 2756 2305 et

1552 2330 1675 2393 erit
1706 2338 1974 2411 tempus
2005 2350 2234 2394 eorum
2269 2330 2332 2393 in
2367 2330 2603 2395 secula.
2659 2330 2754 2393 Et

1552 2418 1800 2483 cibavit
1831 2418 1978 2482 illos
2023 2438 2113 2481 ex
2159 2419 2358 2501 adipe
2395 2417 2705 2481 frumenti
2738 2440 2752 2483 :

1554 2515 1619 2571 et
1651 2506 1737 2571 de
1769 2517 1959 2591 petra
1991 2506 2189 2572 melle
2219 2507 2543 2572 saturavit
2574 2527 2706 2570 eos,

1550 2598 1826 2728 Deus
1843 2597 2031 2660 stetit
2049 2597 2116 2659 in
2137 2617 2332 2678 syna·
2351 2597 2752 2680 [Psalmus.¹¹

1707 2705 1886 2768 goga
1921 2687 2238 2750 deorum:
2286 2687 2350 2748 in
2386 2685 2608 2749 medio
2638 2705 2756 2749 au-

1552 2781 1692 2837 tem
1739 2773 1902 2837 deos
1955 2773 2294 2855 dijudicat.
2390 2773 2754 2857 Usquequo

1546 2861 1860 2944 judicatis
1913 2861 2374 2945 iniquitatem:
2437 2872 2506 2926 et
2553 2864 2754 2926 facies

1552 2960 1976 3034 peccatorum
2052 2951 2329 3015 sumitis,
2431 2951 2755 3026 Judicate

1552 3059 1768 3122 egeno
1829 3047 1896 3103 et
1956 3040 2256 3123 pupillo:
2309 3038 2630 3103 humilem
2685 3049 2756 3103 et

1552 3148 1914 3211 pauperem
1959 3127 2336 3209 justificate.
2423 3129 2686 3210 Eripite
2707 3129 2755 3167 ¹²

1553 3236 1955 3299 pauperem:
2001 3225 2072 3280 et
2102 3236 2386 3298 egenum
2421 3218 2505 3280 de
2553 3237 2753 3280 manu

1552 3304 1918 3388 peccatoris
1972 3305 2263 3370 liberate.
2348 3305 2754 3369 Nescierunt

1554 3413 1770 3474 neque
1826 3392 2297 3457 intellexerunt
2351 3394 2417 3457 in
2465 3394 2755 3457 tenebris

1554 3481 1950 3546 ambulant:
2029 3481 2472 3545 movebuntur
2529 3484 2758 3545 omnia

1553 3569 1993 3634 fundamenta
2071 3579 2257 3634 terre.
2378 3571 2534 3654 Ego
2608 3570 2754 3634 dixi

1553 3659 1646 3722 dii
1695 3659 1897 3723 estis:
1944 3667 2014 3723 et
2045 3657 2159 3722 filii
2206 3657 2456 3722 excelsi
2501 3679 2752 3723 omneS.

1569 3747 1704 3811 Vos
1735 3756 1959 3810 autem
1991 3748 2163 3811 sicut
2189 3746 2494 3810 homines
2519 3749 2755 3810 morie-

1558 3836 1721 3900 mini
1752 3857 1766 3899 :
1813 3844 1882 3899 et
1928 3836 2100 3899 sicut
2131 3855 2299 3899 unus
2331 3836 2416 3898 de
2447 3837 2755 3919 principi-

1557 3925 1681 3988 bus
1711 3923 1980 3989 cadetis.
2075 3923 2294 4009 Surge
2338 3925 2504 3989 deus
2527 3924 2758 4007 judica

1657 4112 1677 4139 '
1712 4125 1804 4159 nos
1831 4109 1967 4174 reple
1993 4117 2111 4160 tuo:
2149 4109 2208 4158 E.

1558 4249 1634 4294 ιω
1650 4176 1851 4292 ’'3215‘'-
1858 4182 2059 4292 ἕίαίιπι
2083 4177 2306 4240 hymnus
2349 4177 2516 4228 Nocte
2553 4192 2757 4242 surgen·

1643 4311 1681 4406 ¹:
1703 4314 1794 4423 13ξί
1813 4305 2136 4424 ξεῖαξίἰῗὲἰε
2152 4309 2366 4426 pag&
2378 4310 2431 4361 S·

1640 4442 1681 4540 ἓ
1702 4439 1914 4573 {agg}
1945 4442 2017 4559 ἒ
2030 4441 2089 4492 G.
2160 4443 2326 4508 lxxxj.
2348 4457 2368 4493 .·
2401 4441 2456 4492 S.
