3375 5100
978 412 1233 469 FERIA
1284 414 1457 470 JJJM
1494 414 1619 469 AD
1664 414 2195 472 MATUTINAS.

867 522 1007 577 775

2172 525 2312 580 776

341 630 569 693 meus,¹
646 628 733 692 In
780 628 1107 711 evangelio
1150 636 1257 693 aii.
1328 628 1540 692 Bene·
1639 628 1744 693 Et
1803 649 2150 695 numerum
2222 629 2480 693 dierum
2543 648 2838 695 meorum

340 721 558 782 dictus
617 718 785 781 deus
846 718 1053 781 israel.
1114 726 1214 799 ps.
1288 716 1539 800 Ipsum.

344 806 807 887 Kyrieleyson.
877 806 974 889 iij.
1029 805 1540 887 Christeleyson.

344 895 439 977 ἰῇ.
486 896 588 958 Et
599 896 739 979 fiat
752 896 1123 977 prostratio.
1177 896 1371 957 Pater
1390 915 1543 957 nos—

342 994 458 1047 ter.
552 984 645 1047 Et
706 1004 789 1047 ne
838 1004 959 1046 nos
1008 984 1297 1046 inducas
1390 982 1543 1066 Ego

343 1074 503 1135 dixi.
571 1081 676 1136 etc.
753 1081 831 1134 ut
891 1072 1176 1153 inferius
1226 1080 1377 1153 post
1432 1072 1541 1134 lto-

334 1182 491 1223 -ram
552 1161 829 1223 tertiam.
896 1169 991 1240 ps'.
1060 1160 1375 1223 Miserere
1433 1170 1541 1223 etc.

340 1270 483 1312 cum
528 1250 739 1332 gloria
784 1249 973 1331 patri.
1030 1249 1193 1312 Post
1206 1248 1541 1329 psalmum

342 1359 619 1420 surgens
646 1337 937 1400 sacerdos
964 1336 1139 1399 solus
1168 1337 1359 1401 dicat.
1400 1337 1541 1399 Ex-

344 1448 504 1509 urge
549 1428 821 1490 domine
863 1435 969 1489 etc.
1026 1426 1229 1489 Dicta
1256 1425 1543 1487 oratione

339 1525 573 1597 surgat
598 1515 840 1579 cleorus.
905 1514 989 1577 In
1020 1512 1177 1577 aliis
1199 1512 1377 1577 lwris
1392 1524 1540 1595 pre-

341 1613 443 1665 ter
468 1615 759 1686 vesperas
787 1603 919 1666 erit
941 1602 1233 1666 sacerdos
1245 1612 1541 1682 prostra-

342 1702 451 1755 tus
484 1714 627 1755 cum
658 1692 815 1755 aliis
833 1713 858 1755 .·
902 1711 1100 1773 usque
1126 1700 1281 1773 post
1306 1690 1543 1753 oratio-

341 1800 485 1843 nem
516 1780 773 1845 dictam.

344 1874 410 1947 ll:
454 1868 653 1932 Feria
686 1868 807 1950 iis?

340 1957 808 2020 Invitatorium
849 1953 1221 2039 jubilemus
1265 1956 1395 2019 deo
1440 1976 1543 2019 sa·

340 2045 535 2109 lutari
568 2055 811 2109 nostro,
850 2054 951 2127 ps.
999 2044 1287 2108 Venite.⁸
1331 2043 1541 2125 Hym-

354 2135 712 2269 Consors
760 2134 1017 2216 paterni
1064 2134 1329 2197 luminis
1375 2132 1542 2217 [nus.

480 2222 599 2285 lux
634 2224 775 2305 ipse
809 2222 971 2285 lucis
1002 2231 1069 2285 et
1101 2222 1245 2285 dies
1276 2231 1541 2286 noctem

341 2312 643 2376 canendo
697 2312 1065 2393 rumpimus
1110 2312 1343 2375 assiste
1391 2331 1543 2393 pos-

341 2400 727 2463 tulantibus,
774 2401 835 2463 A
847 2399 989 2462 ufer
1018 2398 1323 2463 tenebras
1357 2418 1543 2463 men-

340 2488 549 2552 tium:
598 2489 758 2571 suga
797 2498 1097 2552 catervas
1139 2489 1541 2554 demonum:

344 2576 610 2660 expelle
659 2579 1219 2642 somnolentiam:
1266 2597 1349 2640 ne
1401 2579 1543 2660 pig-

341 2667 616 2729 ritantes
646 2667 903 2730 obruat.
982 2667 1099 2731 Sic
1131 2666 1395 2731 Christe
1424 2686 1543 2730 no·-

340 2754 444 2818 bis
476 2755 825 2819 omnibus:
870 2755 1253 2837 indulgeas⁴
1273 2755 1545 2818 creden-

340 2843 571 2908 tibus:
652 2853 725 2907 ut
786 2843 997 2926 prosit
1057 2843 1542 2910 exorantibus:

340 2933 520 3015 quod
544 2933 958 3014 precinentes
978 2931 1339 3014 psallimus
1378 2932 1543 2995 Pre-

340 3031 447 3083 sta
478 3030 668 3102 pater
697 3021 1008 3103 piissime.
1186 3019 1545 3084 Psalmus!⁵

338 3109 591 3240 Dixi
624 3109 996 3173 custodiam
1027 3109 1169 3172 vias
1200 3129 1421 3172 meas:
1472 3117 1543 3172 ut

496 3217 631 3260 non
646 3197 1030 3280 delinquam
1052 3198 1115 3260 in
1134 3197 1360 3279 lingua
1376 3217 1541 3262 mea.

343 3285 550 3348 Posui
590 3285 687 3348 ori
736 3306 886 3350 meo
927 3286 1341 3350 custodiam:
1389 3307 1542 3350 cum

340 3375 730 3439 consisteret
804 3383 1115 3458 peccator
1190 3374 1541 3438 adversum

342 3483 465 3526 me.
583 3463 903 3528 Obmutui
995 3473 1062 3527 et
1157 3462 1543 3526 humiliatus

338 3571 487 3613 sum
538 3560 607 3614 et
654 3552 803 3614 silui
856 3571 898 3614 a
946 3551 1177 3615 bonis:
1232 3560 1300 3614 et
1354 3550 1545 3615 dolor

342 3659 529 3703 meus
578 3648 933 3704 renovatus
984 3650 1102 3704 est.
1200 3639 1542 3705 Concaluit

339 3747 454 3790 cor
494 3747 719 3792 meum
767 3729 941 3792 intra
988 3748 1141 3794 me:
1187 3729 1359 3792 etin
1405 3747 1541 3791 me-

338 3815 663 3880 ditatione
711 3837 861 3880 mea
914 3817 1304 3882 exardescet
1354 3817 1541 3899 ignis-

341 3903 641 3969 Locutus
717 3926 864 3969 sum
928 3906 995 3968 in
1060 3905 1287 3988 lingua
1346 3925 1539 3972 mea:

342 4003 575 4056 notum
607 3994 712 4058 sac
730 3993 755 4032 ⁶
773 3996 1045 4059 domine
1064 3995 1267 4058 finem
1299 4015 1541 4059 meum.

440 4153 453 4183 ¹
497 4155 721 4206 ‘Deinde
758 4157 999 4207 Διὶ-σκέπη·
1021 4163 1189 4222 preces
1203 4155 1417 4221 sm‘ales
1453 4155 1541 4204 hoc

338 4220 488 4270 modo.
562 4221 895 4287 Kyrieleyson
912 4222 1024 4273 &cst
1059 4223 1163 4271 add
1173 4237 1192 4270 .·
1214 4222 1281 4272 E.
1296 4220 1351 4271 G.
1402 4221 1541 4271 Nota

335 4285 471 4350 quod
496 4287 581 4335 hic
614 4289 757 4352 apud
772 4289 839 4339 E.
871 4289 941 4340 ἂν·
966 4289 1023 4338 G.
1055 4289 1123 4338 ὁ·
1154 4287 1230 4338 W.
1258 4295 1545 4354 sequuntur

438 4485 459 4514 ⁸
498 4487 579 4535 ‘A
608 4486 901 4539 Dominein
934 4487 1009 4538 ira
1042 4457 1540 4554 usque'qkquadra-

332 4551 573 4615 gesimam
594 4553 793 4618 quando
814 4554 871 4603 de
890 4555 1037 4603 tertia
1053 4553 1195 4619 [σία
1227 4554 1405 4618 agitur
1422 4553 1543 4601 dici-

339 4619 537 4734 τὲινσσᾰ
574 4620 859 4671 matutinas
886 4636 1088 4685 sequens
1120 4619 1366 4684 hymnus’
1414 4619 1548 4668 add:

1641 716 1801 801 qui⁷
1850 729 1989 783 est:
2055 730 2129 783 ut
2180 720 2385 783 sciam
2447 717 2608 802 quid
2670 716 2846 783 desit

1644 807 1823 870 mihi.
1913 808 2098 871 Ecce
2139 807 2613 871 mensurabiles
2643 825 2844 889 posu-

1642 896 1750 959 isti
1811 896 1954 960 dies
2019 917 2254 960 meos:
2331 905 2401 959 et
2467 896 2844 959 substantia

1643 1003 1794 1047 mea
1858 994 2178 1067 tanquam
2226 983 2504 1049 nihilum
2555 994 2712 1047 ante
2755 993 2844 1047 te.

1659 1071 2106 1137 Veruntamen
2167 1074 2470 1137 universa
2529 1073 2844 1137 vanitas:

1640 1162 1857 1223 omnis
1917 1162 2121 1225 homo
2179 1163 2422 1225 vivenS.
2522 1160 2844 1224 Verunta-

1642 1269 1798 1313 men
1851 1251 1918 1313 in
1973 1252 2262 1333 imagine
2321 1250 2677 1332 pertransit
2725 1248 2844 1313 ho-

1643 1357 1794 1401 mo:
1841 1340 1958 1401 sed
2007 1348 2074 1401 et
2105 1340 2349 1402 frustra
2392 1338 2843 1402 conturbatur.

1651 1426 2130 1493 Thesaurizat:
2168 1438 2238 1491 et
2262 1428 2523 1509 ignorat
2553 1427 2656 1491 cui
2686 1446 2846 1489 con-

1641 1516 1946 1597 gregabit
1992 1536 2087 1580 ea.
2163 1516 2265 1580 Et
2309 1535 2483 1579 nunc
2507 1515 2531 1553 ⁸
2563 1534 2693 1598 que
2741 1524 2846 1579 est

1642 1604 2027 1685 expectatio
2061 1624 2210 1669 mea
2241 1623 2463 1667 nonne
2492 1604 2844 1667 dominus:

1643 1700 1712 1755 et
1761 1691 2136 1757 substantia
2183 1712 2334 1756 mea
2382 1692 2562 1775 apud
2611 1700 2680 1755 te
2723 1700 2844 1756 est,

1640 1780 1759 1844 Ab
1804 1781 2114 1845 omnibus
2166 1780 2626 1864 iniquitatibus
2679 1780 2848 1844 meis

1642 1888 1799 1931 erue
1844 1889 1991 1934 me:
2037 1870 2466 1952 opprobrium
2509 1868 2846 1951 insipienti

1642 1956 1886 2021 dedisti
1949 1977 2073 2021 me.
2186 1955 2505 2022 Obmutui
2581 1966 2651 2020 et
2710 1977 2846 2021 non

1642 2046 1870 2128 aperui
1931 2066 2007 2109 os
2068 2063 2335 2109 meum:
2400 2046 2716 2127 quoniam
2770 2054 2846 2109 tu

1642 2133 1856 2197 fecisti
1897 2154 2135 2198 amove
2181 2154 2223 2197 a
2269 2154 2375 2197 me
2415 2133 2648 2217 plagas
2679 2143 2844 2199 tuas·

1641 2224 1705 2288 A
1736 2222 1762 2261 ⁹
1815 2222 2202 2287 fortitudine
2253 2242 2490 2286 manus
2541 2232 2656 2286 tue
2717 2242 2846 2305 ego

1642 2310 1854 2376 defeci
1901 2314 1968 2374 in
2001 2311 2601 2393 increpationibus:
2649 2330 2846 2393 prop-

1642 2410 1746 2465 ter
1781 2401 2199 2483 iniquitatem
2231 2400 2598 2482 corripuisti
2630 2399 2848 2462 homi-

1643 2508 1817 2553 nem.
1891 2490 1993 2554 Et
2042 2489 2378 2553 tabescere
2418 2487 2630 2552 fecisti
2675 2489 2846 2554 sicut

1641 2598 1956 2642 araneam
2017 2579 2310 2642 animam
2361 2577 2546 2658 ejus:
2611 2597 2846 2641 verun-

1642 2676 1872 2731 tamen
1919 2687 2091 2732 vane
2143 2666 2576 2730 conturbatur
2627 2665 2845 2730 omnis

1640 2754 1864 2820 homo.
1909 2755 2187 2820 Exaudi
2219 2755 2588 2818 orationem
2622 2774 2844 2820 meam

1642 2845 1916 2908 domine
1938 2853 2006 2907 et
2025 2843 2562 2927 deprecationem
2589 2861 2844 2910 meam:

1642 2933 1910 2998 auribus
1941 2934 2206 3015 percipe
2236 2932 2610 3016 lachrymas
2641 2951 2844 2996 meas·

1642 3022 1756 3084 Ne
1801 3021 1999 3084 sileas
2048 3022 2363 3104 quoniam
2414 3023 2674 3086 advena
2717 3040 2846 3102 ego

1618 3130 1792 3174 sum
1838 3110 2015 3192 apud
2065 3119 2172 3174 te:
2219 3119 2288 3173 et
2332 3111 2714 3192 peregrinus
2760 3109 2846 3172 si-

1641 3208 1755 3262 cut
1785 3219 2020 3262 omnes
2051 3207 2274 3280 patres
2305 3199 2454 3264 mei.
2544 3197 2846 3262 Remitte

1640 3288 1803 3350 mihi
1888 3296 1964 3350 ut
2036 3287 2376 3368 refrigerer
2455 3287 2843 3368 priusquam

1640 3375 1880 3440 abeam
1911 3396 1926 3440 :
1973 3384 2041 3440 et
2075 3375 2360 3458 amplius
2391 3394 2524 3438 non
2557 3394 2686 3437 ero,

1638 3466 2120 3596 Expectans
2157 3483 2400 3545 expec-
2435 3460 2846 3546 [Psalmus.¹⁰

1793 3553 1928 3616 tavi
1980 3552 2372 3615 dominum:
2437 3560 2506 3615 et
2559 3551 2846 3615 intendit

1644 3640 1823 3704 mihi.
1869 3641 1970 3704 Et
1994 3641 2339 3705 exaudivit
2370 3659 2597 3722 preces
2629 3659 2843 3705 meas:

1641 3738 1710 3793 et
1739 3729 1975 3794 eduxit
2007 3749 2115 3792 me
2161 3730 2247 3793 de
2293 3728 2439 3792 lacu
2475 3727 2732 3791 miserie
2775 3739 2844 3792 et

1642 3818 1729 3882 de
1775 3817 1917 3881 luto
1962 3816 2136 3881 fecis
2227 3817 2328 3880 Et
2374 3817 2606 3880 statuit
2644 3835 2845 3898 supra

1642 3914 1902 3990 petram
1951 3907 2158 3988 pedes
2209 3925 2436 3970 meos:
2481 3914 2550 3967 et
2595 3905 2846 3970 direxit

1640 4015 1906 4077 gressus
1938 4014 2141 4059 meos·
2229 3995 2334 4060 Et
2363 3993 2640 4058 immisit
2669 3993 2737 4056 in
2767 4013 2845 4058 os

1741 4158 1762 4188 ⁴
1795 4155 1881 4204 ind
2046 4173 2060 4206 :
2094 4153 2177 4204 W.

1739 4223 1862 4318 :12³-
1885 4155 2176 4337 2¹:552
2213 4221 2509 4338 aaa·
2541 4221 2594 4271 ³·

1739 4301 2202 4470 :qtffigzllevGNi-l.
2259 4323 2272 4336 ⁸
2331 4323 2346 4337 ⁹
2423 4323 2436 4336 ⁸
2485 4323 2498 4338 ·

1741 4489 1764 4518 ·
1802 4435 1914 4537 ‘⁰2⁶’
1938 4455 2073 4534 imas
2107 4485 2180 4534 W.

1749 4554 1786 4584 ¹·
1808 4559 1888 4619 ps.
1920 4563 2014 4617 39:
2045 4551 2113 4602 E.
2127 4551 2183 4604 G.
2245 4551 2429 4602 xxxix.
2499 4553 2556 4603 S.
