3375 5100
1200 396 1323 451 AD
1372 396 1496 450 MA
1516 395 1894 453 TUTJNAS.

850 502 1009 561 823

296 630 465 675 cum
500 631 619 676 eo:
666 630 789 675 nec
826 611 1055 675 fideles
1100 610 1310 675 habiti
1357 619 1515 675 sunt

300 701 372 762 in
410 709 820 764 testamento
850 699 1010 782 ejus,
1106 702 1257 783 Ipse
1289 709 1514 764 autem

298 798 413 852 est
470 789 837 852 misericors
898 798 965 852 et
1012 789 1344 872 propicius
1398 788 1514 852 fiet

300 878 608 958 peccatis
650 898 920 941 eorum:
967 887 1035 941 et
1081 898 1215 941 non
1265 878 1515 959 disper-

302 966 429 1028 det
476 986 609 1029 eOS.
698 966 793 1029 Et
832 966 1195 1029 abundavit
1226 975 1303 1030 ut
1330 986 1514 1030 aver-

304 1062 487 1117 teret
550 1055 715 1117 iram
778 1074 1006 1119 suam:
1084 1064 1151 1117 et
1211 1074 1345 1118 non
1408 1074 1515 1118 ac-

304 1142 539 1206 cendit
584 1162 852 1205 omnem
902 1144 1067 1205 iram
1122 1162 1328 1207 suam.
1418 1143 1516 1207 Et

306 1231 697 1295 recordatus
748 1239 851 1294 est
898 1232 1055 1314 quia
1114 1251 1269 1296 caro
1316 1241 1516 1295 sunt:

306 1320 585 1401 spiritus
632 1320 883 1383 vadens
936 1330 1005 1383 et
1054 1340 1185 1383 non
1239 1321 1515 1383 rediens,

316 1408 646 1485 Quotiens
726 1409 1293 1472 exacerbaverunt
1362 1428 1517 1471 eum

308 1498 379 1559 in
433 1496 740 1561 deserto:
805 1498 873 1560 in
934 1498 1100 1560 iram
1146 1498 1519 1561 concitave-

311 1594 472 1649 runt
502 1605 655 1648 eum
694 1586 759 1647 in
807 1586 1147 1667 inaquoso,
1237 1586 1333 1650 Et
1364 1605 1519 1649 con-

311 1675 485 1736 versi
534 1682 691 1736 sunt
731 1682 799 1737 et
828 1683 1253 1738 tentaverunt
1276 1675 1517 1738 deum:

312 1770 385 1824 et
445 1772 749 1827 sanctum
822 1762 1012 1826 israel
1082 1762 1518 1827 exacerbave-

314 1860 489 1913 runt.
542 1850 705 1913 Non
738 1860 892 1915 sunt
926 1852 1247 1915 recordati
1282 1870 1517 1914 manus

314 1940 504 2019 ejus:
568 1938 677 2001 die
739 1959 871 2021 qua
932 1940 1213 2004 redemit
1264 1960 1380 2003 eos
1432 1940 1519 2004 de

317 2047 521 2090 manu
569 2027 963 2092 tribulantis,
1055 2028 1249 2092 Sicut
1296 2029 1519 2111 posuit

316 2116 382 2177 in
416 2126 668 2197 egypto
698 2117 887 2198 signa
917 2137 1079 2181 sua:
1125 2128 1193 2181 et
1218 2117 1521 2200 prodigia

316 2223 438 2267 sua
485 2206 549 2266 in
584 2224 821 2287 campo
853 2206 1148 2270 thaneos,
1239 2206 1333 2269 Et
1366 2226 1520 2269 con-

318 2293 519 2355 vertit
551 2293 617 2355 in
648 2294 1041 2375 sanguinem
1088 2293 1363 2358 flumina
1409 2314 1520 2356 eo-

320 2402 509 2445 rum:
556 2389 624 2444 et
656 2382 900 2446 imbres
945 2403 1173 2446 eorum
1221 2403 1305 2446 ne
1337 2382 1521 2446 bibe-

322 2470 585 2533 rentur.¹
649 2470 857 2534 Misit
879 2472 946 2533 in
978 2492 1093 2534 eos
1126 2470 1521 2536 cinomiam²

322 2569 391 2622 et
450 2561 740 2623 comedit
800 2580 966 2625 eos:
1034 2570 1102 2624 et
1163 2581 1392 2624 ranam
1454 2569 1523 2624 et

322 2649 714 2731 disperdidit
776 2669 905 2712 eos,
994 2649 1092 2713 Et
1144 2650 1332 2715 dedit
1379 2669 1524 2713 eru-

324 2738 459 2817 gini
522 2736 771 2801 fructus
818 2757 1082 2802 eorum:
1147 2747 1215 2803 et
1266 2737 1523 2801 labores

325 2845 551 2888 eorum
629 2824 897 2890 locuste.
986 2826 1081 2890 Et
1150 2827 1393 2891 occidit
1456 2827 1523 2888 in

325 2915 647 2996 grandine
676 2915 903 2977 vineas
948 2935 1221 2979 eorum:
1268 2925 1336 2978 et
1382 2935 1524 2978 mo·

328 3022 432 3065 ros
464 3023 691 3066 eorum
724 3004 790 3064 in
812 3004 1065 3085 pruina.
1125 3003 1221 3067 Et
1248 3003 1525 3067 tradidit

326 3091 627 3173 grandini
654 3090 959 3172 jumenta
988 3113 1215 3156 eorum
1242 3114 1257 3156 :
1288 3101 1356 3155 et
1376 3112 1527 3174 pos·

326 3180 683 3243 sessionem
716 3199 944 3242 eorum
977 3181 1130 3262 igni.
1219 3180 1427 3244 Misit
1458 3181 1525 3242 in

330 3289 441 3331 eos
488 3268 651 3332 iram
699 3268 1176 3350 indignationis
1220 3287 1378 3332 sue:
1428 3269 1525 3332 in-

332 3358 785 3440 dignationem
816 3366 883 3420 et
930 3358 1096 3421 iram
1144 3368 1214 3421 et
1254 3357 1526 3421 tribula-

330 3448 617 3510 tionem:
650 3445 1090 3510 immissiones
1114 3467 1231 3530 per
1254 3445 1527 3529 angelos

334 3534 556 3598 malos,
667 3534 867 3599 Viam
924 3534 1079 3599 fecit
1139 3536 1374 3600 semite
1435 3535 1528 3598 ire

331 3643 480 3688 sue:
511 3623 689 3686 ⁸non
720 3623 1016 3706 pepercit
1058 3645 1099 3687 a
1144 3633 1358 3688 morte
1390 3623 1528 3687 ani-

334 3733 584 3775 marum
627 3731 899 3776 eorum:
949 3721 1018 3777 et
1064 3711 1371 3794 jumenta
1418 3733 1529 3775 eo-

334 3821 471 3864 rum
546 3801 611 3863 in
691 3810 905 3864 morte
979 3802 1317 3870 conclusit.
1434 3801 1531 3864 Et

336 3890 649 3971 percussit
681 3909 881 3954 omne
911 3889 1428 3973 primogenitum
1462 3889 1529 3952 in

336 3986 503 4040 terra
563 3979 847 4060 egypti:
923 3979 1249 4062 primitias
1312 3977 1531 4042 omnis

338 4064 573 4128 laboris
633 4085 863 4130 eorum
944 4069 1012 4131 in
1090 4066 1533 4131 tabernaculis

336 4153 539 4218 cham.
648 4155 746 4217 Et
806 4155 1084 4219 abstulit
1144 4157 1315 4218 sicut
1374 4175 1532 4218 oves

338 4241 648 4325 populum
681 4263 915 4306 suum:
964 4255 1032 4307 et
1072 4244 1388 4327 perduxit
1420 4263 1533 4306 eos

338 4342 649 4414 tanquam
680 4351 951 4415 gregem
986 4334 1051 4395 in
1084 4333 1363 4396 desert0.
1438 4332 1534 4397 Et

339 4419 659 4484 deduxit⁴
692 4441 805 4484 eos
852 4422 920 4484 in
969 4440 1089 4503 spe
1139 4430 1207 4485 et
1260 4442 1393 4484 non
1449 4423 1531 4484 ti-

432 4570 445 4601 ¹
478 4569 704 4619 biberent
730 4586 743 4618 ε
780 4567 1004 4620 E.G.W.

431 4637 451 4668 ⁸
482 4650 817 4702 cynomyam:
850 4636 913 4686 G.
986 4635 1305 4701 cynomiam:
1341 4637 1394 4687 S.

2133 505 2287 561 824

2056 621 2126 676 et
2204 612 2508 675 inimicos
2585 632 2818 677 eorum

1612 704 1873 783 operuit
1935 721 2130 765 mare.
2225 702 2322 765 Et
2384 701 2654 764 induxit
2702 722 2818 765 eos

1612 790 1680 852 in
1729 798 2025 854 montem
2072 788 2612 853 sanctificationis
2658 810 2816 853 sue:

1618 888 1916 942 montem
1942 898 2142 962 quem
2168 878 2517 960 acquisivit
2540 879 2821 941 dextera

1614 966 1774 1047 ejus,
1884 967 1980 1030 Et
2039 966 2234 1048 ejecit
2282 987 2322 1029 a
2370 966 2536 1029 facie
2589 986 2818 1030 eorum

1612 1064 1890 1137 gentes:
1938 1064 2006 1119 et
2051 1063 2228 1119 sorte
2271 1054 2492 1117 divisit
2541 1054 2636 1117 eis
2690 1064 2818 1118 ter-

1614 1164 1758 1207 ram
1819 1144 1884 1207 in
1954 1144 2246 1207 funiculo
2321 1142 2818 1207 distributionis

1614 1232 1715 1295 Et
1746 1232 2045 1296 habitare
2091 1231 2245 1295 fecit
2277 1232 2342 1294 in
2375 1232 2818 1295 tabernaculis

1617 1341 1846 1384 eorum
1874 1343 1889 1386 ε
1939 1321 2148 1385 tribus
2180 1320 2388 1385 israel.
2475 1320 2572 1383 Et
2603 1329 2820 1383 tenta·
2855 1325 2862 1331 '

1616 1418 1852 1473 verunt
1899 1420 1965 1473 et
2011 1409 2579 1473 exacerbaverunt
2615 1409 2816 1471 deum

1617 1497 2010 1563 excelsum:
2088 1508 2157 1561 et
2230 1498 2613 1561 testimonia
2676 1496 2820 1577 ejus

1618 1606 1752 1650 non
1783 1587 2255 1650 custodierunt.
2312 1587 2409 1650 Et
2439 1596 2819 1649 averterunt

1616 1696 1690 1738 se
1735 1684 1804 1738 et
1850 1695 1984 1738 non
2037 1684 2462 1739 servaverunt
2509 1684 2818 1757 pactum:

1618 1764 2184 1846 quemadmodum
2277 1772 2500 1846 patres
2589 1780 2846 1826 eorum‘

1618 1853 1914 1915 conversi
1961 1861 2116 1915 sunt
2160 1852 2226 1914 in
2263 1872 2489 1915 arcum
2522 1872 2820 1933 pravum.

1615 1940 1700 2003 In
1765 1941 1928 2003 iram
1990 1941 2483 2004 concitaverunt
2544 1959 2696 2002 eum
2753 1940 2820 2001 in

1616 2027 1898 2092 collibus
1946 2028 2120 2093 suis:
2167 2038 2235 2091 et
2289 2028 2356 2090 in
2405 2026 2821 2109 sculptilibus

1617 2119 1752 2181 suis
1799 2118 1885 2181 ad
1933 2116 2406 2180 emulationem
2462 2136 2615 2179 eum
2670 2136 2822 2199 pro-

1617 2214 2039 2270 vocaverunt.
2151 2205 2434 2269 Audivit
2513 2204 2677 2267 deus
2753 2211 2822 2267 et

1618 2296 1916 2377 sprevit:
1977 2302 2045 2357 et
2098 2294 2183 2357 ad
2233 2292 2510 2356 nihilum
2567 2292 2822 2374 redegit

1617 2383 1812 2447 valde
1844 2381 2052 2445 israel.
2123 2382 2218 2445 Et
2250 2382 2489 2464 repulit
2516 2381 2826 2444 taberna-

1620 2471 1842 2537 culum
1875 2471 2058 2554 sylo:
2105 2470 2602 2535 tabernaculum
2627 2490 2822 2533 suum

1622 2561 1732 2625 ubi
1779 2560 2107 2624 habitavit
2139 2561 2206 2623 in
2237 2560 2634 2623 hominibus,
2725 2559 2824 2622 Et

1619 2650 1898 2714 tradidit
1929 2649 1996 2712 in
2022 2650 2477 2732 captivitatem
2509 2649 2825 2712 virtutem

1621 2759 1890 2803 eorum:
1923 2747 1991 2801 et
2013 2738 2568 2820 pulchritudinem
2595 2755 2824 2799 eorum

1624 2828 1690 2891 in
1727 2846 1960 2890 manus
2007 2827 2271 2890 inimici.
2361 2825 2462 2888 Et
2499 2825 2825 2889 conclusit

1622 2917 1690 2980 in
1724 2916 1949 2998 gladio
1980 2915 2300 2998 populum
2335 2934 2566 2978 suum:
2613 2923 2683 2978 et
2713 2913 2826 2976 he-

1626 3006 1976 3068 reditatem
1998 3025 2186 3067 suam
2206 3005 2469 3086 sprevit.
2523 3003 2827 3078 Juvenes

1624 3113 1854 3158 eorum
1885 3093 2177 3156 comedit
2210 3093 2418 3173 ignis:
2450 3101 2519 3154 et
2543 3091 2827 3174 virgines

1626 3201 1855 3246 eorum
1888 3201 2020 3244 non
2055 3190 2210 3243 sunt
2241 3180 2620 3244 lamentate.
2701 3178 2830 3242 Sa-

1626 3271 1926 3336 cerdotes
1986 3289 2214 3332 eorum
2270 3271 2335 3332 in
2386 3268 2614 3351 gladio
2662 3267 2828 3331 ceci-

1625 3359 1916 3423 derunt:
1997 3367 2067 3422 et
2123 3359 2313 3421 vicue
2389 3376 2616 3420 eorum
2693 3375 2828 3419 non

1626 3447 2073 3531 plorabantur.
2179 3446 2278 3509 Et
2337 3446 2667 3510 excitatus
2727 3451 2830 3507 est

1626 3545 1948 3618 tanquam
2038 3535 2375 3598 dormiens
2467 3532 2829 3596 dominus:

1626 3633 1948 3707 tanquam
2021 3632 2261 3706 potens
2339 3621 2716 3704 crapulatus
2791 3640 2834 3683 a

1626 3714 1800 3778 vino,
1865 3711 1958 3775 Et
1990 3711 2310 3796 percussit
2343 3711 2642 3773 inimicos
2674 3728 2832 3771 suos

1628 3802 1694 3865 in
1729 3802 2128 3884 posteriora:
2183 3800 2611 3883 opprobrium
2657 3817 2832 3860 sem-

1628 3891 1960 3974 piternum
2007 3889 2193 3953 dedit
2227 3888 2370 3952 illis.
2462 3887 2555 3950 Et
2588 3885 2830 3968 repulit

1631 3977 2134 4042 tabernaculum
2160 3976 2439 4058 joseph:
2485 3984 2554 4038 et
2586 3975 2831 4038 tribum

1630 4067 1885 4130 effraim
1938 4086 2068 4129 non
2125 4065 2340 4148 elegit.
2436 4063 2577 4127 Sed
2633 4062 2833 4144 elegit

1630 4156 1878 4220 tribum
1893 4155 2092 4238 juda:
2127 4163 2422 4217 montem
2442 4173 2610 4235 syon
2632 4171 2832 4236 quem

1630 4244 1886 4308 dilexit.
1977 4243 2072 4306 Et
2116 4241 2448 4307 edificavit
2491 4243 2663 4305 sicut
2694 4240 2837 4303 uni-

1631 4333 1849 4398 cornis
1878 4331 2314 4396 sanctificium
2341 4351 2570 4394 suum:
2615 4331 2679 4393 in
2707 4339 2836 4392 ter-

1634 4443 1708 4486 ra
1737 4441 1938 4503 quam
1971 4421 2272 4485 fundavit
2304 4420 2370 4482 in
2407 4418 2646 4484 secula.
2738 4417 2838 4481 Et

1613 621 1922 676 muerunt
1957 634 1972 677 ε

1909 4571 1930 4600 ⁸
1969 4568 2084 4619 ‘et'
2117 4569 2256 4618 add:
2292 4567 2424 4619 EG.

1913 4638 1934 4668 ⁴
1963 4635 2171 4686 eduxit:
2207 4635 2338 4685 E.G.
