3375 5100
1206 367 1597 421 CORPORIS
1644 368 1990 423 CHRISTI.

887 477 1039 529 349

357 602 617 665 semper
647 602 821 645 mors
853 582 1095 647 Christi
1140 590 1243 645 est
1287 602 1405 664 per
1446 602 1547 645 se-

358 671 486 735 culi
540 671 744 734 vitam
799 672 1076 753 posteris
1130 670 1546 735 nuncianda:

358 770 431 822 ut
463 760 721 823 discant
751 779 881 841 qua
928 760 1250 823 charitate
1295 759 1547 823 dilexe-

359 849 442 911 rit
471 868 624 911 suos
656 848 768 931 qui
802 867 919 930 pro
964 849 1059 911 eis
1106 849 1270 912 mori
1316 848 1547 930 digna-

357 945 465 998 tus
509 946 653 1001 est:
697 937 801 999 cui
848 956 1079 999 omnes
1107 936 1319 1000 vicem
1349 936 1549 1000 debe-

360 1044 506 1087 mus
539 1025 895 1106 rependere
928 1024 1287 1089 charitatis,

368 1113 601 1277 Quia
632 1113 715 1176 ad
747 1112 871 1175 hoc
904 1133 1023 1176 nos
1054 1114 1230 1195 prior
1262 1113 1431 1197 [Lec.
1453 1112 1548 1196 iij.

492 1200 731 1264 dilexit
750 1221 903 1264 cum
926 1222 1219 1265 essemus
1246 1202 1549 1283 gehenne

358 1287 514 1353 filii:
561 1298 635 1351 ut
664 1289 1085 1371 diligeremus
1129 1310 1281 1353 eum
1320 1290 1460 1371 jam
1506 1311 1550 1353 a

360 1385 571 1440 morte
624 1376 920 1442 liberati:
964 1380 1121 1461 quia
1164 1388 1375 1441 morte
1428 1379 1547 1442 do-

358 1465 519 1527 mini
582 1464 837 1530 liberati
898 1486 1126 1529 sumus
1197 1465 1394 1549 hujus
1453 1467 1545 1530 rei

360 1573 685 1617 memores
730 1554 796 1617 in
829 1555 1089 1619 edendo
1132 1575 1435 1619 carnem:
1480 1564 1549 1619 et

356 1641 648 1705 bibendo
677 1644 1065 1725 sanguinem
1098 1643 1239 1725 ejus
1268 1664 1397 1726 que
1429 1664 1550 1726 pro

358 1730 549 1794 nobis
581 1730 807 1795 oblata
837 1740 993 1795 sunt
1021 1731 1484 1813 significamus

361 1822 424 1895 (Ι
456 1818 653 1882 Feria
684 1819 781 1902 iij.
1260 1820 1476 1884 Lectio
1485 1822 1548 1903 j.

375 1910 707 2041 Utrum
767 1907 891 1971 sub
950 1906 1209 1989 figura:
1278 1929 1363 1971 an
1423 1910 1548 1972 sub

529 1997 805 2059 veritate
856 1996 982 2059 hoc
1028 1996 1381 2079 mysticum
1440 2018 1548 2061 ca·

357 2081 500 2145 licis
543 2094 1030 2147 sacramentum
1080 2084 1197 2148 fiat
1232 2105 1249 2149 :
1307 2087 1549 2149 veritas

354 2172 489 2233 ait:
537 2172 709 2236 Caro
754 2193 901 2237 mea
930 2193 1081 2236 vere
1122 2182 1223 2237 est
1253 2173 1438 2237 cibus
1482 2182 1552 2238 et

355 2262 623 2341 sanguis
699 2281 885 2324 meus
947 2282 1099 2326 vere
1172 2271 1272 2325 est
1332 2272 1547 2344 potus.

358 2347 678 2430 Alioquin
756 2350 1093 2432 quomodo
1183 2352 1545 2433 magnum¹

356 2438 481 2499 erit
519 2438 708 2519 panis
756 2458 955 2520 quem
1008 2458 1133 2520 ego
1173 2439 1351 2503 dabo
1393 2460 1549 2503 caro

360 2545 508 2590 mea
560 2533 662 2589 est
709 2546 830 2609 pro
890 2527 1121 2591 mundi
1179 2528 1358 2594 vita:
1424 2528 1548 2592 nisi

358 2635 511 2677 vera
540 2615 627 2679 sit
656 2635 825 2680 caro.
1238 2617 1451 2682 Lectio
1480 2619 1549 2701 ij.

492 2704 574 2766 ed
621 2706 777 2785 quia
816 2703 1150 2769 Christum
1192 2705 1291 2770 sas
1335 2708 1547 2771 vorari

491 2791 799 2855 dentibus
840 2813 973 2856 non
1006 2804 1106 2858 est
1136 2794 1342 2858 voluit
1372 2795 1548 2858 hunc

358 2899 601 2961 panem
632 2890 700 2944 et
730 2881 956 2944 vinum
983 2881 1072 2945 ibi
1105 2884 1171 2946 in
1198 2883 1550 2965 mysteri0²

354 2989 508 3032 vere
547 2988 811 3032 carnem
842 2991 1029 3032 suam
1063 2980 1129 3033 et
1159 2973 1547 3052 sanguinem

356 3076 549 3119 suum
563 3059 1052 3121 consecratione
1063 3060 1327 3141 spiritus
1339 3059 1549 3123 sancti

358 3145 806 3226 potentialiter
851 3149 1092 3210 creari:
1144 3156 1211 3211 et
1252 3149 1549 3231 quotidie

358 3254 479 3315 pro
526 3234 755 3298 mundi
802 3236 939 3298 vita
988 3236 1266 3320 mystice
1314 3238 1551 3300 immo-

359 3321 493 3384 lari.
1206 3323 1419 3389 Lectio
1448 3325 1549 3408 iij.

369 3411 697 3544 Corpus
757 3410 1001 3476 Christi
1064 3422 1130 3476 et
1180 3414 1423 3477 veritas
1482 3421 1552 3477 et

498 3498 707 3580 figura
737 3510 853 3564 est.
924 3501 1185 3565 Veritas
1217 3501 1376 3564 dum
1410 3522 1553 3566 cor-

359 3607 481 3670 pus
516 3588 758 3652 Christi
806 3597 874 3652 et
905 3591 1172 3672 sanguis
1209 3589 1276 3652 in
1306 3591 1551 3654 virtute

357 3676 622 3757 spiritus
669 3679 923 3742 sancti:
968 3687 1038 3742 et
1085 3680 1149 3741 in
1182 3679 1423 3742 virtute
1453 3680 1550 3762 ip-

358 3766 492 3826 sius
534 3785 623 3828 ex
668 3767 857 3846 panis
904 3763 979 3830 et'
999 3767 1133 3831 vini
1178 3767 1551 3832 substantia

356 3852 649 3918 efficitur.
706 3855 950 3935 Figura
968 3875 1121 3919 vero
1144 3867 1247 3920 est
1278 3856 1345 3918 id
1370 3857 1549 3939 quod

357 3943 649 4004 exterius
680 3944 974 4006 sentitur.

360 4034 423 4107 (Ι
454 4031 501 4093 I
496 4051 539 4092 n
584 4040 806 4093 octava
846 4031 1124 4113 corporis
1174 4033 1423 4099 Cleristi
1462 4033 1558 4096 ad

356 4130 648 4200 vesperas
676 4127 782 4183 αῆ.
831 4121 1191 4201 Sapientia.
1219 4131 1317 4204 ps‘z
1354 4123 1550 4187 Dixit

356 4206 665 4270 dominus
731 4218 792 4270 et
848 4218 1038 4271 cetere
1094 4211 1435 4292 antiphone
1490 4221 1554 4273 et

340 4296 594 4377 psalmi
663 4295 831 4358 sicut
906 4299 977 4360 in
1036 4298 1156 4364 die.
1282 4299 1547 4382 Capl’m.

692 4484 705 4512 ¹
743 4498 912 4531 verum
941 4501 953 4532 :
990 4485 1057 4533 N.

685 4549 705 4577 ²
739 4549 1045 4600 ministerio:
1084 4551 1163 4600 W.

2152 478 2310 531 530

1648 583 1978 647 Dominus
2006 584 2214 665 JesuS.
2275 582 2586 663 Hymnus
2616 582 2842 663 Pange

1645 670 1890 753 lingua.
1979 688 2026 756 γ
2073 673 2319 735 Panem
2372 671 2459 734 de
2507 670 2665 735 cele.
2755 670 2842 733 ln

1643 780 1896 841 evange.
1927 770 2033 823 αφῑ.
2124 760 2185 825 O
2218 780 2418 841 quarn
2450 760 2686 822 suaviS.
2739 768 2840 840 ps'.

1650 846 2054 929 Magnificat.
2099 857 2204 912 etc.
2243 858 2320 909 ut
2364 848 2434 909 in
2485 847 2592 909 die
2629 856 2841 909 matu-

1648 936 1811 999 tinis
1839 936 2042 999 missa
2065 958 2090 999 .·
2133 947 2195 999 et
2212 935 2504 998 secundis
2531 936 2841 1016 vesperis:

1633 1034 1858 1106 preter
1900 1024 2390 1106 Responsorium
2437 1024 2508 1086 in
2550 1023 2842 1086 secundis

1648 1114 1925 1195 vesperis
1951 1134 2096 1175 cum
2124 1112 2385 1194 legenda
2412 1120 2712 1193 sequente.

1755 1213 1903 1265 ntra
1949 1201 2342 1266 catholicam
2391 1219 2497 1263 ec·-
2531 1199 2770 1282 [Lectio
2777 1200 2840 1280 j.

1753 1290 2021 1354 clesiam
2069 1291 2136 1352 in
2175 1288 2523 1371 mysterio³
2550 1289 2842 1369 corporis

1650 1377 1895 1443 Christi
1927 1378 2087 1443 nihil
2120 1400 2159 1441 a
2189 1379 2368 1441 bono
2391 1376 2644 1458 majus:
2679 1374 2840 1439 nihil

1647 1488 1690 1530 a
1742 1468 1921 1531 malo
1973 1468 2190 1531 minus
2241 1464 2574 1549 perficitur
2631 1485 2868 1528 sacer-.

1646 1556 1808 1619 dote
1835 1578 1850 1619 ε
1895 1557 2053 1638 quia
2083 1576 2216 1619 non
2249 1556 2315 1617 in
2349 1555 2583 1617 merito
2614 1573 2842 1617 conse-

1648 1645 1944 1709 crantis:
2007 1644 2124 1707 sed
2185 1644 2251 1706 in
2303 1643 2507 1706 verbo
2566 1642 2845 1705 efficitur

1648 1734 2001 1797 creatoris:
2066 1741 2133 1796 et
2180 1732 2244 1795 in
2289 1732 2532 1795 virtute
2579 1732 2846 1812 spiritus

1646 1822 1877 1886 sancti.
1967 1820 2039 1886 Si
2085 1820 2262 1883 enim
2294 1821 2362 1883 in
2395 1820 2630 1882 merito
2670 1827 2845 1882 esset

1647 1910 2042 1974 sacerdotis:
2075 1929 2495 1991 nequaquam
2515 1909 2598 1971 ad
2623 1907 2844 1971 Chris-

1646 2007 1794 2061 tum
1841 1998 2216 2081 pertineret.
2301 1996 2724 2079 Responsoria
2773 2004 2851 2058 ut

1650 2086 1722 2149 in
1751 2085 1872 2151 die.
2531 2084 2745 2147 Lectio
2774 2082 2844 2165 ij.

1646 2176 1942 2307 Nunc
1973 2183 2196 2238 autem
2229 2173 2397 2237 sicut
2427 2173 2568 2255 ipse
2599 2181 2700 2235 est
2730 2172 2844 2253 qui

1815 2263 2108 2345 baptizat
2134 2284 2150 2327 ε
2183 2264 2276 2325 ita
2305 2262 2446 2345 ipse
2477 2270 2579 2325 est
2597 2260 2709 2342 qui
2731 2281 2849 2342 per

1649 2352 1954 2434 spiritum
1986 2362 2288 2415 sanctum
2321 2350 2492 2413 hanc
2531 2369 2720 2412 suam
2753 2347 2848 2411 ef-

1650 2440 1788 2504 ficit
1815 2460 2082 2504 carnem
2111 2462 2128 2505 :
2173 2450 2241 2503 et
2273 2439 2506 2503 transit
2524 2438 2750 2501 vinum
2777 2438 2844 2500 in

1648 2529 2058 2612 sanguinem.
2151 2528 2352 2594 Unde
2395 2536 2463 2591 et
2500 2527 2844 2591 sacerdos:

1642 2618 1805 2700 jube
1837 2617 1956 2682 hec
1989 2617 2202 2700 inquit
2220 2617 2435 2681 offerri
2467 2637 2587 2700 per
2609 2635 2846 2678 manus

1648 2707 1867 2789 angeli
1914 2708 2009 2770 tui
2053 2707 2265 2770 sancti
2311 2707 2378 2768 in
2423 2704 2708 2768 sublime
2753 2703 2848 2767 al-

1646 2805 1792 2859 tare
1834 2805 2064 2860 tuum:
2113 2796 2179 2857 in
2226 2803 2582 2876 conspectu
2624 2793 2846 2856 divine

1648 2882 2016 2964 majestatis
2068 2893 2196 2946 tue.
2293 2883 2391 2948 Ut
2444 2881 2604 2965 quid
2665 2881 2844 2945 defe-

1647 2974 1854 3036 renda
1915 2973 1982 3035 in
2041 2972 2256 3035 lucem
2317 2971 2656 3053 deposcit:
2721 2970 2843 3033 nisi

1649 3070 1725 3124 ut
1755 3059 2160 3142 intelligatur
2187 3060 2368 3142 quod
2416 3061 2543 3123 ista
2584 3058 2747 3121 fiant
2777 3060 2844 3121 in

1646 3161 1731 3212 'eo
1760 3150 2147 3213 sacerdotiO.
2451 3145 2460 3150 ’
2507 3147 2720 3210 Lectio
2747 3147 2846 3229 iij.

1647 3239 1838 3370 H
1844 3258 1967 3301 ane
2009 3258 2168 3320 ergo
2207 3236 2611 3300 oblationem
2646 3236 2846 3298 bene-

1844 3327 2132 3390 dictam:
2178 3346 2298 3409 per
2341 3345 2543 3406 quam
2577 3323 2844 3387 benedi-

1648 3415 1907 3479 cimur:¹
2018 3415 2402 3496 Ascriptam
2464 3433 2583 3495 per
2642 3431 2844 3492 quam

1648 3503 1952 3566 homines
2039 3503 2107 3565 in
2184 3502 2328 3565 celo
2417 3499 2845 3565 ascribuntur.

1654 3592 1946 3655 Ratam:
1992 3611 2111 3673 per
2139 3610 2342 3672 quam
2389 3591 2455 3652 in
2488 3588 2847 3652 visceribus

1654 3679 1900 3744 Christi
1932 3700 2076 3742 esse
2119 3699 2520 3742 censeamur.
2615 3677 2849 3740 Ratio-

1652 3767 1984 3832 nabilem:
2049 3787 2165 3850 per
2225 3786 2425 3849 quam
2488 3786 2527 3828 a
2587 3764 2847 3828 bestiali

1650 3877 1848 3920 sensu
1898 3875 2266 3919 exuamur:
2329 3853 2848 3936 acceptabilem:

1651 3955 1726 4008 ut
1771 3945 1883 4028 qui
1939 3944 2128 4008 nobis
2183 3943 2341 4026 ipsis
2386 3942 2850 4025 displicemus:

1650 4053 1770 4116 per
1800 4032 1970 4097 hanc
2001 4031 2442 4116 acceptabiles
2483 4031 2625 4113 ejus
2657 4031 2851 4094 unico

1650 4121 1788 4185 filio
1819 4123 2040 4186 simus.

1787 4210 2149 4274 radendum
2182 4218 2284 4273 est
2314 4210 2491 4292 quod
2538 4211 2604 4272 in
2635 4210 2850 4271 verbis

1773 4299 2015 4364 Christi
2054 4307 2468 4362 sacramenta
2499 4297 2852 4361 confician-

1893 4490 1910 4516 ³
1945 4487 2180 4550 mystico:
2217 4485 2284 4536 N.

1883 4557 1902 4584 ⁴
1935 4553 2304 4602 benedicimus:
2342 4551 2406 4601 N.
