3375 5100
1130 345 1293 414 QUA
1301 343 1469 397 ΒΚΑ
1481 343 1823 398 σΕ.ς]ΜΕ.

793 450 924 505 817

251 555 345 617 ite
406 555 492 618 ad
548 555 891 620 dominum
947 567 1118 620 terre
1178 567 1245 620 et
1298 578 1449 621 cum

2045 453 2180 508 318

1556 558 1940 621 misereatur
2001 559 2205 622 nostri
2272 569 2340 622 et
2400 560 2752 625 benedicat

248 644 630 708 inveneritis
709 645 982 709 adorate
1044 666 1194 709 eum
1258 667 1455 729 super
1554 646 1760 710 nobis.
1807 657 1905 728 ps‘z
1944 647 2126 710 Deus
2157 649 2321 712 deus
2353 669 2554 712 meuS.
2615 652 2678 714 A
2688 660 2748 714 ἡ.

250 741 513 796 terram.
572 732 755 795 Deus
786 743 1009 797 autem
1038 755 1223 797 meus
1254 735 1453 798 faciat
1552 735 1710 798 Vim
1743 737 2000 798 virtutis
2031 757 2147 799 sue
2178 737 2422 800 oblitus
2453 747 2555 800 est
2580 739 2749 819 ignis

248 822 441 883 vobis
488 842 641 884 eum
687 821 1084 903 placabilem
1130 833 1195 886 et
1229 825 1451 887 remit-

1553 831 1627 886 ut
1687 826 1868 905 pueri
1933 826 2028 887 tui
2091 825 2518 888 liberarentur
2570 828 2751 891 illesi.

249 917 354 971 tat
400 918 467 972 et
510 910 683 972 hunc
717 910 984 974 fratrem
1017 922 1305 975 vestrum
1338 933 1452 975 vo·
1535 921 1635 993 pf.
1691 913 2085 976 Benedicite.
2177 923 2280 978 αῆ.
2346 915 2462 979 Sol
2494 924 2560 977 et
2595 914 2750 978 luna

250 996 507 1060 biscum
568 1007 635 1061 et
688 1019 840 1062 eum
890 1020 1089 1081 quem
1146 1009 1327 1064 tenet
1383 1001 1448 1063 in

246 1086 545 1148 vinculis
636 1104 683 1173 γ
731 1088 990 1152 Sumite
1042 1090 1127 1152 de
1182 1090 1449 1170 optimis

249 1183 423 1237 terre
497 1174 791 1256 frugibus
861 1177 927 1239 in
988 1179 1161 1240 vasis
1217 1178 1450 1240 vestris

249 1271 319 1325 et
380 1261 629 1326 deferte
682 1265 821 1327 viro
885 1285 1171 1329 munera.
1266 1266 1449 1329 Deus

248 1359 492 1414 autem.
583 1352 695 1415 Re.
749 1353 885 1416 Iste
931 1364 1033 1417 est
1079 1354 1279 1418 frater
1306 1376 1448 1418 ves-

245 1449 352 1502 ter
412 1441 721 1504 minimus
790 1443 874 1504 de
934 1463 1068 1524 quo
1129 1444 1449 1506 dixeratis

248 1528 460 1591 mihi:
520 1529 682 1591 deus
744 1533 1129 1594 misereatur
1185 1533 1280 1594 tui
1359 1531 1447 1594 fili

248 1618 385 1680 mi:
460 1615 925 1699 festinavitque
988 1621 1054 1682 in
1116 1620 1319 1682 domo
1380 1630 1447 1682 et

246 1705 547 1786 ploravit.
611 1706 787 1788 Quia
810 1708 1244 1789 erumpebant
1271 1708 1446 1771 lach-

247 1815 434 1874 ryme
465 1807 530 1856 et
554 1815 686 1857 non
707 1805 967 1877 poterat
992 1817 1063 1858 se
1092 1798 1443 1860 continere.

244 1883 360 1944 Re.
413 1881 752 1945 Attollens
784 1894 1004 1946 autem
1031 1885 1267 1966 joseph
1292 1907 1444 1948 ocu-

246 1969 345 2032 los
377 1972 541 2033 vidit
574 1970 907 2052 benjamin
935 1973 1202 2036 flentem
1227 1973 1240 2008 ¹
1266 1993 1443 2036 com-

246 2067 431 2121 mota
492 2070 645 2121 sunt
705 2062 930 2123 omnia
989 2063 1238 2124 viscera
1302 2062 1443 2142 ejus

247 2167 443 2228 super
504 2146 701 2210 fratre
761 2169 896 2212 suo,
990 2148 1167 2231 Quia
1226 2170 1441 2213 erum-

246 2236 508 2316 pebant.
604 2236 713 2299 Re.
825 2237 1135 2320 Loquens
1205 2237 1441 2320 joseph

247 2322 555 2386 fratribus
644 2327 779 2388 suis
868 2336 935 2390 et
967 2327 992 2362 ²
1052 2327 1227 2390 dixit
1302 2347 1440 2408 pax

244 2413 432 2474 vobis
480 2411 682 2476 nolite
725 2415 975 2477 timere.
1062 2415 1185 2478 Pro
1230 2413 1442 2479 salute

246 2502 419 2563 enim
474 2511 693 2565 vestra
749 2503 927 2567 misit
978 2524 1084 2566 me
1133 2504 1441 2567 dominus

246 2600 401 2651 ante
446 2611 580 2654 vos.
673 2608 720 2677 γ
770 2593 993 2654 Nolite
1042 2593 1273 2656 timere
1322 2614 1441 2657 nec

246 2679 482 2741 durum
516 2680 705 2741 vobis
750 2700 893 2743 esse
930 2681 1232 2744 videatur
1260 2682 1439 2763 quod

244 2786 361 2830 vos
392 2769 780 2831 vendidistis
828 2789 933 2832 me
980 2770 1043 2832 in
1088 2769 1190 2832 his
1236 2771 1442 2851 regio-

245 2856 452 2917 nibus,
550 2856 672 2918 Pro
704 2856 931 2920 salute.
1004 2856 1249 2922 Gloria.
1318 2859 1441 2921 Pro

244 2942 475 3007 salute.
564 2944 679 3008 Re.
774 2946 969 3009 Dixit
1023 2946 1260 3028 joseph
1322 2967 1441 3009 un-

244 3033 459 3095 decim
505 3032 811 3096 sratribus
858 3054 984 3117 ego
1027 3055 1175 3097 sum
1200 3034 1438 3116 joseph

244 3140 443 3201 quem
496 3122 884 3186 vendidistis
945 3124 1011 3185 in
1073 3131 1440 3205 egyptum:

244 3208 459 3271 adhuc
508 3211 668 3273 vivit
722 3220 910 3292 pater
959 3220 1177 3275 vester
1223 3212 1441 3275 senior

243 3298 327 3359 de
375 3317 511 3380 quo
541 3298 863 3362 dixeratis
896 3300 1072 3363 mihi.
1166 3299 1271 3363 Ite
1320 3300 1437 3363 ad·-

242 3387 465 3449 ducite
537 3407 688 3450 eum
763 3388 849 3451 ad
930 3408 1037 3451 me
1095 3398 1171 3451 ut
1230 3389 1437 3470 possit

242 3476 475 3538 vivere.
566 3492 613 3561 γ
661 3476 1009 3539 Biennium
1070 3477 1247 3540 enim
1289 3488 1389 3540 est
1413 3478 1439 3515 ³

242 3564 421 3644 quod
468 3566 647 3646 cepit
700 3564 909 3628 fames
963 3585 1105 3628 esse
1159 3566 1225 3627 in
1264 3576 1438 3628 terra

242 3662 309 3715 et
357 3651 573 3716 adhuc
626 3662 877 3716 restant
916 3653 1071 3716 anni
1126 3654 1434 3735 quinque.

246 3740 363 3805 Ite.
457 3741 700 3805 Gloria.
795 3742 911 3806 Ite.
988 3758 1034 3828 γ
1084 3742 1237 3824 Ipse
1279 3740 1437 3803 libe-

243 3830 425 3892 ravit.
514 3830 599 3892 ln
645 3829 951 3893 laudibus
977 3832 1345 3911 antiphona.

132 3976 139 3981 .
243 3920 466 4050 Fac
516 3918 801 4000 benigne
863 3921 928 3981 in
982 3920 1161 3981 bona
1203 3919 1435 3982 volun-

387 4016 529 4069 tate
587 4016 703 4070 tua
757 4017 832 4070 ut
884 4006 1271 4071 edificentur
1317 4008 1434 4070 do-

244 4096 417 4159 mine
449 4096 615 4157 muri
649 4096 1058 4159 hierusalem.
1091 4105 1193 4178 pf.
1235 4096 1434 4158 Mise-

240 4204 393 4247 rere.
435 4184 569 4247 Ar't'.
621 4184 949 4247 Dominus
982 4184 1139 4247 mihi
1173 4184 1438 4266 adjutor

238 4283 339 4336 est
367 4295 381 4335 :
415 4293 547 4336 non
573 4271 824 4336 timebo
855 4274 1014 4356 quid
1048 4273 1247 4336 faciat
1274 4273 1430 4336 mihi

237 4362 456 4425 homo,
487 4371 588 4442 pf.
623 4361 1066 4425 Confitemini.
1112 4370 1215 4425 αῆ.
1251 4362 1434 4425 Deus

406 4506 417 4534 ¹
463 4504 569 4553 ‘et’
592 4503 727 4552 add:
763 4502 827 4551 G.

538 4574 555 4600 ⁴
588 4568 959 4633 gastrimargie:
995 4566 1059 4615 G.

1200 4502 1221 4530 ²
1259 4499 1535 4547 ‘et’om.:
1571 4496 1635 4545 G.

1554 999 1822 1064 laudate
1897 1002 2096 1064 deum
2159 1004 2314 1084 quia
2374 1003 2746 1066 exaltatum

1542 1099 1653 1150 -est
1684 1108 1928 1152 nomen
1962 1089 2104 1169 ejus
2149 1091 2366 1154 solius.
2419 1101 2522 1173 p?-
2574 1092 2750 1156 Lau-

1553 1177 1727 1240 date.
1781 1177 1925 1259 Cap.
1962 1178 2138 1241 Ecce
2169 1199 2360 1243 nunc.
2423 1180 2745 1261 Hymnus.

1712 1287 1838 1328 esu.
1902 1267 2422 1348 quadragenarie
2496 1269 2750 1333 dicator

1548 1267 1704 1439 J
1711 1354 2108 1417 abstinentie
2167 1357 2278 1436 qui
2327 1356 2416 1418 ob
2462 1357 2745 1421 salutem

1552 1444 1870 1504 mentium
1906 1443 2030 1506 hoc
2060 1464 2377 1507 sanxeras
2402 1444 2744 1526 jejunium.

1555 1529 1703 1607 Quo
1763 1531 2070 1613 paradiso
2126 1533 2430 1595 redderes
2489 1546 2747 1598 servata

1550 1619 2000 1698 parsimonia:
2078 1641 2245 1701 quos
2305 1622 2461 1685 inde
2522 1625 2745 1686 castri-

1550 1709 1846 1788 margie⁴
1906 1708 2035 1772 huc
2107 1708 2412 1772 illecebra
2470 1712 2744 1793 depulit.

1546 1796 1809 1858 Adesto
1868 1816 2041 1860 nunc
2111 1797 2432 1862 ecclesie:
2510 1801 2744 1863 adesto

1546 1885 1908 1964 penitentie
1952 1905 2080 1966 que
2113 1906 2232 1966 pro
2278 1888 2412 1948 suis
2458 1889 2741 1952 excessi-

1547 1972 1669 2034 bus
1729 1981 1874 2035 orat
1922 1973 2202 2054 profusis
2263 1974 2540 2039 fletibus,
2643 1977 2742 2040 Tu

1492 2071 1495 2074 ⁴
1545 2069 1718 2122 retro
1763 2069 1914 2124 acta
1964 2063 2237 2125 crimina
2305 2073 2420 2126 tua
2482 2065 2742 2128 remitte

1541 2148 1793 2229 gratia:
1840 2159 1908 2212 et
1945 2170 1986 2212 a
2031 2149 2264 2213 futuris
2308 2151 2550 2214 adhibe
2595 2174 2740 2216 cus-

1542 2236 1794 2300 todiam
1859 2238 2218 2302 mitissime.
2331 2239 2424 2303 Ut
2484 2242 2738 2322 expiati

1542 2325 1869 2389 animis³:
1931 2326 2329 2408 jejuniorum
2404 2329 2738 2394 victimis:

1539 2414 1897 2477 tendamus
1978 2413 2064 2477 ad
2141 2415 2478 2498 paschalia
2537 2419 2737 2500 digne

1541 2501 1822 2565 colenda
1879 2503 2141 2585 gaudia.
2247 2505 2487 2569 Presta
2549 2516 2738 2589 pater

1540 2610 1659 2673 per
1719 2591 1944 2654 filium.
2037 2610 2084 2679 γ
2133 2592 2338 2657 Scuto
2399 2596 2738 2659 circunda-

1542 2678 1657 2742 bit.
1746 2681 1831 2743 In
1875 2700 2128 2763 evange.
2159 2691 2264 2745 an.
2359 2683 2522 2747 Erat
2545 2684 2736 2765 Jesus

1542 2766 1807 2847 ejiciens
1837 2768 2220 2833 demonium
2251 2792 2264 2834 :
2312 2780 2380 2834 et
2403 2773 2564 2835 illud
2598 2784 2738 2836 erat

1544 2864 1854 2921 mutum:
1931 2867 1999 2920 et
2059 2878 2209 2921 cum
2272 2858 2571 2940 ejecisset
2620 2863 2740 2925 de-

1544 2946 1837 3008 monium
1876 2967 1890 3009 :
1939 2946 2196 3010 locutus
2228 2958 2328 3011 est
2361 2959 2621 3014 mutus:
2669 2960 2736 3013 et

1540 3032 1865 3097 admirate
1895 3047 2051 3097 sunt
2082 3036 2290 3099 turbe.
2367 3046 2470 3118 pf.
2527 3038 2737 3102 Bene-

1538 3121 1772 3185 dictus,
1867 3122 2016 3187 Oi'v.
2109 3122 2488 3206 Quesumus
2523 3129 2735 3189 omni-

1538 3219 1776 3291 potens
1837 3211 2016 3274 deus,
2108 3212 2229 3274 Aa'
2273 3214 2570 3293 primam
2628 3225 2733 3279 ari.

1540 3297 1613 3361 Si
1660 3298 1728 3360 in
1762 3298 1972 3380 digito
2017 3300 2121 3362 dei
2170 3300 2359 3381 ejicio
2390 3302 2734 3367 demonia:

1534 3385 1832 3468 profecto
1889 3389 2068 3450 venit
2146 3388 2209 3450 in
2270 3409 2390 3451 vos
2458 3411 2732 3473 regnum

1536 3474 1659 3539 dei.
1737 3484 1838 3556 ps‘:
1931 3476 2114 3538 Deus
2164 3477 2328 3539 deus
2393 3498 2576 3541 meus
2636 3500 2733 3542 re-

1535 3564 1732 3644 spice.
1822 3571 1927 3627 αῆ.
1996 3563 2096 3626 Te
2129 3564 2344 3628 deum.
2419 3576 2520 3648 pf.
2568 3566 2735 3650 Qui-

1536 3670 1795 3732 cunque
1857 3652 2010 3715 vult.
2096 3662 2204 3715 etc.
2294 3653 2416 3717 Ad
2467 3656 2730 3718 tertiam

1536 3748 1641 3801 αὴ.
1736 3736 1915 3802 Du'm
1979 3739 2163 3803 fortis
2225 3751 2516 3805 armatus
2585 3764 2731 3807 cus-

1536 3827 1708 3889 todit
1739 3828 1977 3890 atrium
2025 3848 2214 3892 suum
2271 3832 2334 3893 in
2368 3850 2531 3912 pace
2576 3842 2730 3897 sunt

1535 3916 1759 3978 omnia
1784 3937 1914 3998 que
1945 3918 2254 3999 possidet.
2330 3928 2432 4000 pff.
2477 3920 2730 4003 Legem

1536 4024 1727 4086 pone.
1825 4004 1968 4085 Cap.
2074 4005 2525 4089 Derelinquat.
2614 4011 2729 4074 Re.

1539 4094 1798 4156 Bonum
1850 4094 2007 4156 mihi
2063 4095 2332 4158 domine
2383 4098 2558 4179 quod
2611 4098 2732 4162 hu-

1536 4182 1800 4244 miliasti
1866 4202 2020 4245 me:
2085 4183 2334 4247 bonum
2397 4186 2554 4249 mihi
2618 4188 2730 4251 lex

1534 4270 1663 4333 oris
1724 4272 1837 4333 tui.
1950 4270 2163 4351 Super
2223 4274 2404 4337 milia
2464 4277 2602 4339 auri
2665 4288 2732 4340 et

1535 4360 1806 4440 argenti.
1900 4375 1946 4445 γ
1996 4360 2237 4424 Manus
2290 4371 2404 4426 tue
2462 4365 2731 4429 domine

2007 4500 2026 4527 ³
2059 4506 2132 4546 est
2157 4498 2288 4547 enirn
2317 4519 2328 4549 =
2367 4502 2589 4551 E.G.w.

1831 4564 1852 4592 ⁵
1885 4564 2093 4613 annuis:
2132 4565 2262 4615 E.G.
