<?xml version="1.0" encoding="UTF-8"?>
<!DOCTYPE html PUBLIC "-//W3C//DTD XHTML 1.0 Transitional//EN"
    "http://www.w3.org/TR/xhtml1/DTD/xhtml1-transitional.dtd">
<html xmlns="http://www.w3.org/1999/xhtml" xml:lang="en" lang="en">
 <head>
  <title>
</title>
<meta http-equiv="Content-Type" content="text/html;charset=utf-8" />
  <meta name='ocr-system' content='tesseract 3.04.00' />
  <meta name='ocr-capabilities' content='ocr_page ocr_carea ocr_par ocr_line ocrx_word'/>
</head>
<body>
  <div class='ocr_page' id='page_1' title='image "./publicationssur05unkngoog_0274.png"; bbox 0 0 3375 5100; ppageno 0'>
   <div class='ocr_carea' id='block_1_1' title="bbox 1026 264 2131 324">
    <p class='ocr_par' dir='ltr' id='par_1_1' title="bbox 1026 264 2131 324">
     <span class='ocr_line' id='line_1_1' title="bbox 1026 264 2131 324; baseline 0 -1"><span class='ocrx_word' id='word_1_1' title='bbox 1026 266 1133 323; x_wconf 87' lang='lat' dir='ltr'><strong>IN</strong></span> <span class='ocrx_word' id='word_1_2' title='bbox 1175 264 1501 324; x_wconf 80' lang='lat' dir='ltr'><em>OCTAVA</em></span> <span class='ocrx_word' id='word_1_3' title='bbox 1552 264 2131 324; x_wconf 76' lang='lat' dir='ltr'><strong>ASCENSJONJS.</strong></span> 
     </span>
    </p>
   </div>
   <div class='ocr_carea' id='block_1_2' title="bbox 862 378 1019 435">
    <p class='ocr_par' dir='ltr' id='par_1_2' title="bbox 862 378 1019 435">
     <span class='ocr_line' id='line_1_2' title="bbox 862 378 1019 435; baseline 0.013 -2"><span class='ocrx_word' id='word_1_4' title='bbox 862 378 1019 435; x_wconf 71' lang='lat'><strong>493</strong></span> 
     </span>
    </p>
   </div>
   <div class='ocr_carea' id='block_1_3' title="bbox 338 482 1547 1804">
    <p class='ocr_par' dir='ltr' id='par_1_3' title="bbox 514 482 1532 567">
     <span class='ocr_line' id='line_1_3' title="bbox 514 482 1532 567; baseline -0.002 -18"><span class='ocrx_word' id='word_1_5' title='bbox 514 482 819 567; x_wconf 87' lang='lat' dir='ltr'><strong>nicuique</strong></span> <span class='ocrx_word' id='word_1_6' title='bbox 846 493 1137 548; x_wconf 87' lang='lat' dir='ltr'><strong>vestrum</strong></span> <span class='ocrx_word' id='word_1_7' title='bbox 1172 483 1189 521; x_wconf 87' lang='lat'>¹</span> <span class='ocrx_word' id='word_1_8' title='bbox 1222 484 1380 547; x_wconf 88' lang='lat' dir='ltr'><strong>data</strong></span> <span class='ocrx_word' id='word_1_9' title='bbox 1429 492 1532 547; x_wconf 87' lang='lat' dir='ltr'><strong>est</strong></span> 
     </span>
    </p>

    <p class='ocr_par' dir='ltr' id='par_1_4' title="bbox 338 573 1545 1804">
     <span class='ocr_line' id='line_1_4' title="bbox 489 573 1529 657; baseline -0.001 -21"><span class='ocrx_word' id='word_1_10' title='bbox 489 574 703 657; x_wconf 84' lang='lat' dir='ltr'><strong>gratia</strong></span> <span class='ocrx_word' id='word_1_11' title='bbox 748 573 1111 637; x_wconf 88' lang='lat' dir='ltr'><strong>secundum</strong></span> <span class='ocrx_word' id='word_1_12' title='bbox 1156 590 1529 636; x_wconf 88' lang='lat' dir='ltr'><strong>mensuram</strong></span> 
     </span>
     <span class='ocr_line' id='line_1_5' title="bbox 345 657 1533 744; baseline -0.001 -20"><span class='ocrx_word' id='word_1_13' title='bbox 345 662 717 726; x_wconf 90' lang='lat' dir='ltr'><strong>donationis</strong></span> <span class='ocrx_word' id='word_1_14' title='bbox 750 660 991 726; x_wconf 85' lang='lat' dir='ltr'>Christi</span> <span class='ocrx_word' id='word_1_15' title='bbox 1054 670 1325 744; x_wconf 87' lang='lat' dir='ltr'><strong>propter</strong></span> <span class='ocrx_word' id='word_1_16' title='bbox 1350 657 1533 744; x_wconf 89' lang='lat' dir='ltr'><strong>quod</strong></span> 
     </span>
     <span class='ocr_line' id='line_1_6' title="bbox 344 749 1535 831; baseline -0.002 -18"><span class='ocrx_word' id='word_1_17' title='bbox 344 750 529 815; x_wconf 86' lang='lat' dir='ltr'><strong>dicit:</strong></span> <span class='ocrx_word' id='word_1_18' title='bbox 578 750 969 814; x_wconf 88' lang='lat' dir='ltr'><strong>Ascendens</strong></span> <span class='ocrx_word' id='word_1_19' title='bbox 1012 750 1081 811; x_wconf 93' lang='lat' dir='ltr'><strong>in</strong></span> <span class='ocrx_word' id='word_1_20' title='bbox 1125 749 1335 813; x_wconf 83' lang='lat' dir='ltr'><strong>altum</strong></span> <span class='ocrx_word' id='word_1_21' title='bbox 1380 768 1535 831; x_wconf 88' lang='lat' dir='ltr'><strong>cap-</strong></span> 
     </span>
     <span class='ocr_line' id='line_1_7' title="bbox 343 835 1536 920; baseline -0.003 -17"><span class='ocrx_word' id='word_1_22' title='bbox 343 840 545 903; x_wconf 84' lang='lat' dir='ltr'><strong>tivam</strong></span> <span class='ocrx_word' id='word_1_23' title='bbox 578 837 775 901; x_wconf 81' lang='lat' dir='ltr'><strong>duxit</strong></span> <span class='ocrx_word' id='word_1_24' title='bbox 822 837 1305 920; x_wconf 82' lang='lat' dir='ltr'><strong>captivitatem:</strong></span> <span class='ocrx_word' id='word_1_25' title='bbox 1350 835 1536 899; x_wconf 86' lang='lat' dir='ltr'>dedit</span> 
     </span>
     <span class='ocr_line' id='line_1_8' title="bbox 339 925 1537 1006; baseline -0.003 -15"><span class='ocrx_word' id='word_1_26' title='bbox 339 928 515 991; x_wconf 92' lang='lat' dir='ltr'><strong>dona</strong></span> <span class='ocrx_word' id='word_1_27' title='bbox 532 926 926 990; x_wconf 81' lang='lat' dir='ltr'><strong>hominibus,</strong></span> <span class='ocrx_word' id='word_1_28' title='bbox 944 926 1265 1006; x_wconf 83' lang='lat' dir='ltr'><em>Hymnus.</em></span> <span class='ocrx_word' id='word_1_29' title='bbox 1292 925 1537 988; x_wconf 90' lang='lat' dir='ltr'><strong>Eterne</strong></span> 
     </span>
     <span class='ocr_line' id='line_1_9' title="bbox 344 1013 1537 1101; baseline -0.003 -22"><span class='ocrx_word' id='word_1_30' title='bbox 344 1037 463 1079; x_wconf 88' lang='lat' dir='ltr'><strong>rex</strong></span> <span class='ocrx_word' id='word_1_31' title='bbox 567 1015 903 1078; x_wconf 81' lang='lat' dir='ltr'><strong>altissime.</strong></span> <span class='ocrx_word' id='word_1_32' title='bbox 1010 1030 1059 1101; x_wconf 72' lang='grc' dir='ltr'>γ</span> <span class='ocrx_word' id='word_1_33' title='bbox 1144 1013 1537 1077; x_wconf 87' lang='lat' dir='ltr'><strong>Ascendens</strong></span> 
     </span>
     <span class='ocr_line' id='line_1_10' title="bbox 345 1101 1536 1185; baseline -0.005 -16"><span class='ocrx_word' id='word_1_34' title='bbox 345 1105 649 1169; x_wconf 89' lang='lat' dir='ltr'><strong>Christus</strong></span> <span class='ocrx_word' id='word_1_35' title='bbox 679 1103 746 1165; x_wconf 93' lang='lat' dir='ltr'><strong>in</strong></span> <span class='ocrx_word' id='word_1_36' title='bbox 766 1103 993 1165; x_wconf 88' lang='lat' dir='ltr'><strong>altum.</strong></span> <span class='ocrx_word' id='word_1_37' title='bbox 1042 1101 1129 1164; x_wconf 85' lang='lat' dir='ltr'><strong>In</strong></span> <span class='ocrx_word' id='word_1_38' title='bbox 1156 1120 1411 1185; x_wconf 66' lang='lat' dir='ltr'><strong>evaugv.</strong></span> <span class='ocrx_word' id='word_1_39' title='bbox 1431 1109 1536 1164; x_wconf 77' lang='grc' dir='ltr'><strong>αῆ.</strong></span> 
     </span>
     <span class='ocr_line' id='line_1_11' title="bbox 346 1190 1538 1270; baseline -0.003 -14"><span class='ocrx_word' id='word_1_40' title='bbox 346 1194 541 1256; x_wconf 88' lang='lat' dir='ltr'><strong>Pater</strong></span> <span class='ocrx_word' id='word_1_41' title='bbox 616 1190 1029 1255; x_wconf 84' lang='lat' dir='ltr'>manifestavi</span> <span class='ocrx_word' id='word_1_42' title='bbox 1104 1208 1365 1253; x_wconf 88' lang='lat' dir='ltr'><strong>nomen.</strong></span> <span class='ocrx_word' id='word_1_43' title='bbox 1435 1196 1538 1270; x_wconf 84' lang='lat' dir='ltr'><strong>p5.</strong></span> 
     </span>
     <span class='ocr_line' id='line_1_12' title="bbox 349 1278 1541 1363; baseline -0.004 -18"><span class='ocrx_word' id='word_1_44' title='bbox 349 1280 761 1363; x_wconf 81' lang='lat' dir='ltr'><strong>Mag-nificat.</strong></span> <span class='ocrx_word' id='word_1_45' title='bbox 817 1279 961 1343; x_wconf 75' lang='lat' dir='ltr'><strong>Or&#39;v.</strong></span> <span class='ocrx_word' id='word_1_46' title='bbox 1012 1278 1323 1343; x_wconf 86' lang='lat' dir='ltr'>Concede</span> <span class='ocrx_word' id='word_1_47' title='bbox 1382 1296 1541 1360; x_wconf 90' lang='lat' dir='ltr'><strong>que-</strong></span> 
     </span>
     <span class='ocr_line' id='line_1_13' title="bbox 340 1366 1538 1433; baseline -0.004 0"><span class='ocrx_word' id='word_1_48' title='bbox 340 1388 589 1433; x_wconf 83' lang='lat' dir='ltr'><strong>sumus.</strong></span> <span class='ocrx_word' id='word_1_49' title='bbox 676 1367 738 1431; x_wconf 84' lang='lat' dir='ltr'><em>A</em></span> <span class='ocrx_word' id='word_1_50' title='bbox 747 1367 803 1429; x_wconf 88' lang='lat' dir='ltr'><strong>d</strong></span> <span class='ocrx_word' id='word_1_51' title='bbox 860 1366 1218 1429; x_wconf 78' lang='lat' dir='ltr'><strong>matutinas</strong></span> <span class='ocrx_word' id='word_1_52' title='bbox 1251 1366 1538 1429; x_wconf 82' lang='lat' dir='ltr'><strong>invitato.</strong></span> 
     </span>
     <span class='ocr_line' id='line_1_14' title="bbox 342 1454 1540 1535; baseline -0.004 -14"><span class='ocrx_word' id='word_1_53' title='bbox 342 1458 539 1521; x_wconf 88' lang='lat' dir='ltr'><strong>All&#39;a.</strong></span> <span class='ocrx_word' id='word_1_54' title='bbox 576 1454 910 1521; x_wconf 84' lang='lat' dir='ltr'><strong>Christum</strong></span> <span class='ocrx_word' id='word_1_55' title='bbox 940 1455 1423 1519; x_wconf 85' lang='lat' dir='ltr'><strong>ascendentem.</strong></span> <span class='ocrx_word' id='word_1_56' title='bbox 1439 1462 1540 1535; x_wconf 84' lang='lat' dir='ltr'><strong>p5.</strong></span> 
     </span>
     <span class='ocr_line' id='line_1_15' title="bbox 342 1540 1543 1624; baseline -0.003 -15"><span class='ocrx_word' id='word_1_57' title='bbox 342 1546 605 1609; x_wconf 71' lang='lat' dir='ltr'><strong>Venite.</strong></span> <span class='ocrx_word' id='word_1_58' title='bbox 741 1544 1059 1624; x_wconf 84' lang='lat' dir='ltr'><strong>Hymnus.</strong></span> <span class='ocrx_word' id='word_1_59' title='bbox 1194 1540 1543 1623; x_wconf 88' lang='lat' dir='ltr'><strong>Hymnum</strong></span> 
     </span>
     <span class='ocr_line' id='line_1_16' title="bbox 338 1629 1547 1697; baseline -0.004 0"><span class='ocrx_word' id='word_1_60' title='bbox 338 1652 679 1697; x_wconf 85' lang='lat' dir='ltr'><strong>canamus</strong></span> <span class='ocrx_word' id='word_1_61' title='bbox 722 1632 805 1695; x_wconf 78' lang='lat' dir='ltr'><strong>In</strong></span> <span class='ocrx_word' id='word_1_62' title='bbox 854 1640 1155 1693; x_wconf 76' lang='lat' dir='ltr'><strong>nocturno</strong></span> <span class='ocrx_word' id='word_1_63' title='bbox 1196 1639 1299 1693; x_wconf 62' lang='lat' dir='ltr'><strong>au.</strong></span> <span class='ocrx_word' id='word_1_64' title='bbox 1394 1629 1547 1693; x_wconf 90' lang='lat' dir='ltr'><strong>Ele-</strong></span> 
     </span>
     <span class='ocr_line' id='line_1_17' title="bbox 342 1718 1545 1804; baseline -0.005 -19"><span class='ocrx_word' id='word_1_65' title='bbox 342 1733 505 1785; x_wconf 86' lang='lat' dir='ltr'><strong>vata</strong></span> <span class='ocrx_word' id='word_1_66' title='bbox 538 1730 658 1784; x_wconf 88' lang='lat' dir='ltr'><strong>est.</strong></span> <span class='ocrx_word' id='word_1_67' title='bbox 703 1735 750 1804; x_wconf 69' lang='lat' dir='ltr'>y</span> <span class='ocrx_word' id='word_1_68' title='bbox 779 1728 879 1801; x_wconf 82' lang='lat' dir='ltr'><strong>p5.</strong></span> <span class='ocrx_word' id='word_1_69' title='bbox 928 1720 1216 1782; x_wconf 86' lang='lat' dir='ltr'><strong>Domine</strong></span> <span class='ocrx_word' id='word_1_70' title='bbox 1238 1718 1545 1780; x_wconf 87' lang='lat' dir='ltr'><strong>dominus</strong></span> 
     </span>
    </p>
   </div>
   <div class='ocr_carea' id='block_1_4' title="bbox 340 1804 2418 1906">
    <p class='ocr_par' dir='ltr' id='par_1_5' title="bbox 340 1804 2418 1906">
     <span class='ocr_line' id='line_1_18' title="bbox 340 1804 2418 1906; baseline -0.001 -32"><span class='ocrx_word' id='word_1_71' title='bbox 340 1820 590 1874; x_wconf 88' lang='lat' dir='ltr'><strong>noster.</strong></span> <span class='ocrx_word' id='word_1_72' title='bbox 662 1816 729 1871; x_wconf 83' lang='lat' dir='ltr'><strong>et</strong></span> <span class='ocrx_word' id='word_1_73' title='bbox 794 1817 995 1870; x_wconf 82' lang='lat' dir='ltr'><strong>cetera</strong></span> <span class='ocrx_word' id='word_1_74' title='bbox 1061 1816 1137 1869; x_wconf 88' lang='lat' dir='ltr'><strong>ut</strong></span> <span class='ocrx_word' id='word_1_75' title='bbox 1212 1818 1425 1887; x_wconf 82' lang='lat' dir='ltr'><strong>supra.</strong></span> <span class='ocrx_word' id='word_1_76' title='bbox 1499 1822 1548 1893; x_wconf 72' lang='grc' dir='ltr'>γ</span> <span class='ocrx_word' id='word_1_77' title='bbox 1631 1804 1841 1885; x_wconf 73' lang='lat' dir='ltr'><strong>phone</strong></span> <span class='ocrx_word' id='word_1_78' title='bbox 1894 1816 2243 1906; x_wconf 45' lang='lat' dir='ltr'><strong>sequentuin</strong></span> <span class='ocrx_word' id='word_1_79' title='bbox 2319 1816 2418 1888; x_wconf 84' lang='lat' dir='ltr'><strong>p5.</strong></span> 
     </span>
    </p>
   </div>
   <div class='ocr_carea' id='block_1_5' title="bbox 344 1894 1561 3739">
    <p class='ocr_par' dir='ltr' id='par_1_6' title="bbox 344 1894 1561 3739">
     <span class='ocr_line' id='line_1_19' title="bbox 344 1894 1430 1963; baseline -0.006 -1"><span class='ocrx_word' id='word_1_80' title='bbox 344 1896 743 1963; x_wconf 89' lang='lat' dir='ltr'><strong>Ascendens</strong></span> <span class='ocrx_word' id='word_1_81' title='bbox 774 1894 1123 1960; x_wconf 89' lang='lat' dir='ltr'><strong>Christus</strong></span> <span class='ocrx_word' id='word_1_82' title='bbox 1104 1914 1172 1956; x_wconf 80' lang='lat' dir='ltr'><strong>in</strong></span> <span class='ocrx_word' id='word_1_83' title='bbox 1205 1894 1430 1957; x_wconf 90' lang='lat' dir='ltr'><strong>altum.</strong></span> 
     </span>
     <span class='ocr_line' id='line_1_20' title="bbox 347 1982 1547 2118; baseline -0.005 -69"><span class='ocrx_word' id='word_1_84' title='bbox 347 1989 479 2118; x_wconf 78' lang='lat' dir='ltr'><strong>ln</strong></span> <span class='ocrx_word' id='word_1_85' title='bbox 514 1985 631 2048; x_wconf 91' lang='lat' dir='ltr'><strong>illo</strong></span> <span class='ocrx_word' id='word_1_86' title='bbox 662 1994 989 2065; x_wconf 88' lang='lat' dir='ltr'><strong>tempore:</strong></span> <span class='ocrx_word' id='word_1_87' title='bbox 1040 1982 1292 2066; x_wconf 83' lang='lat' dir='ltr'><strong>[Secun.</strong></span> <span class='ocrx_word' id='word_1_88' title='bbox 1317 1982 1547 2045; x_wconf 86' lang='lat' dir='ltr'><strong>lucam.</strong></span> 
     </span>
     <span class='ocr_line' id='line_1_21' title="bbox 439 2070 1547 2153; baseline -0.005 -16"><span class='ocrx_word' id='word_1_89' title='bbox 439 2074 641 2137; x_wconf 82' lang='lat' dir='ltr'><strong>Dixit</strong></span> <span class='ocrx_word' id='word_1_90' title='bbox 714 2073 905 2153; x_wconf 87' lang='lat' dir='ltr'><strong>Jesus</strong></span> <span class='ocrx_word' id='word_1_91' title='bbox 994 2070 1330 2153; x_wconf 84' lang='lat' dir='ltr'><strong>discipulis</strong></span> <span class='ocrx_word' id='word_1_92' title='bbox 1393 2071 1547 2133; x_wconf 84' lang='lat' dir='ltr'><strong>suis,</strong></span> 
     </span>
     <span class='ocr_line' id='line_1_22' title="bbox 348 2159 1551 2245; baseline -0.003 -20"><span class='ocrx_word' id='word_1_93' title='bbox 348 2164 504 2245; x_wconf 88' lang='lat' dir='ltr'><strong>Ego</strong></span> <span class='ocrx_word' id='word_1_94' title='bbox 564 2161 827 2224; x_wconf 85' lang='lat' dir='ltr'><strong>mittam</strong></span> <span class='ocrx_word' id='word_1_95' title='bbox 886 2160 1281 2243; x_wconf 89' lang='lat' dir='ltr'><strong>promissum</strong></span> <span class='ocrx_word' id='word_1_96' title='bbox 1342 2159 1551 2240; x_wconf 89' lang='lat' dir='ltr'><strong>patris</strong></span> 
     </span>
     <span class='ocr_line' id='line_1_23' title="bbox 350 2245 1550 2329; baseline -0.005 -15"><span class='ocrx_word' id='word_1_97' title='bbox 350 2251 483 2314; x_wconf 88' lang='lat' dir='ltr'><strong>mei</strong></span> <span class='ocrx_word' id='word_1_98' title='bbox 518 2250 586 2312; x_wconf 92' lang='lat' dir='ltr'><strong>in</strong></span> <span class='ocrx_word' id='word_1_99' title='bbox 615 2268 749 2312; x_wconf 80' lang='lat' dir='ltr'><strong>vos.</strong></span> <span class='ocrx_word' id='word_1_100' title='bbox 800 2247 891 2311; x_wconf 91' lang='lat' dir='ltr'><strong>Et</strong></span> <span class='ocrx_word' id='word_1_101' title='bbox 937 2247 1201 2329; x_wconf 88' lang='lat' dir='ltr'><strong>reliqua.</strong></span> <span class='ocrx_word' id='word_1_102' title='bbox 1298 2245 1550 2311; x_wconf 76' lang='lat' dir='ltr'><strong>omelia</strong></span> 
     </span>
     <span class='ocr_line' id='line_1_24' title="bbox 350 2334 1550 2417; baseline -0.004 -15"><span class='ocrx_word' id='word_1_103' title='bbox 350 2336 741 2402; x_wconf 79' lang='lat' dir='ltr'><strong>venerabilis</strong></span> <span class='ocrx_word' id='word_1_104' title='bbox 758 2335 927 2399; x_wconf 79' lang='lat' dir='ltr'><em>Bedc</em></span> <span class='ocrx_word' id='word_1_105' title='bbox 941 2334 1309 2417; x_wconf 64' lang='lat' dir='ltr'><strong>presbyteri.</strong></span> <span class='ocrx_word' id='word_1_106' title='bbox 1338 2334 1476 2397; x_wconf 77' lang='lat' dir='ltr'><strong>Lec.</strong></span> <span class='ocrx_word' id='word_1_107' title='bbox 1488 2334 1550 2415; x_wconf 84' lang='lat' dir='ltr'><strong>j.</strong></span> 
     </span>
     <span class='ocr_line' id='line_1_25' title="bbox 520 2422 1550 2505; baseline -0.005 -16"><span class='ocrx_word' id='word_1_108' title='bbox 520 2426 868 2489; x_wconf 87' lang='lat' dir='ltr'><strong>romissum</strong></span> <span class='ocrx_word' id='word_1_109' title='bbox 900 2424 1109 2505; x_wconf 90' lang='lat' dir='ltr'><strong>patris</strong></span> <span class='ocrx_word' id='word_1_110' title='bbox 1140 2424 1420 2504; x_wconf 84' lang='lat' dir='ltr'><strong>gratiam</strong></span> <span class='ocrx_word' id='word_1_111' title='bbox 1451 2422 1550 2485; x_wconf 92' lang='lat' dir='ltr'><strong>di-</strong></span> 
     </span>
     <span class='ocr_line' id='line_1_26' title="bbox 519 2510 1552 2596; baseline -0.005 -17"><span class='ocrx_word' id='word_1_112' title='bbox 519 2515 610 2579; x_wconf 92' lang='lat' dir='ltr'><strong>cit</strong></span> <span class='ocrx_word' id='word_1_113' title='bbox 640 2513 906 2596; x_wconf 88' lang='lat' dir='ltr'><strong>spiritus</strong></span> <span class='ocrx_word' id='word_1_114' title='bbox 944 2512 1194 2577; x_wconf 88' lang='lat' dir='ltr'><strong>sancti:</strong></span> <span class='ocrx_word' id='word_1_115' title='bbox 1240 2511 1326 2574; x_wconf 92' lang='lat' dir='ltr'><strong>de</strong></span> <span class='ocrx_word' id='word_1_116' title='bbox 1366 2510 1552 2593; x_wconf 88' lang='lat' dir='ltr'><strong>cujus</strong></span> 
     </span>
     <span class='ocr_line' id='line_1_27' title="bbox 352 2599 1552 2687; baseline -0.006 -19"><span class='ocrx_word' id='word_1_117' title='bbox 352 2603 663 2687; x_wconf 81' lang='lat' dir='ltr'><strong>promissi</strong></span> <span class='ocrx_word' id='word_1_118' title='bbox 696 2602 1192 2684; x_wconf 85' lang='lat' dir='ltr'><strong>expectatione:</strong></span> <span class='ocrx_word' id='word_1_119' title='bbox 1238 2599 1343 2664; x_wconf 92' lang='lat' dir='ltr'><strong>hic</strong></span> <span class='ocrx_word' id='word_1_120' title='bbox 1388 2619 1552 2681; x_wconf 92' lang='lat' dir='ltr'><strong>quo-</strong></span> 
     </span>
     <span class='ocr_line' id='line_1_28' title="bbox 354 2689 1552 2775; baseline -0.005 -18"><span class='ocrx_word' id='word_1_121' title='bbox 354 2714 488 2775; x_wconf 90' lang='lat' dir='ltr'><strong>que</strong></span> <span class='ocrx_word' id='word_1_122' title='bbox 518 2690 919 2754; x_wconf 86' lang='lat' dir='ltr'><strong>subinfertur</strong></span> <span class='ocrx_word' id='word_1_123' title='bbox 934 2709 1083 2753; x_wconf 92' lang='lat' dir='ltr'><strong>cum</strong></span> <span class='ocrx_word' id='word_1_124' title='bbox 1102 2689 1341 2753; x_wconf 86' lang='lat' dir='ltr'><strong>dicitur</strong></span> <span class='ocrx_word' id='word_1_125' title='bbox 1366 2709 1381 2752; x_wconf 72' lang='grc' dir='ltr'>ε</span> <span class='ocrx_word' id='word_1_126' title='bbox 1410 2689 1552 2752; x_wconf 91' lang='lat' dir='ltr'><strong>Vos</strong></span> 
     </span>
     <span class='ocr_line' id='line_1_29' title="bbox 354 2778 1552 2858; baseline -0.005 -13"><span class='ocrx_word' id='word_1_127' title='bbox 354 2790 585 2845; x_wconf 89' lang='lat' dir='ltr'><strong>autem</strong></span> <span class='ocrx_word' id='word_1_128' title='bbox 615 2779 842 2842; x_wconf 87' lang='lat' dir='ltr'><strong>sedete</strong></span> <span class='ocrx_word' id='word_1_129' title='bbox 884 2779 949 2840; x_wconf 88' lang='lat' dir='ltr'><strong>iu</strong></span> <span class='ocrx_word' id='word_1_130' title='bbox 1002 2778 1265 2840; x_wconf 89' lang='lat' dir='ltr'><strong>civitate</strong></span> <span class='ocrx_word' id='word_1_131' title='bbox 1310 2795 1552 2858; x_wconf 89' lang='lat' dir='ltr'><strong>quous-</strong></span> 
     </span>
     <span class='ocr_line' id='line_1_30' title="bbox 358 2864 1550 2952; baseline -0.004 -20"><span class='ocrx_word' id='word_1_132' title='bbox 358 2890 495 2952; x_wconf 90' lang='lat' dir='ltr'><strong>que</strong></span> <span class='ocrx_word' id='word_1_133' title='bbox 544 2866 909 2931; x_wconf 89' lang='lat' dir='ltr'><strong>induamini</strong></span> <span class='ocrx_word' id='word_1_134' title='bbox 961 2866 1202 2929; x_wconf 88' lang='lat' dir='ltr'><strong>virtute</strong></span> <span class='ocrx_word' id='word_1_135' title='bbox 1248 2885 1337 2928; x_wconf 89' lang='lat' dir='ltr'><strong>ex</strong></span> <span class='ocrx_word' id='word_1_136' title='bbox 1398 2864 1550 2928; x_wconf 80' lang='lat' dir='ltr'><strong>alto,</strong></span> 
     </span>
     <span class='ocr_line' id='line_1_31' title="bbox 356 2954 1553 3035; baseline -0.005 -13"><span class='ocrx_word' id='word_1_137' title='bbox 356 2959 697 3022; x_wconf 86' lang='lat' dir='ltr'><strong>Virtutem</strong></span> <span class='ocrx_word' id='word_1_138' title='bbox 717 2963 939 3018; x_wconf 88' lang='lat' dir='ltr'><strong>autem</strong></span> <span class='ocrx_word' id='word_1_139' title='bbox 964 2955 1057 3017; x_wconf 89' lang='lat' dir='ltr'><strong>eis</strong></span> <span class='ocrx_word' id='word_1_140' title='bbox 1077 2975 1163 3018; x_wconf 85' lang='lat' dir='ltr'><strong>ex</strong></span> <span class='ocrx_word' id='word_1_141' title='bbox 1184 2954 1319 3016; x_wconf 87' lang='lat' dir='ltr'><strong>alto</strong></span> <span class='ocrx_word' id='word_1_142' title='bbox 1332 2973 1553 3035; x_wconf 90' lang='lat' dir='ltr'><strong>super-</strong></span> 
     </span>
     <span class='ocr_line' id='line_1_32' title="bbox 358 3042 1554 3125; baseline -0.004 -17"><span class='ocrx_word' id='word_1_143' title='bbox 358 3055 709 3110; x_wconf 87' lang='lat' dir='ltr'><strong>venturam</strong></span> <span class='ocrx_word' id='word_1_144' title='bbox 729 3042 1107 3125; x_wconf 87' lang='lat' dir='ltr'><strong>pollicetur:</strong></span> <span class='ocrx_word' id='word_1_145' title='bbox 1139 3043 1294 3124; x_wconf 91' lang='lat' dir='ltr'><strong>quia</strong></span> <span class='ocrx_word' id='word_1_146' title='bbox 1321 3061 1554 3124; x_wconf 86' lang='lat' dir='ltr'><strong>quam-</strong></span> 
     </span>
     <span class='ocr_line' id='line_1_33' title="bbox 358 3131 1553 3213; baseline -0.005 -16"><span class='ocrx_word' id='word_1_147' title='bbox 358 3136 463 3197; x_wconf 85' lang='lat' dir='ltr'><strong>vis</strong></span> <span class='ocrx_word' id='word_1_148' title='bbox 524 3143 593 3195; x_wconf 92' lang='lat' dir='ltr'><strong>et</strong></span> <span class='ocrx_word' id='word_1_149' title='bbox 650 3141 847 3196; x_wconf 88' lang='lat' dir='ltr'><strong>antea</strong></span> <span class='ocrx_word' id='word_1_150' title='bbox 904 3131 1204 3213; x_wconf 89' lang='lat' dir='ltr'><strong>spiritum</strong></span> <span class='ocrx_word' id='word_1_151' title='bbox 1253 3139 1553 3192; x_wconf 88' lang='lat' dir='ltr'><strong>sanctum</strong></span> 
     </span>
     <span class='ocr_line' id='line_1_34' title="bbox 360 3216 1555 3301; baseline -0.006 -15"><span class='ocrx_word' id='word_1_152' title='bbox 360 3222 744 3286; x_wconf 88' lang='lat' dir='ltr'><strong>habuerint:</strong></span> <span class='ocrx_word' id='word_1_153' title='bbox 790 3217 1047 3301; x_wconf 90' lang='lat' dir='ltr'><strong>plenius</strong></span> <span class='ocrx_word' id='word_1_154' title='bbox 1104 3227 1327 3281; x_wconf 88' lang='lat' dir='ltr'><strong>tamen</strong></span> <span class='ocrx_word' id='word_1_155' title='bbox 1381 3216 1555 3280; x_wconf 88' lang='lat' dir='ltr'><strong>hunc</strong></span> 
     </span>
     <span class='ocr_line' id='line_1_35' title="bbox 362 3307 1556 3388; baseline -0.005 -15"><span class='ocrx_word' id='word_1_156' title='bbox 362 3310 482 3373; x_wconf 90' lang='lat' dir='ltr'><strong>illo</strong></span> <span class='ocrx_word' id='word_1_157' title='bbox 550 3309 946 3372; x_wconf 90' lang='lat' dir='ltr'><strong>ascendente</strong></span> <span class='ocrx_word' id='word_1_158' title='bbox 1026 3307 1202 3369; x_wconf 88' lang='lat' dir='ltr'><strong>celos</strong></span> <span class='ocrx_word' id='word_1_159' title='bbox 1251 3325 1556 3388; x_wconf 90' lang='lat' dir='ltr'><strong>percepe-</strong></span> 
     </span>
     <span class='ocr_line' id='line_1_36' title="bbox 365 3393 1555 3476; baseline -0.005 -15"><span class='ocrx_word' id='word_1_160' title='bbox 365 3407 535 3461; x_wconf 87' lang='lat' dir='ltr'><strong>runt.</strong></span> <span class='ocrx_word' id='word_1_161' title='bbox 570 3397 677 3459; x_wconf 79' lang='lat' dir='ltr'><strong>Re.</strong></span> <span class='ocrx_word' id='word_1_162' title='bbox 714 3397 875 3459; x_wconf 87' lang='lat' dir='ltr'><strong>Post</strong></span> <span class='ocrx_word' id='word_1_163' title='bbox 904 3396 1293 3476; x_wconf 87' lang='lat' dir='ltr'><strong>passionem.</strong></span> <span class='ocrx_word' id='word_1_164' title='bbox 1322 3394 1459 3458; x_wconf 80' lang='lat' dir='ltr'><strong>Lec.</strong></span> <span class='ocrx_word' id='word_1_165' title='bbox 1484 3393 1555 3475; x_wconf 71' lang='lat' dir='ltr'><strong>y&#39;.</strong></span> 
     </span>
     <span class='ocr_line' id='line_1_37' title="bbox 536 3481 1559 3564; baseline -0.004 -16"><span class='ocrx_word' id='word_1_166' title='bbox 536 3495 649 3548; x_wconf 92' lang='lat' dir='ltr'><strong>nte</strong></span> <span class='ocrx_word' id='word_1_167' title='bbox 708 3494 932 3546; x_wconf 89' lang='lat' dir='ltr'><strong>autem</strong></span> <span class='ocrx_word' id='word_1_168' title='bbox 992 3484 1365 3564; x_wconf 84' lang='lat' dir='ltr'><strong>passionem</strong></span> <span class='ocrx_word' id='word_1_169' title='bbox 1417 3481 1559 3562; x_wconf 85' lang='lat' dir='ltr'><strong>ejus</strong></span> 
     </span>
     <span class='ocr_line' id='line_1_38' title="bbox 536 3570 1559 3654; baseline -0.003 -19"><span class='ocrx_word' id='word_1_170' title='bbox 536 3591 653 3654; x_wconf 90' lang='lat' dir='ltr'><strong>per</strong></span> <span class='ocrx_word' id='word_1_171' title='bbox 668 3571 933 3654; x_wconf 89' lang='lat' dir='ltr'><strong>spiritus</strong></span> <span class='ocrx_word' id='word_1_172' title='bbox 956 3571 1163 3634; x_wconf 89' lang='lat' dir='ltr'><strong>sancti</strong></span> <span class='ocrx_word' id='word_1_173' title='bbox 1194 3570 1559 3652; x_wconf 88' lang='lat' dir='ltr'><strong>potentiam</strong></span> 
     </span>
     <span class='ocr_line' id='line_1_39' title="bbox 368 3658 1561 3739; baseline -0.003 -14"><span class='ocrx_word' id='word_1_174' title='bbox 368 3660 583 3725; x_wconf 87' lang='lat' dir='ltr'><strong>multa</strong></span> <span class='ocrx_word' id='word_1_175' title='bbox 686 3659 994 3723; x_wconf 87' lang='lat' dir='ltr'><strong>demonia</strong></span> <span class='ocrx_word' id='word_1_176' title='bbox 1098 3658 1561 3739; x_wconf 86' lang='lat' dir='ltr'><strong>ejiciebantur:</strong></span> 
     </span>
    </p>
   </div>
   <div class='ocr_carea' id='block_1_6' title="bbox 366 3746 1564 4007">
    <p class='ocr_par' dir='ltr' id='par_1_7' title="bbox 366 3746 1564 4007">
     <span class='ocr_line' id='line_1_40' title="bbox 370 3746 1564 3829; baseline -0.004 -16"><span class='ocrx_word' id='word_1_177' title='bbox 370 3749 615 3814; x_wconf 91' lang='lat' dir='ltr'><strong>multos</strong></span> <span class='ocrx_word' id='word_1_178' title='bbox 660 3747 985 3812; x_wconf 87' lang='lat' dir='ltr'><strong>sanabant</strong></span> <span class='ocrx_word' id='word_1_179' title='bbox 1026 3756 1309 3829; x_wconf 81' lang='lat' dir='ltr'><strong>egrotoS.</strong></span> <span class='ocrx_word' id='word_1_180' title='bbox 1400 3746 1564 3809; x_wconf 88' lang='lat' dir='ltr'><strong>Ver-</strong></span> 
     </span>
     <span class='ocr_line' id='line_1_41' title="bbox 366 3833 1564 3918; baseline -0.005 -16"><span class='ocrx_word' id='word_1_181' title='bbox 366 3840 530 3902; x_wconf 88' lang='lat' dir='ltr'><strong>bum</strong></span> <span class='ocrx_word' id='word_1_182' title='bbox 560 3839 695 3901; x_wconf 87' lang='lat' dir='ltr'><strong>vite</strong></span> <span class='ocrx_word' id='word_1_183' title='bbox 726 3837 963 3918; x_wconf 90' lang='lat' dir='ltr'><strong>quibus</strong></span> <span class='ocrx_word' id='word_1_184' title='bbox 992 3838 1253 3898; x_wconf 88' lang='lat' dir='ltr'><strong>valuere</strong></span> <span class='ocrx_word' id='word_1_185' title='bbox 1274 3833 1564 3916; x_wconf 89' lang='lat' dir='ltr'><strong>predica-</strong></span> 
     </span>
     <span class='ocr_line' id='line_1_42' title="bbox 372 3926 1563 4007; baseline -0.004 -18"><span class='ocrx_word' id='word_1_186' title='bbox 372 3927 573 3990; x_wconf 87' lang='lat' dir='ltr'><strong>bant:</strong></span> <span class='ocrx_word' id='word_1_187' title='bbox 619 3934 687 3988; x_wconf 91' lang='lat' dir='ltr'><strong>et</strong></span> <span class='ocrx_word' id='word_1_188' title='bbox 720 3926 865 4007; x_wconf 89' lang='lat' dir='ltr'><strong>ipso</strong></span> <span class='ocrx_word' id='word_1_189' title='bbox 906 3933 1287 4006; x_wconf 88' lang='lat' dir='ltr'><strong>resurgente</strong></span> <span class='ocrx_word' id='word_1_190' title='bbox 1318 3943 1357 3985; x_wconf 91' lang='lat' dir='ltr'><strong>a</strong></span> <span class='ocrx_word' id='word_1_191' title='bbox 1390 3942 1563 3984; x_wconf 89' lang='lat' dir='ltr'><strong>mor—</strong></span> 
     </span>
    </p>
   </div>
   <div class='ocr_carea' id='block_1_7' title="bbox 372 4010 1562 4360">
    <p class='ocr_par' dir='ltr' id='par_1_8' title="bbox 372 4010 1562 4360">
     <span class='ocr_line' id='line_1_43' title="bbox 372 4010 1561 4095; baseline -0.003 -18"><span class='ocrx_word' id='word_1_192' title='bbox 372 4017 503 4078; x_wconf 90' lang='lat' dir='ltr'><strong>tuis</strong></span> <span class='ocrx_word' id='word_1_193' title='bbox 592 4013 937 4095; x_wconf 89' lang='lat' dir='ltr'><strong>specialius</strong></span> <span class='ocrx_word' id='word_1_194' title='bbox 1022 4021 1177 4075; x_wconf 92' lang='lat' dir='ltr'><strong>sunt</strong></span> <span class='ocrx_word' id='word_1_195' title='bbox 1266 4010 1561 4092; x_wconf 87' lang='lat' dir='ltr'><strong>ejusdem</strong></span> 
     </span>
     <span class='ocr_line' id='line_1_44' title="bbox 372 4098 1562 4184; baseline -0.003 -19"><span class='ocrx_word' id='word_1_196' title='bbox 372 4103 639 4184; x_wconf 88' lang='lat' dir='ltr'><strong>spiritus</strong></span> <span class='ocrx_word' id='word_1_197' title='bbox 678 4101 891 4184; x_wconf 88' lang='lat' dir='ltr'><strong>gratia</strong></span> <span class='ocrx_word' id='word_1_198' title='bbox 938 4099 1248 4163; x_wconf 85' lang='lat' dir='ltr'><strong>recreati:</strong></span> <span class='ocrx_word' id='word_1_199' title='bbox 1294 4098 1562 4180; x_wconf 90' lang='lat' dir='ltr'><strong>quando</strong></span> 
     </span>
     <span class='ocr_line' id='line_1_45' title="bbox 374 4186 1561 4271; baseline -0.004 -17"><span class='ocrx_word' id='word_1_200' title='bbox 374 4193 542 4254; x_wconf 90' lang='lat' dir='ltr'><strong>sicut</strong></span> <span class='ocrx_word' id='word_1_201' title='bbox 566 4189 889 4271; x_wconf 89' lang='lat' dir='ltr'><strong>johannes</strong></span> <span class='ocrx_word' id='word_1_202' title='bbox 924 4189 1183 4270; x_wconf 88' lang='lat' dir='ltr'><strong>scripsit</strong></span> <span class='ocrx_word' id='word_1_203' title='bbox 1214 4186 1561 4250; x_wconf 87' lang='lat' dir='ltr'><strong>insufflavit</strong></span> 
     </span>
     <span class='ocr_line' id='line_1_46' title="bbox 378 4275 1559 4360; baseline -0.004 -18"><span class='ocrx_word' id='word_1_204' title='bbox 378 4289 444 4342; x_wconf 91' lang='lat' dir='ltr'><strong>et</strong></span> <span class='ocrx_word' id='word_1_205' title='bbox 500 4278 697 4343; x_wconf 77' lang='lat' dir='ltr'><strong>dicit⁹</strong></span> <span class='ocrx_word' id='word_1_206' title='bbox 726 4279 859 4342; x_wconf 89' lang='lat' dir='ltr'><strong>eis:</strong></span> <span class='ocrx_word' id='word_1_207' title='bbox 905 4276 1211 4360; x_wconf 88' lang='lat' dir='ltr'><strong>Accipite</strong></span> <span class='ocrx_word' id='word_1_208' title='bbox 1259 4275 1559 4358; x_wconf 89' lang='lat' dir='ltr'><strong>spiritum</strong></span> 
     </span>
    </p>
   </div>
   <div class='ocr_carea' id='block_1_8' title="bbox 510 4450 1008 4502">
    <p class='ocr_par' dir='ltr' id='par_1_9' title="bbox 510 4450 1008 4502">
     <span class='ocr_line' id='line_1_47' title="bbox 510 4450 1008 4502; baseline 0 0"><span class='ocrx_word' id='word_1_209' title='bbox 510 4455 523 4484; x_wconf 88' lang='lat'>¹</span> <span class='ocrx_word' id='word_1_210' title='bbox 558 4461 777 4502; x_wconf 83' lang='lat' dir='ltr'><strong>nostrum</strong></span> <span class='ocrx_word' id='word_1_211' title='bbox 806 4469 819 4502; x_wconf 70' lang='grc' dir='ltr'>ι</span> <span class='ocrx_word' id='word_1_212' title='bbox 850 4450 1008 4502; x_wconf 81' lang='lat' dir='ltr'><strong>W.N.</strong></span> 
     </span>
    </p>
   </div>
   <div class='ocr_carea' id='block_1_9' title="bbox 1492 4447 1808 4498">
    <p class='ocr_par' dir='ltr' id='par_1_10' title="bbox 1492 4447 1808 4498">
     <span class='ocr_line' id='line_1_48' title="bbox 1492 4447 1808 4498; baseline 0 -2"><span class='ocrx_word' id='word_1_213' title='bbox 1492 4450 1514 4480; x_wconf 81' lang='lat'>²</span> <span class='ocrx_word' id='word_1_214' title='bbox 1544 4447 1667 4498; x_wconf 80' lang='lat' dir='ltr'><strong>dixit</strong></span> <span class='ocrx_word' id='word_1_215' title='bbox 1693 4465 1706 4497; x_wconf 72' lang='grc' dir='ltr'><strong>ε</strong></span> <span class='ocrx_word' id='word_1_216' title='bbox 1741 4447 1808 4497; x_wconf 88' lang='grc' dir='ltr'><strong>Ν.</strong></span> 
     </span>
    </p>
   </div>
   <div class='ocr_carea' id='block_1_10' title="bbox 2144 375 2296 432">
    <p class='ocr_par' dir='ltr' id='par_1_11' title="bbox 2144 375 2296 432">
     <span class='ocr_line' id='line_1_49' title="bbox 2144 375 2296 432; baseline 0.013 -2"><span class='ocrx_word' id='word_1_217' title='bbox 2144 375 2296 432; x_wconf 74' lang='grc'><strong>494</strong></span> 
     </span>
    </p>
   </div>
   <div class='ocr_carea' id='block_1_11' title="bbox 1630 483 2838 1873">
    <p class='ocr_par' dir='ltr' id='par_1_12' title="bbox 1630 483 2826 793">
     <span class='ocr_line' id='line_1_50' title="bbox 1631 483 2826 565; baseline 0.006 -20"><span class='ocrx_word' id='word_1_218' title='bbox 1631 490 1968 546; x_wconf 73' lang='lat' dir='ltr'><strong>sanctum·</strong></span> <span class='ocrx_word' id='word_1_219' title='bbox 2012 483 2522 565; x_wconf 79' lang='lat' dir='ltr'><strong>Responsorium.</strong></span> <span class='ocrx_word' id='word_1_220' title='bbox 2581 484 2826 552; x_wconf 86' lang='lat' dir='ltr'><strong>Omnis</strong></span> 
     </span>
     <span class='ocr_line' id='line_1_51' title="bbox 1631 570 2826 659; baseline 0.005 -25"><span class='ocrx_word' id='word_1_221' title='bbox 1631 570 2064 654; x_wconf 83' lang='lat' dir='ltr'><strong>pulchritudo,</strong></span> <span class='ocrx_word' id='word_1_222' title='bbox 2483 574 2697 639; x_wconf 79' lang='lat' dir='ltr'><strong>Lectio</strong></span> <span class='ocrx_word' id='word_1_223' title='bbox 2727 574 2826 659; x_wconf 63' lang='lat' dir='ltr'><strong>iij.</strong></span> 
     </span>
     <span class='ocr_line' id='line_1_52' title="bbox 1630 659 2826 793; baseline 0.007 -73"><span class='ocrx_word' id='word_1_224' title='bbox 1630 659 2054 793; x_wconf 66' lang='lat' dir='ltr'><strong>Siquidem</strong></span> <span class='ocrx_word' id='word_1_225' title='bbox 2077 660 2358 742; x_wconf 83' lang='lat' dir='ltr'><strong>maj0res</strong></span> <span class='ocrx_word' id='word_1_226' title='bbox 2387 660 2528 743; x_wconf 84' lang='lat' dir='ltr'><strong>ejus</strong></span> <span class='ocrx_word' id='word_1_227' title='bbox 2549 663 2826 728; x_wconf 86' lang='lat' dir='ltr'><strong>virtutes</strong></span> 
     </span>
    </p>

    <p class='ocr_par' dir='ltr' id='par_1_13' title="bbox 1632 748 2838 1873">
     <span class='ocr_line' id='line_1_53' title="bbox 1761 748 2824 815; baseline 0.006 -5"><span class='ocrx_word' id='word_1_228' title='bbox 1761 757 1915 810; x_wconf 89' lang='lat' dir='ltr'><strong>sunt</strong></span> <span class='ocrx_word' id='word_1_229' title='bbox 1973 768 2062 811; x_wconf 87' lang='lat' dir='ltr'><strong>ex</strong></span> <span class='ocrx_word' id='word_1_230' title='bbox 2133 748 2273 813; x_wconf 91' lang='lat' dir='ltr'><strong>alto</strong></span> <span class='ocrx_word' id='word_1_231' title='bbox 2353 750 2606 815; x_wconf 90' lang='lat' dir='ltr'><strong>induti:</strong></span> <span class='ocrx_word' id='word_1_232' title='bbox 2672 771 2824 815; x_wconf 90' lang='lat' dir='ltr'><strong>cum</strong></span> 
     </span>
     <span class='ocr_line' id='line_1_54' title="bbox 1632 836 2826 922; baseline 0.004 -24"><span class='ocrx_word' id='word_1_233' title='bbox 1632 844 1786 919; x_wconf 91' lang='lat' dir='ltr'><strong>post</strong></span> <span class='ocrx_word' id='word_1_234' title='bbox 1847 836 1986 899; x_wconf 90' lang='lat' dir='ltr'><strong>dies</strong></span> <span class='ocrx_word' id='word_1_235' title='bbox 2044 836 2275 901; x_wconf 88' lang='lat' dir='ltr'><strong>decem</strong></span> <span class='ocrx_word' id='word_1_236' title='bbox 2356 841 2826 922; x_wconf 83' lang='lat' dir='ltr'><strong>assumptionis</strong></span> 
     </span>
     <span class='ocr_line' id='line_1_55' title="bbox 1634 923 2828 1010; baseline 0.004 -24"><span class='ocrx_word' id='word_1_237' title='bbox 1634 923 1964 987; x_wconf 90' lang='lat' dir='ltr'><strong>dominice</strong></span> <span class='ocrx_word' id='word_1_238' title='bbox 2007 923 2179 989; x_wconf 89' lang='lat' dir='ltr'><strong>hunc</strong></span> <span class='ocrx_word' id='word_1_239' title='bbox 2223 925 2291 988; x_wconf 91' lang='lat' dir='ltr'><strong>in</strong></span> <span class='ocrx_word' id='word_1_240' title='bbox 2337 926 2574 1009; x_wconf 87' lang='lat' dir='ltr'><strong>linguis</strong></span> <span class='ocrx_word' id='word_1_241' title='bbox 2619 928 2828 1010; x_wconf 88' lang='lat' dir='ltr'><strong>igneis</strong></span> 
     </span>
     <span class='ocr_line' id='line_1_56' title="bbox 1632 1021 2825 1098; baseline 0.004 -24"><span class='ocrx_word' id='word_1_242' title='bbox 1632 1021 2096 1094; x_wconf 88' lang='lat' dir='ltr'><strong>susceperunt:</strong></span> <span class='ocrx_word' id='word_1_243' title='bbox 2157 1023 2226 1078; x_wconf 89' lang='lat' dir='ltr'><strong>et</strong></span> <span class='ocrx_word' id='word_1_244' title='bbox 2278 1022 2465 1078; x_wconf 88' lang='lat' dir='ltr'><strong>tanta</strong></span> <span class='ocrx_word' id='word_1_245' title='bbox 2511 1036 2630 1098; x_wconf 91' lang='lat' dir='ltr'><strong>per</strong></span> <span class='ocrx_word' id='word_1_246' title='bbox 2675 1036 2825 1079; x_wconf 90' lang='lat' dir='ltr'><strong>eum</strong></span> 
     </span>
     <span class='ocr_line' id='line_1_57' title="bbox 1636 1100 2828 1168; baseline 0.004 -5"><span class='ocrx_word' id='word_1_247' title='bbox 1636 1108 1792 1163; x_wconf 88' lang='lat' dir='ltr'><strong>sunt</strong></span> <span class='ocrx_word' id='word_1_248' title='bbox 1838 1100 2078 1164; x_wconf 85' lang='lat' dir='ltr'><strong>fiducia</strong></span> <span class='ocrx_word' id='word_1_249' title='bbox 2117 1100 2521 1167; x_wconf 80' lang='lat' dir='ltr'><strong>fortitudinis</strong></span> <span class='ocrx_word' id='word_1_250' title='bbox 2571 1104 2828 1168; x_wconf 88' lang='lat' dir='ltr'><strong>inflam-</strong></span> 
     </span>
     <span class='ocr_line' id='line_1_58' title="bbox 1638 1189 2832 1275; baseline 0.005 -25"><span class='ocrx_word' id='word_1_251' title='bbox 1638 1189 1800 1251; x_wconf 89' lang='lat' dir='ltr'><strong>mati</strong></span> <span class='ocrx_word' id='word_1_252' title='bbox 1827 1210 1842 1251; x_wconf 93' lang='lat'><strong>:</strong></span> <span class='ocrx_word' id='word_1_253' title='bbox 1889 1198 1961 1251; x_wconf 90' lang='lat' dir='ltr'><strong>ut</strong></span> <span class='ocrx_word' id='word_1_254' title='bbox 1980 1189 2176 1254; x_wconf 88' lang='lat' dir='ltr'><strong>nullis</strong></span> <span class='ocrx_word' id='word_1_255' title='bbox 2193 1192 2561 1275; x_wconf 88' lang='lat' dir='ltr'><strong>principum</strong></span> <span class='ocrx_word' id='word_1_256' title='bbox 2573 1194 2832 1256; x_wconf 85' lang='lat' dir='ltr'><strong>terrori-</strong></span> 
     </span>
     <span class='ocr_line' id='line_1_59' title="bbox 1638 1276 2832 1358; baseline 0.005 -19"><span class='ocrx_word' id='word_1_257' title='bbox 1638 1276 1764 1339; x_wconf 90' lang='lat' dir='ltr'><strong>bus</strong></span> <span class='ocrx_word' id='word_1_258' title='bbox 1837 1277 1994 1358; x_wconf 89' lang='lat' dir='ltr'><strong>quin</strong></span> <span class='ocrx_word' id='word_1_259' title='bbox 2067 1280 2378 1343; x_wconf 89' lang='lat' dir='ltr'><strong>omnibus</strong></span> <span class='ocrx_word' id='word_1_260' title='bbox 2435 1282 2501 1343; x_wconf 86' lang='lat' dir='ltr'><strong>in</strong></span> <span class='ocrx_word' id='word_1_261' title='bbox 2562 1282 2832 1345; x_wconf 89' lang='lat' dir='ltr'><strong>nomine</strong></span> 
     </span>
     <span class='ocr_line' id='line_1_60' title="bbox 1638 1363 2834 1451; baseline 0.006 -25"><span class='ocrx_word' id='word_1_262' title='bbox 1638 1365 1796 1446; x_wconf 91' lang='lat' dir='ltr'><strong>Jesu</strong></span> <span class='ocrx_word' id='word_1_263' title='bbox 1840 1363 2262 1447; x_wconf 88' lang='lat' dir='ltr'><strong>loquerentur</strong></span> <span class='ocrx_word' id='word_1_264' title='bbox 2303 1377 2572 1449; x_wconf 90' lang='lat' dir='ltr'><strong>possent</strong></span> <span class='ocrx_word' id='word_1_265' title='bbox 2615 1369 2834 1451; x_wconf 91' lang='lat' dir='ltr'><strong>prohi-</strong></span> 
     </span>
     <span class='ocr_line' id='line_1_61' title="bbox 1640 1451 2833 1540; baseline 0.006 -26"><span class='ocrx_word' id='word_1_266' title='bbox 1640 1452 1793 1515; x_wconf 86' lang='lat' dir='ltr'><strong>beri.</strong></span> <span class='ocrx_word' id='word_1_267' title='bbox 1870 1451 1984 1516; x_wconf 80' lang='lat' dir='ltr'><strong>Re.</strong></span> <span class='ocrx_word' id='word_1_268' title='bbox 2061 1452 2217 1518; x_wconf 91' lang='lat' dir='ltr'><strong>Non</strong></span> <span class='ocrx_word' id='word_1_269' title='bbox 2247 1457 2690 1521; x_wconf 88' lang='lat' dir='ltr'><strong>conturbetur.</strong></span> <span class='ocrx_word' id='word_1_270' title='bbox 2731 1466 2833 1540; x_wconf 88' lang='lat' dir='ltr'><strong>p5.</strong></span> 
     </span>
     <span class='ocr_line' id='line_1_62' title="bbox 1642 1539 2836 1632; baseline 0.004 -28"><span class='ocrx_word' id='word_1_271' title='bbox 1642 1541 1742 1604; x_wconf 85' lang='lat' dir='ltr'><strong>Te</strong></span> <span class='ocrx_word' id='word_1_272' title='bbox 1773 1539 1972 1603; x_wconf 90' lang='lat' dir='ltr'><strong>deum</strong></span> <span class='ocrx_word' id='word_1_273' title='bbox 2005 1539 2367 1609; x_wconf 67' lang='lat' dir='ltr'><strong>laudamus».</strong></span> <span class='ocrx_word' id='word_1_274' title='bbox 2415 1561 2464 1632; x_wconf 71' lang='lat' dir='ltr'>y</span> <span class='ocrx_word' id='word_1_275' title='bbox 2506 1544 2836 1611; x_wconf 89' lang='lat' dir='ltr'><strong>Ascendit</strong></span> 
     </span>
     <span class='ocr_line' id='line_1_63' title="bbox 1641 1629 2838 1709; baseline 0.003 -16"><span class='ocrx_word' id='word_1_276' title='bbox 1641 1629 1856 1693; x_wconf 88' lang='lat' dir='ltr'><strong>deus</strong></span> <span class='ocrx_word' id='word_1_277' title='bbox 1840 1649 1903 1691; x_wconf 87' lang='lat' dir='ltr'><strong>m</strong></span> <span class='ocrx_word' id='word_1_278' title='bbox 1930 1629 2336 1709; x_wconf 89' lang='lat' dir='ltr'><strong>jubilatione.</strong></span> <span class='ocrx_word' id='word_1_279' title='bbox 2406 1633 2489 1696; x_wconf 87' lang='lat' dir='ltr'><strong>In</strong></span> <span class='ocrx_word' id='word_1_280' title='bbox 2533 1634 2838 1697; x_wconf 80' lang='lat' dir='ltr'><strong>laudibus</strong></span> 
     </span>
     <span class='ocr_line' id='line_1_64' title="bbox 1642 1716 2838 1799; baseline 0.004 -20"><span class='ocrx_word' id='word_1_281' title='bbox 1642 1736 1750 1779; x_wconf 82' lang='lat' dir='ltr'><strong>an.</strong></span> <span class='ocrx_word' id='word_1_282' title='bbox 1837 1716 1978 1781; x_wconf 91' lang='lat' dir='ltr'><strong>Viri</strong></span> <span class='ocrx_word' id='word_1_283' title='bbox 2023 1717 2257 1799; x_wconf 87' lang='lat' dir='ltr'><strong>galilei.</strong></span> <span class='ocrx_word' id='word_1_284' title='bbox 2344 1728 2411 1782; x_wconf 85' lang='lat' dir='ltr'><strong>et</strong></span> <span class='ocrx_word' id='word_1_285' title='bbox 2449 1729 2640 1783; x_wconf 83' lang='lat' dir='ltr'><em>cetere</em></span> <span class='ocrx_word' id='word_1_286' title='bbox 2663 1722 2838 1785; x_wconf 83' lang='lat' dir='ltr'><strong>anti-</strong></span> 
     </span>
     <span class='ocr_line' id='line_1_65' title="bbox 2508 1809 2838 1873; baseline 0 0"><span class='ocrx_word' id='word_1_287' title='bbox 2508 1809 2838 1873; x_wconf 89' lang='lat' dir='ltr'><strong>Dominus</strong></span> 
     </span>
    </p>
   </div>
   <div class='ocr_carea' id='block_1_12' title="bbox 1646 1892 2839 2064">
    <p class='ocr_par' dir='ltr' id='par_1_14' title="bbox 1646 1892 2839 2064">
     <span class='ocr_line' id='line_1_66' title="bbox 1648 1892 2837 1979; baseline 0.005 -24"><span class='ocrx_word' id='word_1_288' title='bbox 1648 1892 1959 1973; x_wconf 87' lang='lat' dir='ltr'><strong>regnavit.</strong></span> <span class='ocrx_word' id='word_1_289' title='bbox 2033 1903 2139 1957; x_wconf 85' lang='lat' dir='ltr'><strong>etc.</strong></span> <span class='ocrx_word' id='word_1_290' title='bbox 2237 1894 2384 1977; x_wconf 84' lang='lat' dir='ltr'><strong>Cap.</strong></span> <span class='ocrx_word' id='word_1_291' title='bbox 2464 1896 2837 1979; x_wconf 89' lang='lat' dir='ltr'><strong>Unicuique</strong></span> 
     </span>
     <span class='ocr_line' id='line_1_67' title="bbox 1646 1982 2839 2064; baseline 0.006 -22"><span class='ocrx_word' id='word_1_292' title='bbox 1646 1989 1961 2044; x_wconf 84' lang='lat' dir='ltr'><strong>nostrum.</strong></span> <span class='ocrx_word' id='word_1_293' title='bbox 2005 1982 2089 2044; x_wconf 85' lang='lat' dir='ltr'><strong>In</strong></span> <span class='ocrx_word' id='word_1_294' title='bbox 2117 2002 2336 2064; x_wconf 83' lang='lat' dir='ltr'><strong>evang.</strong></span> <span class='ocrx_word' id='word_1_295' title='bbox 2355 2004 2460 2047; x_wconf 87' lang='lat' dir='ltr'><strong>an.</strong></span> <span class='ocrx_word' id='word_1_296' title='bbox 2523 1984 2839 2049; x_wconf 91' lang='lat' dir='ltr'><strong>Ascendo</strong></span> 
     </span>
    </p>
   </div>
   <div class='ocr_carea' id='block_1_13' title="bbox 1644 2069 2861 4358">
    <p class='ocr_par' dir='ltr' id='par_1_15' title="bbox 1644 2069 2858 4008">
     <span class='ocr_line' id='line_1_68' title="bbox 1646 2069 2838 2153; baseline 0.007 -22"><span class='ocrx_word' id='word_1_297' title='bbox 1646 2069 1734 2131; x_wconf 91' lang='lat' dir='ltr'><strong>ad</strong></span> <span class='ocrx_word' id='word_1_298' title='bbox 1759 2076 2013 2149; x_wconf 90' lang='lat' dir='ltr'><strong>patrem</strong></span> <span class='ocrx_word' id='word_1_299' title='bbox 2035 2088 2273 2135; x_wconf 88' lang='lat' dir='ltr'><strong>meum.</strong></span> <span class='ocrx_word' id='word_1_300' title='bbox 2290 2080 2390 2153; x_wconf 83' lang='lat' dir='ltr'><strong>p5.</strong></span> <span class='ocrx_word' id='word_1_301' title='bbox 2422 2072 2838 2139; x_wconf 86' lang='lat' dir='ltr'><strong>Benedictus.</strong></span> 
     </span>
     <span class='ocr_line' id='line_1_69' title="bbox 1654 2156 2839 2225; baseline 0.003 -4"><span class='ocrx_word' id='word_1_302' title='bbox 1654 2156 1882 2221; x_wconf 82' lang='lat' dir='ltr'><strong>Oratio</strong></span> <span class='ocrx_word' id='word_1_303' title='bbox 1927 2156 2253 2223; x_wconf 91' lang='lat' dir='ltr'><strong>Concede.</strong></span> <span class='ocrx_word' id='word_1_304' title='bbox 2317 2158 2533 2225; x_wconf 81' lang='lat' dir='ltr'><strong>Cetera</strong></span> <span class='ocrx_word' id='word_1_305' title='bbox 2566 2161 2664 2223; x_wconf 88' lang='lat' dir='ltr'><strong>ad</strong></span> <span class='ocrx_word' id='word_1_306' title='bbox 2698 2183 2839 2225; x_wconf 87' lang='lat' dir='ltr'><strong>ma-</strong></span> 
     </span>
     <span class='ocr_line' id='line_1_70' title="bbox 1648 2245 2844 2330; baseline 0.007 -24"><span class='ocrx_word' id='word_1_307' title='bbox 1648 2245 1898 2307; x_wconf 82' lang='lat' dir='ltr'><strong>tutinas</strong></span> <span class='ocrx_word' id='word_1_308' title='bbox 1935 2254 1996 2307; x_wconf 85' lang='lat' dir='ltr'><strong>et</strong></span> <span class='ocrx_word' id='word_1_309' title='bbox 2049 2245 2243 2310; x_wconf 80' lang='lat' dir='ltr'><strong>horas</strong></span> <span class='ocrx_word' id='word_1_310' title='bbox 2275 2258 2352 2309; x_wconf 86' lang='lat' dir='ltr'><strong>ut</strong></span> <span class='ocrx_word' id='word_1_311' title='bbox 2395 2259 2592 2330; x_wconf 80' lang='lat' dir='ltr'><strong>supra</strong></span> <span class='ocrx_word' id='word_1_312' title='bbox 2624 2250 2694 2312; x_wconf 82' lang='lat' dir='ltr'><strong>in</strong></span> <span class='ocrx_word' id='word_1_313' title='bbox 2737 2250 2844 2314; x_wconf 76' lang='lat' dir='ltr'><strong>die</strong></span> 
     </span>
     <span class='ocr_line' id='line_1_71' title="bbox 1648 2332 2840 2418; baseline 0.007 -24"><span class='ocrx_word' id='word_1_314' title='bbox 1648 2332 2043 2397; x_wconf 64' lang='lat' dir='ltr'><strong>ascensiomls.</strong></span> <span class='ocrx_word' id='word_1_315' title='bbox 2174 2334 2298 2398; x_wconf 83' lang='lat' dir='ltr'><strong>Ad</strong></span> <span class='ocrx_word' id='word_1_316' title='bbox 2362 2347 2653 2418; x_wconf 84' lang='lat' dir='ltr'><strong>vesperas</strong></span> <span class='ocrx_word' id='word_1_317' title='bbox 2733 2347 2840 2403; x_wconf 69' lang='lat' dir='ltr'><strong>aii.</strong></span> 
     </span>
     <span class='ocr_line' id='line_1_72' title="bbox 1646 2421 2844 2509; baseline 0.004 -24"><span class='ocrx_word' id='word_1_318' title='bbox 1646 2421 1792 2485; x_wconf 83' lang='lat' dir='ltr'><strong>Viri</strong></span> <span class='ocrx_word' id='word_1_319' title='bbox 1864 2421 2121 2503; x_wconf 90' lang='lat' dir='ltr'><strong>galilei:</strong></span> <span class='ocrx_word' id='word_1_320' title='bbox 2163 2433 2231 2485; x_wconf 85' lang='lat' dir='ltr'><strong>et</strong></span> <span class='ocrx_word' id='word_1_321' title='bbox 2297 2432 2489 2487; x_wconf 82' lang='lat' dir='ltr'><strong>cetere</strong></span> <span class='ocrx_word' id='word_1_322' title='bbox 2554 2425 2844 2509; x_wconf 74' lang='lat' dir='ltr'><strong>antipho-</strong></span> 
     </span>
     <span class='ocr_line' id='line_1_73' title="bbox 1650 2512 2844 2594; baseline 0.005 -21"><span class='ocrx_word' id='word_1_323' title='bbox 1650 2530 1731 2573; x_wconf 78' lang='lat' dir='ltr'><strong>ne</strong></span> <span class='ocrx_word' id='word_1_324' title='bbox 1767 2520 2088 2592; x_wconf 80' lang='lat' dir='ltr'><strong>sequentes</strong></span> <span class='ocrx_word' id='word_1_325' title='bbox 2119 2532 2264 2575; x_wconf 83' lang='lat' dir='ltr'><strong>cum</strong></span> <span class='ocrx_word' id='word_1_326' title='bbox 2302 2512 2589 2594; x_wconf 79' lang='lat' dir='ltr'><strong>psalmis</strong></span> <span class='ocrx_word' id='word_1_327' title='bbox 2635 2515 2844 2578; x_wconf 80' lang='lat' dir='ltr'><strong>domi·-</strong></span> 
     </span>
     <span class='ocr_line' id='line_1_74' title="bbox 1651 2598 2838 2685; baseline 0.006 -25"><span class='ocrx_word' id='word_1_328' title='bbox 1651 2598 1979 2663; x_wconf 84' lang='lat' dir='ltr'><strong>m&#39;calibus.</strong></span> <span class='ocrx_word' id='word_1_329' title='bbox 2017 2599 2164 2682; x_wconf 84' lang='lat' dir='ltr'><strong>Cap.</strong></span> <span class='ocrx_word' id='word_1_330' title='bbox 2200 2601 2586 2685; x_wconf 87' lang='lat' dir='ltr'><strong>Unicuique.</strong></span> <span class='ocrx_word' id='word_1_331' title='bbox 2633 2613 2838 2668; x_wconf 82' lang='lat' dir='ltr'><strong>cetera</strong></span> 
     </span>
     <span class='ocr_line' id='line_1_75' title="bbox 1650 2687 2843 2778; baseline 0.006 -29"><span class='ocrx_word' id='word_1_332' title='bbox 1650 2687 1818 2750; x_wconf 82' lang='lat' dir='ltr'><strong>sicut</strong></span> <span class='ocrx_word' id='word_1_333' title='bbox 1837 2689 1909 2750; x_wconf 81' lang='lat' dir='ltr'><strong>in</strong></span> <span class='ocrx_word' id='word_1_334' title='bbox 1925 2687 2072 2751; x_wconf 88' lang='lat' dir='ltr'><strong>die:</strong></span> <span class='ocrx_word' id='word_1_335' title='bbox 2085 2699 2307 2770; x_wconf 76' lang='lat' dir='ltr'><strong>preter</strong></span> <span class='ocrx_word' id='word_1_336' title='bbox 2330 2691 2843 2778; x_wconf 75' lang='lat' dir='ltr'><strong>Responsortum.</strong></span> 
     </span>
     <span class='ocr_line' id='line_1_76' title="bbox 1657 2775 2846 2858; baseline 0.006 -21"><span class='ocrx_word' id='word_1_337' title='bbox 1657 2780 1721 2854; x_wconf 72' lang='lat'><strong>(1</strong></span> <span class='ocrx_word' id='word_1_338' title='bbox 1765 2775 1964 2838; x_wconf 78' lang='lat' dir='ltr'><strong>Fma</strong></span> <span class='ocrx_word' id='word_1_339' title='bbox 1993 2777 2079 2857; x_wconf 88' lang='lat' dir='ltr'><strong>vj.</strong></span> <span class='ocrx_word' id='word_1_340' title='bbox 2095 2786 2247 2858; x_wconf 80' lang='lat' dir='ltr'><strong>post</strong></span> <span class='ocrx_word' id='word_1_341' title='bbox 2299 2788 2590 2842; x_wconf 87' lang='lat' dir='ltr'><strong>octavam</strong></span> <span class='ocrx_word' id='word_1_342' title='bbox 2632 2801 2846 2844; x_wconf 82' lang='lat' dir='ltr'><strong>ascen-</strong></span> 
     </span>
     <span class='ocr_line' id='line_1_77' title="bbox 1650 2862 2844 2951; baseline 0.006 -26"><span class='ocrx_word' id='word_1_343' title='bbox 1650 2862 1872 2928; x_wconf 85' lang='lat' dir='ltr'><strong>sionis.</strong></span> <span class='ocrx_word' id='word_1_344' title='bbox 2007 2863 2096 2928; x_wconf 72' lang='lat' dir='ltr'><strong>Si</strong></span> <span class='ocrx_word' id='word_1_345' title='bbox 2167 2868 2496 2930; x_wconf 71' lang='lat' dir='ltr'><strong>vacaverat</strong></span> <span class='ocrx_word' id='word_1_346' title='bbox 2562 2889 2606 2930; x_wconf 94' lang='lat' dir='ltr'><strong>a</strong></span> <span class='ocrx_word' id='word_1_347' title='bbox 2663 2870 2844 2951; x_wconf 80' lang='lat' dir='ltr'><strong>festo</strong></span> 
     </span>
     <span class='ocr_line' id='line_1_78' title="bbox 1651 2951 2848 3034; baseline 0.007 -21"><span class='ocrx_word' id='word_1_348' title='bbox 1651 2951 1896 3032; x_wconf 82' lang='lat' dir='ltr'><strong>duplzci</strong></span> <span class='ocrx_word' id='word_1_349' title='bbox 1942 2953 2050 3015; x_wconf 85' lang='lat' dir='ltr'><strong>vel</strong></span> <span class='ocrx_word' id='word_1_350' title='bbox 2093 2954 2286 3034; x_wconf 77' lang='lat' dir='ltr'><strong>quasi</strong></span> <span class='ocrx_word' id='word_1_351' title='bbox 2357 2955 2442 3018; x_wconf 79' lang='lat' dir='ltr'><strong>ix.</strong></span> <span class='ocrx_word' id='word_1_352' title='bbox 2511 2956 2848 3021; x_wconf 78' lang='lat' dir='ltr'><strong>lectionum</strong></span> 
     </span>
     <span class='ocr_line' id='line_1_79' title="bbox 1654 3043 2845 3126; baseline 0.006 -25"><span class='ocrx_word' id='word_1_353' title='bbox 1654 3049 1806 3102; x_wconf 84' lang='lat' dir='ltr'><strong>tunc</strong></span> <span class='ocrx_word' id='word_1_354' title='bbox 1844 3050 2136 3104; x_wconf 81' lang='lat' dir='ltr'><strong>cantetur</strong></span> <span class='ocrx_word' id='word_1_355' title='bbox 2175 3043 2254 3104; x_wconf 79' lang='lat' dir='ltr'><strong>de</strong></span> <span class='ocrx_word' id='word_1_356' title='bbox 2293 3043 2557 3106; x_wconf 83' lang='lat' dir='ltr'><strong>domina</strong></span> <span class='ocrx_word' id='word_1_357' title='bbox 2587 3055 2665 3107; x_wconf 86' lang='lat' dir='ltr'><strong>ut</strong></span> <span class='ocrx_word' id='word_1_358' title='bbox 2691 3056 2845 3126; x_wconf 81' lang='lat' dir='ltr'><strong>pre-</strong></span> 
     </span>
     <span class='ocr_line' id='line_1_80' title="bbox 1652 3127 2850 3214; baseline 0.006 -25"><span class='ocrx_word' id='word_1_359' title='bbox 1652 3127 1937 3191; x_wconf 80' lang='lat' dir='ltr'><strong>dicitur:</strong></span> <span class='ocrx_word' id='word_1_360' title='bbox 1979 3139 2042 3192; x_wconf 81' lang='lat' dir='ltr'><strong>et</strong></span> <span class='ocrx_word' id='word_1_361' title='bbox 2062 3129 2088 3166; x_wconf 82' lang='lat'>⁸</span> <span class='ocrx_word' id='word_1_362' title='bbox 2103 3128 2240 3212; x_wconf 84' lang='lat' dir='ltr'><strong>fiat</strong></span> <span class='ocrx_word' id='word_1_363' title='bbox 2255 3132 2561 3194; x_wconf 80' lang='lat' dir='ltr'><strong>memoria</strong></span> <span class='ocrx_word' id='word_1_364' title='bbox 2581 3133 2660 3194; x_wconf 82' lang='lat' dir='ltr'><strong>de</strong></span> <span class='ocrx_word' id='word_1_365' title='bbox 2671 3133 2850 3214; x_wconf 81' lang='lat' dir='ltr'><strong>festo</strong></span> 
     </span>
     <span class='ocr_line' id='line_1_81' title="bbox 1654 3215 2854 3301; baseline 0.007 -24"><span class='ocrx_word' id='word_1_366' title='bbox 1654 3215 1749 3297; x_wconf 73' lang='lat' dir='ltr'><strong>iij.</strong></span> <span class='ocrx_word' id='word_1_367' title='bbox 1809 3216 2143 3280; x_wconf 80' lang='lat' dir='ltr'><strong>lectionum</strong></span> <span class='ocrx_word' id='word_1_368' title='bbox 2197 3218 2263 3281; x_wconf 83' lang='lat' dir='ltr'><strong>si</strong></span> <span class='ocrx_word' id='word_1_369' title='bbox 2329 3220 2666 3301; x_wconf 62' lang='lat' dir='ltr'><strong>contigerit</strong></span> <span class='ocrx_word' id='word_1_370' title='bbox 2681 3243 2706 3283; x_wconf 92' lang='lat'><strong>.·</strong></span> <span class='ocrx_word' id='word_1_371' title='bbox 2789 3232 2854 3285; x_wconf 84' lang='lat' dir='ltr'><strong>et</strong></span> 
     </span>
     <span class='ocr_line' id='line_1_82' title="bbox 1654 3303 2851 3372; baseline 0.004 -6"><span class='ocrx_word' id='word_1_372' title='bbox 1654 3305 1962 3368; x_wconf 82' lang='lat' dir='ltr'><strong>memoria</strong></span> <span class='ocrx_word' id='word_1_373' title='bbox 1988 3303 2069 3367; x_wconf 85' lang='lat' dir='ltr'><strong>de</strong></span> <span class='ocrx_word' id='word_1_374' title='bbox 2105 3307 2462 3370; x_wconf 75' lang='lat' dir='ltr'><strong>ascensione</strong></span> <span class='ocrx_word' id='word_1_375' title='bbox 2505 3329 2646 3370; x_wconf 81' lang='lat' dir='ltr'><strong>cum</strong></span> <span class='ocrx_word' id='word_1_376' title='bbox 2674 3309 2851 3372; x_wconf 82' lang='lat' dir='ltr'><strong>anti-</strong></span> 
     </span>
     <span class='ocr_line' id='line_1_83' title="bbox 1646 3391 2851 3474; baseline 0.004 -19"><span class='ocrx_word' id='word_1_377' title='bbox 1646 3391 1879 3474; x_wconf 66' lang='lat' dir='ltr'><strong>paona.</strong></span> <span class='ocrx_word' id='word_1_378' title='bbox 1929 3392 2100 3457; x_wconf 88' lang='lat' dir='ltr'><strong>Cum</strong></span> <span class='ocrx_word' id='word_1_379' title='bbox 2147 3397 2416 3459; x_wconf 90' lang='lat' dir='ltr'><strong>venerit.</strong></span> <span class='ocrx_word' id='word_1_380' title='bbox 2459 3405 2525 3457; x_wconf 85' lang='lat' dir='ltr'><strong>et</strong></span> <span class='ocrx_word' id='word_1_381' title='bbox 2563 3397 2851 3460; x_wconf 80' lang='lat' dir='ltr'><strong>oratione</strong></span> 
     </span>
     <span class='ocr_line' id='line_1_84' title="bbox 1658 3479 2847 3550; baseline 0.003 -6"><span class='ocrx_word' id='word_1_382' title='bbox 1658 3479 2035 3544; x_wconf 76' lang='lat' dir='ltr'><strong>dominicali</strong></span> <span class='ocrx_word' id='word_1_383' title='bbox 2045 3479 2144 3544; x_wconf 88' lang='lat' dir='ltr'><strong>ad</strong></span> <span class='ocrx_word' id='word_1_384' title='bbox 2153 3491 2352 3545; x_wconf 82' lang='lat' dir='ltr'><strong>matu.</strong></span> <span class='ocrx_word' id='word_1_385' title='bbox 2381 3483 2549 3546; x_wconf 83' lang='lat' dir='ltr'><strong>etad</strong></span> <span class='ocrx_word' id='word_1_386' title='bbox 2559 3484 2847 3550; x_wconf 79' lang='lat' dir='ltr'><strong>missam.</strong></span> 
     </span>
     <span class='ocr_line' id='line_1_85' title="bbox 1658 3569 2852 3652; baseline 0.003 -20"><span class='ocrx_word' id='word_1_387' title='bbox 1658 3569 1762 3632; x_wconf 86' lang='lat' dir='ltr'><strong>Et</strong></span> <span class='ocrx_word' id='word_1_388' title='bbox 1815 3569 2069 3650; x_wconf 83' lang='lat' dir='ltr'><strong>quando</strong></span> <span class='ocrx_word' id='word_1_389' title='bbox 2123 3569 2369 3632; x_wconf 61' lang='lat' dir='ltr'><strong>dtkitur</strong></span> <span class='ocrx_word' id='word_1_390' title='bbox 2422 3570 2556 3652; x_wconf 79' lang='lat' dir='ltr'><strong>ipso</strong></span> <span class='ocrx_word' id='word_1_391' title='bbox 2603 3571 2710 3634; x_wconf 78' lang='lat' dir='ltr'><strong>die</strong></span> <span class='ocrx_word' id='word_1_392' title='bbox 2773 3573 2852 3636; x_wconf 77' lang='lat' dir='ltr'><strong>de</strong></span> 
     </span>
     <span class='ocr_line' id='line_1_86' title="bbox 1644 3655 2856 3738; baseline 0.004 -20"><span class='ocrx_word' id='word_1_393' title='bbox 1644 3657 1822 3738; x_wconf 67' lang='lat' dir='ltr'><strong>facto</strong></span> <span class='ocrx_word' id='word_1_394' title='bbox 1841 3656 2033 3738; x_wconf 81' lang='lat' dir='ltr'><strong>quasi</strong></span> <span class='ocrx_word' id='word_1_395' title='bbox 2059 3655 2142 3720; x_wconf 75' lang='lat' dir='ltr'><strong>ix.</strong></span> <span class='ocrx_word' id='word_1_396' title='bbox 2189 3658 2519 3722; x_wconf 80' lang='lat' dir='ltr'><strong>lectionum</strong></span> <span class='ocrx_word' id='word_1_397' title='bbox 2547 3659 2856 3724; x_wconf 54' lang='lat' dir='ltr'><strong>dabuntur</strong></span> 
     </span>
     <span class='ocr_line' id='line_1_87' title="bbox 1660 3744 2858 3830; baseline 0.003 -22"><span class='ocrx_word' id='word_1_398' title='bbox 1660 3745 1880 3808; x_wconf 81' lang='lat' dir='ltr'><strong>omnia</strong></span> <span class='ocrx_word' id='word_1_399' title='bbox 1921 3744 2303 3809; x_wconf 75' lang='lat' dir='ltr'><strong>alleluiatice</strong></span> <span class='ocrx_word' id='word_1_400' title='bbox 2347 3756 2424 3808; x_wconf 78' lang='lat' dir='ltr'><strong>ut</strong></span> <span class='ocrx_word' id='word_1_401' title='bbox 2467 3746 2534 3810; x_wconf 82' lang='lat' dir='ltr'><strong>in</strong></span> <span class='ocrx_word' id='word_1_402' title='bbox 2589 3757 2858 3830; x_wconf 82' lang='lat' dir='ltr'><strong>tempore</strong></span> 
     </span>
     <span class='ocr_line' id='line_1_88' title="bbox 1649 3831 2852 3916; baseline 0.007 -23"><span class='ocrx_word' id='word_1_403' title='bbox 1649 3832 1958 3913; x_wconf 79' lang='lat' dir='ltr'><strong>paschali.</strong></span> <span class='ocrx_word' id='word_1_404' title='bbox 2023 3831 2184 3898; x_wconf 88' lang='lat' dir='ltr'><strong>Cum</strong></span> <span class='ocrx_word' id='word_1_405' title='bbox 2216 3855 2364 3896; x_wconf 83' lang='lat' dir='ltr'><strong>vero</strong></span> <span class='ocrx_word' id='word_1_406' title='bbox 2384 3856 2429 3897; x_wconf 88' lang='lat' dir='ltr'><strong>a</strong></span> <span class='ocrx_word' id='word_1_407' title='bbox 2456 3837 2632 3916; x_wconf 81' lang='lat' dir='ltr'><strong>sesto</strong></span> <span class='ocrx_word' id='word_1_408' title='bbox 2661 3858 2852 3900; x_wconf 87' lang='lat' dir='ltr'><strong>vaca-</strong></span> 
     </span>
     <span class='ocr_line' id='line_1_89' title="bbox 1663 3921 2854 4008; baseline 0.007 -26"><span class='ocrx_word' id='word_1_409' title='bbox 1663 3921 1876 3983; x_wconf 73' lang='lat' dir='ltr'><strong>verit:</strong></span> <span class='ocrx_word' id='word_1_410' title='bbox 1917 3921 2015 3983; x_wconf 89' lang='lat' dir='ltr'><strong>ad</strong></span> <span class='ocrx_word' id='word_1_411' title='bbox 2028 3932 2316 4003; x_wconf 80' lang='lat' dir='ltr'><strong>vesperas</strong></span> <span class='ocrx_word' id='word_1_412' title='bbox 2335 3943 2440 3987; x_wconf 88' lang='lat' dir='ltr'><strong>an.</strong></span> <span class='ocrx_word' id='word_1_413' title='bbox 2530 3924 2670 3987; x_wconf 91' lang='lat' dir='ltr'><strong>Viri</strong></span> <span class='ocrx_word' id='word_1_414' title='bbox 2690 3927 2854 4008; x_wconf 88' lang='lat' dir='ltr'><strong>gali-</strong></span> 
     </span>
    </p>

    <p class='ocr_par' dir='ltr' id='par_1_16' title="bbox 1660 4007 2856 4358">
     <span class='ocr_line' id='line_1_90' title="bbox 1665 4007 2856 4093; baseline 0.007 -23"><span class='ocrx_word' id='word_1_415' title='bbox 1665 4007 1768 4072; x_wconf 92' lang='lat' dir='ltr'><strong>lei.</strong></span> <span class='ocrx_word' id='word_1_416' title='bbox 1817 4018 1916 4090; x_wconf 83' lang='lat' dir='ltr'><strong>p5.</strong></span> <span class='ocrx_word' id='word_1_417' title='bbox 1985 4009 2382 4076; x_wconf 90' lang='lat' dir='ltr'><strong>Confitebor.</strong></span> <span class='ocrx_word' id='word_1_418' title='bbox 2415 4021 2516 4093; x_wconf 84' lang='lat' dir='ltr'><strong>p5.</strong></span> <span class='ocrx_word' id='word_1_419' title='bbox 2567 4013 2856 4078; x_wconf 89' lang='lat' dir='ltr'><strong>Domine</strong></span> 
     </span>
     <span class='ocr_line' id='line_1_91' title="bbox 1664 4097 2861 4186; baseline 0.006 -26"><span class='ocrx_word' id='word_1_420' title='bbox 1664 4097 1955 4180; x_wconf 91' lang='lat' dir='ltr'><strong>probasti</strong></span> <span class='ocrx_word' id='word_1_421' title='bbox 2003 4118 2124 4161; x_wconf 88' lang='lat' dir='ltr'><strong>me.</strong></span> <span class='ocrx_word' id='word_1_422' title='bbox 2169 4107 2234 4160; x_wconf 80' lang='lat' dir='ltr'><strong>et</strong></span> <span class='ocrx_word' id='word_1_423' title='bbox 2273 4100 2719 4181; x_wconf 80' lang='lat' dir='ltr'><strong>ceteripsalmi</strong></span> <span class='ocrx_word' id='word_1_424' title='bbox 2743 4103 2861 4186; x_wconf 80' lang='lat' dir='ltr'><strong>qui</strong></span> 
     </span>
     <span class='ocr_line' id='line_1_92' title="bbox 1660 4184 2858 4271; baseline 0.006 -23"><span class='ocrx_word' id='word_1_425' title='bbox 1660 4184 1757 4248; x_wconf 87' lang='lat' dir='ltr'><strong>ad</strong></span> <span class='ocrx_word' id='word_1_426' title='bbox 1821 4186 1990 4250; x_wconf 81' lang='lat' dir='ltr'><strong>diem</strong></span> <span class='ocrx_word' id='word_1_427' title='bbox 2053 4188 2388 4268; x_wconf 81' lang='lat' dir='ltr'><strong>pertinent.</strong></span> <span class='ocrx_word' id='word_1_428' title='bbox 2473 4189 2858 4271; x_wconf 80' lang='lat' dir='ltr'><strong>Capitulum.</strong></span> 
     </span>
     <span class='ocr_line' id='line_1_93' title="bbox 1663 4273 2860 4358; baseline 0.007 -22"><span class='ocrx_word' id='word_1_429' title='bbox 1663 4273 1900 4338; x_wconf 88' lang='lat' dir='ltr'><strong>Estote</strong></span> <span class='ocrx_word' id='word_1_430' title='bbox 2017 4275 2389 4357; x_wconf 83' lang='lat' dir='ltr'><strong>prudentes,</strong></span> <span class='ocrx_word' id='word_1_431' title='bbox 2507 4279 2860 4358; x_wconf 82' lang='lat' dir='ltr'><strong>Hymnus.-</strong></span> 
     </span>
    </p>
   </div>
   <div class='ocr_carea' id='block_1_14' title="bbox 2265 4451 2688 4506">
    <p class='ocr_par' dir='ltr' id='par_1_17' title="bbox 2265 4451 2688 4506">
     <span class='ocr_line' id='line_1_94' title="bbox 2265 4451 2688 4506; baseline 0.009 -4"><span class='ocrx_word' id='word_1_432' title='bbox 2265 4453 2286 4481; x_wconf 80' lang='lat'>⁸</span> <span class='ocrx_word' id='word_1_433' title='bbox 2325 4451 2582 4502; x_wconf 80' lang='lat' dir='ltr'><strong>‘et’om.:</strong></span> <span class='ocrx_word' id='word_1_434' title='bbox 2615 4453 2688 4506; x_wconf 78' lang='lat' dir='ltr'><strong>IV.</strong></span> 
     </span>
    </p>
   </div>
  </div>
 </body>
</html>
