3375 5100
937 394 1196 451 FERJA
1254 392 1576 467 QUINTA
1629 392 1754 448 AD
1813 394 2254 453 VESPERAS.

879 504 1031 559 907

335 609 689 691 juventute
720 628 909 674 mea:
955 611 1205 675 etenim
1259 628 1393 673 non
1426 628 1545 693 po·

342 708 610 762 tuerunt
632 699 810 762 mihi.
862 698 1085 782 Supra
1118 699 1387 763 dorsum
1411 718 1548 760 me-

342 806 455 850 um
488 788 972 851 fabricaverunt
1002 796 1379 869 peccatores
1399 807 1549 870 pro-

350 874 791 957 longaverunt
853 877 1275 959 iniquitatem
1337 896 1544 939 suam.

339 964 679 1027 Dominus
698 965 915 1045 justus
937 966 1241 1029 concidet
1262 965 1547 1028 cervices

341 1063 811 1135 peccatorum:
910 1054 1405 1116 confundantur
1480 1062 1548 1115 et

341 1152 813 1205 convertantur
878 1152 1235 1205 retrorsum
1312 1160 1546 1204 omnes

338 1231 452 1310 qui
484 1229 766 1293 oderunt
798 1252 981 1312 syon.
1058 1230 1263 1294 Fiant
1310 1228 1544 1294 sicuti¹

336 1317 565 1381 senum
627 1329 999 1383 tectorum:
1077 1319 1257 1401 quod
1336 1320 1547 1401 prius-

336 1426 539 1487 quam
573 1407 892 1470 evellatur
921 1409 1200 1471 exaruit.
1268 1407 1379 1470 De
1411 1428 1545 1489 quo

334 1514 469 1557 non
502 1494 803 1578 implevit
858 1515 1131 1559 manum
1191 1516 1381 1559 suam
1430 1497 1543 1578 qui

336 1592 545 1647 metet
574 1606 587 1647 :
619 1594 687 1647 et
711 1585 927 1647 sinum
960 1605 1153 1648 suum
1186 1586 1297 1667 qui
1332 1584 1542 1647 mani-

338 1670 535 1753 pulos
554 1671 843 1755 colliget.
931 1674 1033 1737 Et
1058 1693 1190 1737 non
1225 1674 1540 1737 dixerunt

336 1761 450 1841 qui
483 1762 888 1843 preteribant
920 1763 1296 1826 benedictio
1326 1763 1539 1825 domi-

337 1850 407 1912 ni
440 1870 637 1932 super
674 1871 833 1915 vos:
881 1851 1391 1915 benediximus²
1420 1872 1539 1913 vo-

338 1937 541 2001 bisin
574 1940 843 2003 nomine
885 1940 1186 2004 domini.⁸
1230 1943 1362 2004 Ar‘i.
1413 1940 1535 2003 Be-

338 2027 721 2090 nediximus
770 2029 960 2092 vobis
994 2030 1058 2092 in
1094 2031 1364 2093 nomine
1416 2028 1537 2091 do-

334 2116 513 2180 mini.
576 2116 711 2181 Ανῖ.
776 2117 883 2180 De
914 2118 1299 2199 profundis⁴
1413 2117 1539 2199 pf?

329 2206 527 2334 De
580 2204 921 2288 profundis
983 2205 1261 2269 clamavi
1318 2206 1405 2269 ad
1466 2214 1536 2269 te

487 2294 795 2359 domine:
842 2295 1112 2358 domine
1142 2296 1389 2358 exaudi
1420 2314 1535 2357 vo-

332 2400 477 2444 cem
512 2400 746 2447 meam.
836 2383 1040 2446 Fiant
1071 2404 1263 2447 aures
1292 2392 1405 2447 tue
1437 2384 1535 2446 in-

331 2469 723 2534 tendentes:
800 2471 867 2533 in
930 2492 1160 2536 vocem
1222 2473 1535 2554 depreca-

332 2559 535 2622 tionis
568 2579 734 2623 mee.
785 2560 864 2624 Si
897 2561 1283 2644 iniquitates
1311 2562 1535 2625 obser-

329 2649 586 2711 vaveris
660 2649 974 2715 domine:
1049 2650 1321 2713 domine
1386 2651 1534 2732 quis

334 2736 704 2801 sustinebit.
800 2737 971 2816 Quia
1002 2739 1179 2821 apud
1214 2747 1282 2802 te
1308 2739 1533 2820 propi-

332 2824 532 2888 ciatio
580 2835 711 2889 est:
759 2836 827 2889 et
878 2837 1149 2909 propter
1178 2826 1393 2908 legem
1427 2837 1531 2890 tu-

330 2932 441 2974 am
474 2914 755 2977 sustinui
776 2924 841 2977 te
860 2915 1145 2978 domine.
1197 2915 1531 2979 Sustinuit

330 3000 555 3064 anima
604 3022 753 3066 mea
794 3005 859 3066 in
909 3004 1114 3067 verbo
1156 3005 1337 3085 ejus:
1383 3024 1532 3086 spe-

327 3090 497 3152 ravit
528 3092 753 3154 anima
783 3111 933 3154 mea
978 3093 1045 3154 in
1078 3092 1369 3156 dominc.
1457 3093 1522 3156 A

328 3179 631 3241 custodia
656 3181 985 3243 matutina
1016 3199 1226 3262 usque
1255 3181 1343 3243 ad
1375 3201 1530 3244 noc-

326 3274 507 3330 tem:
582 3277 801 3349 speret
863 3267 1057 3331 israel
1110 3269 1175 3332 in
1242 3270 1527 3334 domin0.

333 3352 506 3432 Quia
535 3355 713 3436 apud
774 3357 1117 3420 dominum
1168 3358 1529 3421 misericor-

326 3443 479 3506 dia:
528 3453 595 3506 et
644 3445 915 3526 copiosa
974 3445 1154 3527 apud
1216 3465 1369 3508 eum
1432 3465 1531 3508 re-

328 3530 647 3613 demptio.
698 3533 795 3596 Et
816 3533 957 3616 ipse
982 3535 1261 3598 redimet
1296 3533 1528 3598 israel:

326 3639 417 3682 ex
472 3620 784 3684 omnibus
827 3623 1287 3703 iniquitatibus
1340 3623 1532 3706 ejuS.⁶

324 3708 462 3770 Ar‘t’.
557 3708 662 3772 De
722 3709 1064 3792 profundis
1123 3712 1406 3775 clamavi
1439 3711 1525 3775 ad

324 3805 393 3860 te
412 3795 699 3861 domine.
764 3798 827 3861 A
838 3807 897 3862 ii.
926 3799 1207 3881 Speret.⁷
1396 3801 1527 3881 pf!

322 3887 707 4017 Domine
772 3907 905 3950 non
967 3897 1069 3951 est
1143 3887 1521 3952 exaltatum

480 3993 596 4038 cor
617 3995 841 4039 meum
868 3997 882 4040 ε
930 3996 1146 4059 neque
1178 3977 1333 4041 elati
1365 3987 1521 4042 sunt

422 4109 437 4140 ¹
473 4110 633 4161 sicut:
668 4111 956 4164 E.G.W.S.

420 4177 441 4208 ²
472 4179 847 4229 benedicimus:
881 4181 947 4229 G.

419 4245 440 4274 ⁸
479 4249 493 4272 ⁶
514 4245 689 4294 Gloria
712 4246 841 4309 patri
863 4245 876 4269 ’
900 4245 999 4296 add
1026 4265 1038 4295 ε
1072 4245 1139 4296 G.

420 4311 441 4342 ⁴
480 4313 615 4360 ‘Am
656 4311 737 4361 De
760 4311 1047 4376 profundis’
1081 4328 1179 4362 om.
1215 4329 1227 4361 :
1262 4311 1395 4364 ΕΒ.

418 4378 714 4492 :3-3133‘
747 4379 1179 4495 εεεεεε
1200 4379 1253 4428 ⁵·

422 4510 442 4538 '
481 4511 615 4558 ·Αῆ.
658 4459 863 4574 Βρῐξζεϋ
887 4527 987 4561 om.
1011 4481 1034 4560 ε.
1060 4511 1195 4561 E.G.

420 4577 441 4672 ζ
464 4581 544 4669 ξι.
566 4577 1085 4692 t1‚3;>d·dE.g.chxx.
1111 4591 1129 4626 :
1161 4577 1215 4628 S.

402 4711 439 4739 ¹⁰
470 4657 639 4758 agisma
661 4681 777 4758 mea
799 4725 809 4759 ε
846 4680 1063 4760 G.W.S.

2135 504 2296 558 908

1646 606 1820 673 oculi
1880 610 2027 674 mei.
2117 608 2364 693 Neque
2412 610 2744 676 ambulavi
2777 612 2844 677 in

1648 698 1948 781 magnis:
2025 718 2241 781 neque
2304 699 2370 762 in
2435 700 2844 764 mirabilibus

1646 806 1846 868 super
1906 807 2029 851 me.
2177 786 2256 850 Si
2317 808 2451 850 non
2511 788 2847 853 humiliter

1646 875 2013 939 sentiebam
2041 896 2057 940 :
2087 876 2204 939 sed
2227 875 2517 939 exaltavi
2551 881 2842 941 animam

1648 984 1885 1027 meam.
1981 965 2177 1028 Sicut
2205 963 2576 1028 ablactatus
2599 964 2624 1003 ⁹
2647 988 2845 1049 super

1648 1061 1863 1115 matre
1894 1073 2052 1117 sua:
2086 1054 2180 1116 ita
2210 1054 2553 1117 retributio
2585 1055 2650 1116 in
2699 1056 2837 1118 ani-

1648 1160 1828 1203 mam
1877 1158 2114 1204 meam.
2123 1140 2172 1179 ¹⁰
2264 1142 2507 1222 Speret
2538 1143 2725 1206 israel
2773 1145 2842 1207 in

1646 1229 1959 1294 domino:
2005 1250 2096 1292 ex
2127 1229 2255 1293 hoc
2304 1249 2478 1292 nune
2533 1240 2600 1293 et
2633 1252 2852 1329 usque

1647 1317 1715 1379 in
1747 1317 2090 1382 seculum.³
2163 1318 2299 1381 An.
2378 1320 2614 1401 Speret
2647 1310 2852 1384 israel

1643 1405 1712 1467 in
1786 1406 2079 1470 dominc.
2220 1405 2365 1488 Cap.
2504 1407 2838 1472 Dominus

1641 1503 1868 1557 autem
1891 1494 2103 1559 dixi.¹¹
2513 1496 2841 1575 Hymnus.

1653 1584 1874 1716 Celi
1921 1584 2088 1647 deus
2134 1583 2546 1647 sanctissime
2595 1586 2707 1667 qui
2742 1585 2841 1649 lu-

1789 1672 2012 1735 cidum
2043 1682 2344 1735 centrum
2379 1672 2516 1754 poli
2545 1674 2838 1737 candore

1637 1760 1902 1843 pinguis
1917 1760 1964 1799 ¹²
1982 1762 2180 1843 igneo
2203 1780 2456 1843 augens
2475 1762 2716 1826 decoro
2742 1763 2840 1825 lu-

1638 1848 1832 1912 mine.
1930 1848 2180 1928 Quarto
2241 1850 2350 1912 die
2396 1852 2508 1931 qui
2541 1848 2840 1914 flamme-

1636 1956 1746 1999 am
1780 1938 1935 2001 solis
1981 1947 2196 2001 rotam
2247 1940 2655 2001 constituens
2687 1938 2840 2003 lune

1636 2026 2019 2090 ministrans
2044 2028 2257 2089 ordini
2303 2046 2510 2108 vagos
2543 2046 2839 2092 recursus

1635 2114 1966 2195 syderum.
2067 2116 2161 2181 Ut
2183 2115 2488 2178 noctibus
2509 2116 2614 2178 vel
2647 2116 2839 2179 lumi-

1636 2204 1704 2265 ni
1736 2204 2123 2285 direptionis
2171 2204 2526 2267 terminum
2559 2206 2838 2286 primor-

1636 2291 1765 2355 diis
1797 2301 1863 2354 et
1882 2294 2211 2356 mensium
2239 2293 2564 2373 ¹³signum
2577 2293 2770 2355 dares
2793 2294 2837 2333 ¹⁴

1636 2380 2070 2443 notissimum.
2190 2381 2514 2443 Illumina
2562 2400 2676 2443 cor
2718 2380 2838 2444 ho-

1636 2469 1892 2531 minum
1925 2470 2231 2552 absterge
2263 2469 2490 2531 sordes
2509 2469 2836 2534 mentium

1634 2556 1889 2621 resolve
1950 2559 2144 2639 culpe
2218 2557 2552 2621 vinculum
2615 2569 2838 2622 everte

1634 2646 1844 2710 moles
1905 2647 2270 2710 criminum.
2359 2646 2600 2709 Presta
2646 2657 2839 2729 pater

1632 2735 1942 2816 piissime.
2018 2751 2066 2822 y
2145 2734 2484 2816 Dirigatur
2545 2734 2834 2800 domine.

1630 2823 1766 2887 Aii.
1883 2824 2266 2906 Respexisti
2385 2823 2833 2888 humilitatem

1632 2932 1852 2976 meam
1896 2913 2164 2976 domine
2225 2911 2390 2976 deus
2450 2932 2655 2976 meuS.
2729 2922 2834 2996 pi‘.

1634 2999 2039 3082 Magnificat.
2091 3000 2344 3082 Kyriel.
2401 3001 2570 3066 &am

1628 3088 1831 3152 Feria
1883 3110 1941 3153 v.
1987 3090 2086 3153 ad
2135 3100 2439 3172 vesperas.
2559 3089 2692 3153 Αῆ.
2741 3089 2836 3153 Et

1629 3178 1916 3241 omniS.¹⁶
2459 3177 2833 3260 psalmus.¹⁷

1843 3275 2113 3330 emento
2172 3266 2442 3329 domine
2475 3267 2714 3330 david:
2763 3275 2833 3330 et

1841 3355 2062 3418 omnis
2113 3356 2640 3418 mansuetudinis
2669 3355 2728 3435 ej
2739 3377 2830 3420 us·

1633 3442 1828 3506 Sicut
1880 3441 2128 3524 juravit
2207 3443 2523 3506 domino:
2600 3451 2830 3506 votum

1626 3532 1811 3594 vovit
1842 3532 1971 3593 deo
1997 3529 2212 3612 jacob.
2295 3531 2374 3594 Si
2408 3530 2761 3593 introivero
2785 3531 2832 3568 ¹⁸

1625 3619 1694 3682 in
1724 3619 2226 3683 tabernaculum
2271 3619 2512 3682 domus
2543 3637 2730 3680 mee:
2773 3619 2830 3682 si

1624 3709 1986 3774 ascendero
2017 3708 2083 3769 in
2145 3708 2390 3771 lectum
2435 3707 2624 3769 strati
2677 3707 2826 3772 mei.

1631 3799 1709 3862 Si
1743 3797 1993 3860 dedero
2035 3815 2342 3858 somnum
2374 3795 2582 3857 oculis
2614 3796 2778 3857 meis
2813 3816 2829 3860 :

1624 3895 1696 3949 et
1727 3883 2060 3969 palpebris
2082 3885 2244 3946 meis
2266 3882 2831 3949 dormitationem.

1622 3975 1724 4038 Et
1784 3973 2076 4056 requiem
2136 3973 2550 4054 temporibus
2623 3973 2829 4038 meis:

1715 4111 1748 4142 ¹¹
1792 4111 1873 4158 ‘A
1899 4109 2118 4159 Domine
2140 4125 2203 4158 ne
2225 4109 2277 4158 in
2300 4109 2373 4158 ira
2395 4125 2548 4176 usque
2575 4111 2650 4160 ad
2674 4111 2830 4178 quad-

1625 4178 1951 4308 ἀεῖῖἷὲἔῖε
1969 4175 2301 4292 “i-„dbffv‘s

1705 4312 1748 4408 ε
2047 4309 2179 4359 ·W·
2189 4309 2240 4360 S·

1711 4443 1751 4476 ¹⁵
1790 4447 1968 4506 ‘preces
1991 4441 2252 4505 utsupra’
2275 4441 2406 4492 add:
2439 4443 2579 4493 E.G.

1709 4511 1748 4542 ¹⁸
1911 4509 2032 4558 ,Et
2054 4507 2244 4558 omnis'
2277 4525 2378 4558 om.
2410 4509 2518 4559 .Ε.
2527 4509 2594 4560 G.

1707 4511 2038 4693 1·3.f..;{³.¹..;
2039 4575 2470 4693 Effe.u‘1‘{f⁹··
2503 4577 2558 4626 ὁ·
