3375 5100
1463 327 1718 383 FERJA
1772 328 2165 383 SECUNDA

1081 434 1234 491 769

561 541 927 625 peccatoris
947 560 1076 605 non
1097 550 1360 605 moveat
1375 560 1498 605 me.
1521 540 1640 603 Ibi
1661 560 1766 604 ce-

559 632 864 695 ciderunt
893 632 1005 713 qui
1049 640 1406 713 operantur
1455 630 1763 711 iniquita-

563 730 700 784 tem
731 742 746 785 :
785 718 1048 801 expulsi
1079 728 1236 781 sunt
1261 738 1380 781 nec
1405 726 1765 801 potuerunt

561 818 754 873 stare.
853 809 914 871 Α
928 816 988 871 ἦ.
1086 808 1427 889 Expugna
1503 807 1765 889 impug-

563 907 800 961 nantes
833 916 940 959 me
987 896 1296 959 domine.¹
1407 895 1767 958 Psalmns.²

559 984 832 1117 Noli
881 984 1157 1047 emulari
1219 986 1284 1046 in
1339 982 1767 1065 malignanti·

745 1074 868 1137 bus
943 1092 1160 1154 neque
1221 1071 1533 1135 zelaveris
1607 1070 1766 1134 saci-

559 1172 750 1225 entes
771 1162 1206 1243 iniquitatem.
1267 1159 1594 1237 Quoniam
1616 1168 1762 1221 tan-

559 1270 764 1332 quam
809 1249 1036 1313 fenum
1067 1248 1380 1311 velociter
1423 1257 1761 1312 arescent:

559 1348 631 1402 et
677 1337 1244 1421 quemadmodum
1299 1336 1478 1399 olera
1527 1334 1765 1399 herba-

561 1446 708 1489 rum
771 1428 905 1489 cito
965 1425 1293 1489 decident.
1402 1424 1618 1507 Spera
1696 1425 1761 1488 in

561 1516 837 1577 domino
867 1523 936 1577 et
967 1513 1068 1576 fac
1102 1513 1468 1576 bonitatem
1499 1534 1514 1577 :
1561 1522 1630 1575 et
1661 1514 1761 1575 in-

561 1602 794 1666 habita
823 1612 1066 1665 terram
1113 1610 1182 1665 et
1229 1602 1516 1683 pasceris
1563 1601 1628 1663 in
1661 1601 1762 1663 di-

559 1692 737 1755 vitiis
761 1690 920 1772 ejuS.
977 1688 1330 1753 Delectare
1363 1690 1428 1752 in
1453 1690 1759 1753 domino:

559 1789 628 1844 et
677 1779 915 1844 dabit³
963 1779 1082 1841 tibi
1138 1779 1490 1861 petitiones
1543 1779 1761 1841 cordis

557 1868 674 1933 tui.
733 1866 994 1931 Revela
1022 1868 1296 1931 domino
1327 1868 1502 1929 viam
1529 1875 1717 1929 tuam
1744 1886 1760 1929 :

555 1966 626 2021 et
657 1976 849 2040 spera
881 1957 948 2019 in
982 1976 1064 2019 eo
1095 1963 1162 2019 et
1195 1956 1336 2037 ipse
1369 1955 1582 2019 faciet.
1660 1955 1761 2017 Et

557 2046 799 2110 educet
859 2046 1048 2128 quasi
1128 2043 1351 2107 lumen
1423 2042 1758 2124 justiciam

559 2143 786 2199 tuam:
862 2143 931 2197 et
987 2132 1310 2214 judicium
1362 2140 1550 2193 tuum
1613 2142 1760 2194 tan-

557 2244 760 2306 quam
816 2222 1199 2287 meridiem:
1261 2220 1566 2283 subditus
1614 2228 1761 2283 esto

556 2312 831 2376 domino
861 2321 930 2374 et
961 2330 1076 2373 ora
1106 2328 1276 2372 eum.
1368 2308 1532 2372 Noli
1576 2327 1762 2371 emu-

557 2400 677 2463 lari
725 2402 790 2463 in
823 2420 905 2465 eo
937 2398 1049 2481 qui
1098 2404 1522 2481 prosperatur
1553 2397 1616 2459 in
1651 2396 1760 2459 via

555 2508 719 2554 sua:
768 2497 837 2553 et
889 2489 956 2552 in
1012 2486 1280 2550 homine
1329 2484 1612 2549 faciente
1660 2486 1759 2548 in-

548 2577 866 2660 justicias,
943 2577 1198 2640 Desine
1229 2575 1316 2638 ab
1349 2575 1446 2638 ira
1473 2583 1542 2638 et
1571 2576 1759 2638 dere-

555 2666 781 2748 linque
813 2665 1098 2728 furorem
1129 2685 1143 2729 :
1193 2663 1326 2726 noli
1373 2662 1648 2726 emulari
1681 2671 1757 2726 ut

556 2755 953 2836 maligneris,
1049 2753 1378 2831 Quoniam
1439 2751 1552 2832 qui
1615 2771 1757 2814 ma-

553 2844 894 2925 lignantur
924 2840 1582 2904 exterminabuntur:
1615 2861 1757 2904 sus-

553 2933 846 2994 tinentes
921 2939 1146 2993 autem
1208 2929 1554 2993 dominum
1629 2928 1753 3011 ipsi

552 3018 1025 3082 hereditabunt
1056 3027 1315 3080 terram.
1403 3017 1502 3080 Et
1535 3017 1755 3084 adhuc

553 3106 870 3189 pusillum
921 3115 991 3169 et
1041 3125 1174 3168 non
1227 3105 1350 3170 erit
1402 3115 1755 3188 peccator:

553 3205 621 3259 et
653 3215 888 3277 queres
935 3194 1152 3257 locum
1197 3193 1340 3275 ejus
1385 3202 1455 3257 et
1485 3211 1617 3256 non
1658 3193 1757 3256 in-

551 3285 792 3348 venies,
869 3282 1210 3346 Mansueti
1242 3291 1466 3346 autem
1499 3279 1756 3344 heredi-

552 3373 793 3436 tabunt
824 3381 1067 3435 terram
1093 3393 1108 3436 ε
1154 3379 1222 3433 et
1251 3367 1757 3434 delectabuntur

551 3464 618 3525 in
653 3461 1078 3525 multitudine
1109 3459 1308 3542 pacis.
1360 3457 1756 3524 Observabit

550 3559 862 3633 peccator
885 3550 1140 3631 justum
1170 3569 1184 3612 ε
1217 3557 1286 3611 et
1310 3547 1611 3610 stridebit
1644 3567 1751 3610 su-

549 3659 668 3721 per
692 3659 844 3702 eum
871 3637 1182 3700 dentibus
1213 3637 1363 3700 suis,
1415 3635 1751 3699 Dominus

550 3736 774 3789 autem
839 3724 1130 3788 irridebit
1177 3743 1372 3787 eum:
1431 3724 1749 3805 quoniam

550 3816 868 3896 prospicit
905 3812 1087 3895 quod
1132 3812 1354 3875 veniet
1399 3812 1540 3874 dies
1588 3811 1749 3892 ejus.

555 3903 870 3965 Gladium
939 3901 1454 3982 evaginaverunt
1517 3919 1747 3983 pecca-

552 3998 764 4052 tores:
813 3991 1236 4052 intenderunt
1268 4009 1490 4052 arcum
1537 4009 1747 4052 suum.

563 4075 655 4139 Ut
695 4076 1028 4158 decipiant
1077 4095 1434 4158 pauperem
1485 4086 1552 4140 et
1606 4077 1749 4140 ino-

551 4181 704 4242 pem
735 4185 748 4226 :
796 4174 870 4227 ut
900 4164 1232 4228 trucident
1271 4173 1484 4228 rectos
1529 4166 1743 4230 corde.

556 4248 830 4312 Gladius
877 4272 1102 4315 eorum
1167 4253 1366 4314 intret
1427 4253 1494 4316 in
1544 4253 1747 4319 corda

549 4336 880 4416 ipsorum:
945 4349 1012 4402 et
1065 4360 1253 4403 arcus
1305 4361 1530 4404 eorum
1591 4361 1747 4406 con-

647 4473 660 4502 ⁸
703 4472 906 4522 ‘Gloria
928 4474 1088 4538 patri'
1113 4475 1241 4523 mid:
1278 4476 1402 4526 G.S.
1538 4479 1558 4508 ²
1581 4485 1659 4544 pf.
1692 4479 1757 4542 36

645 4541 663 4567 ⁴
697 4537 910 4587 tribuet:
949 4541 1138 4588 &G.S.

1772 4493 1790 4526 .·
1826 4477 1890 4526 E.
1904 4477 1961 4524 G.
2023 4476 2198 4538 xxm-j.
2226 4489 2243 4522 .·
2264 4475 2318 4523 S.

1499 4544 1745 4608 dirigetur
1770 4562 1783 4592 ε
1822 4543 2013 4592 E.(;.S.

2394 436 2538 490 ‘770

1864 539 2204 623 fringatur.
2297 541 2549 605 Melius
2594 553 2697 607 est
2730 545 3077 610 modicum

1856 628 2080 709 justo:
2128 650 2325 713 super
2346 632 2611 695 divitias
2640 644 3081 714 peccatorum

1864 717 2126 781 multas.
2178 716 2505 797 Quoniam
2536 720 2809 785 brachia
2841 744 3083 805 pecca-

1862 815 2083 869 torum
2158 816 2581 871 conterentur
2615 830 2631 872 :
2718 810 3083 877 confirmat

1864 904 2089 957 autem
2146 894 2361 975 justos
2419 896 2743 961 dominus
2856 900 3083 965 Novit

1862 982 2174 1045 dominus
2228 985 2370 1047 dies
2430 985 3083 1053 immaculatorum:

1862 1078 1931 1133 et
1980 1071 2314 1135 hereditas
2362 1092 2589 1135 eorum
2642 1075 2709 1137 in
2760 1084 3081 1141 eternum

1862 1158 2003 1223 erit.
2085 1160 2247 1223 Non
2277 1160 2767 1225 confundentur
2798 1163 2865 1227 in
2902 1176 3085 1229 tem-

1862 1266 2023 1329 pore
2084 1247 2261 1311 malo
2320 1258 2387 1311 et
2450 1250 2515 1311 in
2570 1250 2809 1315 diebus
2874 1252 3085 1318 famis

1862 1337 2383 1401 saturabuntur:
2458 1338 2614 1419 quia
2680 1351 3085 1424 peccatores

1862 1424 2189 1505 peribunt.
2279 1425 2541 1489 Inimici
2596 1447 2757 1491 vero
2808 1430 3085 1495 domini

1862 1530 2027 1575 mox
2090 1522 2163 1576 ut
2216 1513 2629 1578 honorificati
2689 1516 2943 1581 fuerint
3008 1531 3085 1585 et

1861 1599 2145 1664 exaltati
2182 1622 2199 1665 :
2276 1602 2660 1667 deficientes
2740 1610 3082 1687 quemad-

1862 1688 2135 1752 modum
2201 1688 2419 1754 sumus
2478 1690 2811 1757 deficient.
2906 1697 3081 1761 Mu-

1857 1776 2157 1841 tuabitur
2202 1788 2508 1860 peccator
2542 1789 2610 1844 et
2642 1799 2777 1845 non
2810 1785 3081 1851 solvet:

1854 1863 2071 1945 justus
2110 1876 2335 1931 autem
2386 1869 2733 1932 miseretur
2779 1881 2849 1936 et
2882 1876 3083 1937 retri-

1858 1951 2062 2018 buet.⁴
2144 1954 2315 2033 Quia
2344 1956 2817 2021 benedicentes
2848 1962 2913 2023 ei
2954 1962 3080 2027 he-

1860 2040 2240 2106 reditabunt
2270 2052 2509 2107 terram
2536 2067 2551 2109 :
2584 2047 3081 2115 maledicentes

1858 2138 2085 2194 autem
2117 2133 2177 2195 ei
2207 2132 2639 2215 disperibunt,
2706 2136 2923 2219 Apud
2952 2140 3081 2204 do-

1860 2217 2115 2282 minum
2147 2240 2409 2303 gressus
2438 2220 2727 2287 hominis
2774 2225 3081 2309 dirigen-

1858 2306 2046 2371 tur⁶:
2092 2317 2161 2371 et
2190 2308 2365 2372 viam
2410 2310 2555 2390 ejus
2596 2311 2797 2375 volet.
2898 2316 3079 2381 Cum

1858 2394 2171 2461 ceciderit
2211 2396 2430 2479 justus
2480 2418 2611 2461 non
2667 2400 3079 2471 collidetur:

1858 2484 2015 2566 quia
2067 2485 2376 2549 dominus
2427 2490 2871 2572 superponit⁶
2928 2513 3080 2559 ma-

1858 2591 2019 2636 num
2069 2593 2279 2638 suam.
2360 2575 2610 2650 Junior
2660 2576 2755 2641 fui
2812 2585 3075 2648 etenim

1856 2661 2043 2724 senui
2092 2673 2163 2728 et
2210 2683 2343 2727 non
2390 2664 2525 2727 vidi
2566 2665 2828 2747 justum
2880 2670 3077 2735 dere-

1856 2749 2129 2815 lictum:
2176 2771 2295 2814 nec
2342 2773 2569 2816 semen
2600 2755 2746 2835 ejus
2776 2777 3077 2840 querens

1856 2856 2118 2919 panem.
2210 2839 2376 2904 Tota
2428 2840 2537 2905 die
2589 2843 2949 2910 miseretur
3002 2860 3079 2914 et

1854 2929 2283 2992 commodat:
2348 2939 2416 2993 et
2476 2949 2705 2994 semen
2763 2933 2947 3000 illius
3002 2939 3073 3002 in

1854 3014 2318 3080 benedictione
2340 3017 2477 3082 erit.
2510 3017 2861 3086 Declinaa
2888 3027 3079 3090 malo

1854 3112 1923 3166 et
1972 3101 2077 3168 fac
2138 3105 2433 3170 bonum:
2500 3116 2570 3170 et
2632 3107 2947 3177 inhabita
3001 3115 3073 3180 in

1854 3191 2149 3258 seculum
2197 3193 2417 3258 seculi.
2530 3193 2705 3273 Quia
2746 3199 3079 3266 dominus

1855 3289 2037 3343 amat
2082 3281 2403 3364 judicium
2468 3291 2535 3346 et
2590 3303 2726 3348 non
2776 3287 3077 3354 derelin-

1852 3377 2015 3450 quet
2058 3379 2323 3434 sanctos
2376 3391 2567 3434 suos:
2634 3373 2703 3435 in
2754 3385 3077 3444 eternum

1854 3459 2429 3522 conservabuntur.
2498 3459 2746 3540 InJusti
2780 3469 3077 3546 punien-

1852 3555 2001 3608 tur:
2048 3556 2116 3609 et
2147 3566 2371 3609 semen
2404 3547 2765 3628 impiorum
2800 3555 3075 3634 peribit.

1858 3632 2045 3708 Justi
2109 3642 2331 3698 autem
2386 3634 2869 3704 hereditabunt
2932 3653 3079 3708 ter-

1851 3741 1989 3784 ram
2018 3743 2031 3784 :
2064 3733 2131 3786 et
2156 3722 2622 3788 inhabitabunt
2656 3725 2723 3789 in
2758 3731 3075 3798 seculum

1850 3808 2050 3873 seculi
2096 3830 2293 3893 super
2322 3831 2489 3874 eam.
2584 3812 2678 3878 Os
2704 3815 2873 3896 justi
2928 3841 3076 3885 me—

1848 3899 2171 3963 ditabitur
2216 3900 2651 3981 sapientiam:
2708 3914 2781 3969 et
2830 3906 3079 3992 lingua

1847 3985 1991 4067 ejus
2022 3985 2325 4069 loquetur
2352 3987 2694 4067 judicium.
2762 3993 2923 4059 Lex
2958 3999 3076 4063 dei

1848 4075 1989 4156 ejus
2022 4075 2089 4136 in
2119 4076 2317 4138 corde
2350 4075 2592 4158 ipsius:
2636 4089 2705 4142 et
2732 4101 2871 4146 non
2908 4105 3081 4170 sup-

1846 4163 2319 4245 plantabuntur
2348 4183 2613 4245 gressus
2644 4167 2812 4248 ejus.
2894 4174 3079 4240 Con..

1844 4251 2092 4318 siderat
2122 4261 2428 4333 peccator
2452 4250 2711 4332 justum
2744 4279 2760 4320 :
2804 4271 2879 4324 et
2902 4283 3083 4345 que-

1845 4341 1928 4404 rit
1990 4337 2381 4402 mortificare
2440 4359 2612 4404 eum.
2715 4345 3081 4419 Dominus

2536 4476 2557 4506 ⁸
2590 4476 2776 4530 debit?
2814 4483 2882 4533 G.

2351 4543 2371 4570 ⁸
2402 4542 2637 4604 supponit
2664 4562 2677 4592 ε
2716 4547 2953 4604 G.W.S.
