3375 5100
1183 312 1307 369 AD
1352 312 1483 367 MA
1498 312 1536 368 1
1554 312 1886 369 UYJNAS.

807 421 957 479 827

244 530 628 614 singularis
715 530 891 595 serus
983 530 1301 613 depastus
1378 536 1481 595 est

248 641 444 685 earn.
499 620 689 685 Deus
712 621 1029 684 virtutum
1055 628 1437 683 convertere
1464 638 1480 682 z

252 710 531 791 respice
578 709 663 773 de
710 708 855 773 celo
885 718 953 772 et
982 708 1134 771 vide
1188 716 1255 771 et
1285 708 1482 771 visita

251 798 541 863 vineam
597 799 811 861 istam.
901 796 996 860 Et
1042 795 1281 878 perfice
1330 816 1479 860 eam

254 907 483 968 quam
514 886 841 969 plantavit
879 886 1162 950 dextera
1204 893 1365 949 tua:
1412 893 1482 949 et

256 995 481 1057 super
510 973 721 1037 filium
764 972 1053 1037 hominis
1089 993 1290 1056 quem
1324 994 1479 1036 con-

256 1063 554 1127 firmasti
615 1062 755 1128 tibi.
866 1063 1151 1127 Incensa
1211 1061 1349 1144 igni
1410 1070 1480 1125 et

256 1151 600 1216 suffossa:
648 1151 735 1215 ab
775 1150 1225 1234 increpatione
1254 1150 1479 1213 vultus

258 1241 369 1304 tui
436 1240 766 1323 peribunt.
857 1240 1024 1303 Fiat
1074 1259 1314 1303 manus
1362 1247 1481 1303 tua

258 1350 477 1411 super
544 1330 755 1393 virum
830 1328 1111 1392 dextere
1184 1337 1335 1391 tue:
1412 1336 1479 1391 et

260 1438 475 1500 super
504 1416 713 1481 filium
746 1416 1033 1480 hominis
1077 1435 1277 1498 quem
1324 1435 1479 1478 con-

262 1504 555 1571 firmasti
588 1506 729 1570 tibi.
784 1505 883 1569 Et
914 1525 1047 1569 non
1079 1504 1479 1568 discedimus

262 1616 309 1659 a
342 1603 461 1659 te:
515 1593 879 1658 vivificabis
924 1613 1087 1657 nos:
1132 1601 1202 1656 et
1234 1612 1479 1655 nomen

262 1692 468 1747 tuum
490 1682 958 1747 invocabimus,
1002 1681 1297 1745 Domine
1315 1681 1481 1744 deus

265 1773 597 1835 virtutum
628 1779 939 1834 converte
971 1790 1091 1833 nos
1120 1791 1135 1833 τ
1166 1780 1235 1833 et
1258 1778 1481 1833 osten-

266 1862 361 1924 de
408 1859 647 1923 saciem
680 1868 865 1923 tuam
898 1868 966 1922 et
996 1858 1158 1922 salvi
1192 1857 1475 1922 erimus¹

266 1950 410 2013 Αῇ.
463 1948 801 2030 Propicius
830 1956 977 2011 esto
1008 1947 1295 2029 peccatis
1328 1966 1481 2010 nos-

270 2038 395 2100 tris
427 2038 723 2102 domine.
782 2052 825 2123 y
871 2034 1279 2101 Gaudebunt
1300 2035 1479 2099 labia

273 2146 432 2189 mea
485 2126 646 2189 dum
700 2132 1055 2189 cantavero
1106 2124 1243 2188 tibi.
1335 2124 1481 2187 Re.²

276 2214 374 2278 Et
406 2213 631 2277 anima
668 2232 819 2276 mea
863 2232 1067 2295 quam
1098 2212 1481 2277 redemisti.⁸

272 2320 323 2389 γ
400 2302 556 2367 Fiat
637 2302 1085 2365 misericordia
1172 2309 1305 2365 tua.
1392 2300 1479 2364 In

270 2390 597 2455 laudibus.
652 2392 784 2455 Aa.
832 2390 987 2455 Tibi
1040 2388 1163 2453 soli
1210 2389 1479 2472 peccavi

274 2480 549 2543 domine
580 2479 888 2543 miserere
930 2480 1079 2543 mei.
1128 2487 1230 2563 pff.
1279 2478 1480 2541 Mise-

274 2590 436 2633 rere.
482 2577 587 2632 αῆ.
637 2569 927 2632 Domine
975 2567 1301 2650 refugium
1345 2568 1481 2631 fac-

274 2667 387 2722 tus
415 2678 489 2721 es
521 2657 727 2722 nobis,
789 2666 891 2739 pf.
978 2658 1229 2740 Ipsum.
1312 2655 1477 2720 Ari!

280 2747 361 2810 In
399 2747 743 2810 matutinis
788 2745 1059 2811 domine
1104 2745 1481 2810 meditabor

280 2835 346 2900 in
379 2844 465 2898 te.
497 2843 600 2916 pff.
650 2835 836 2898 Deus
865 2835 1029 2898 deus
1062 2854 1265 2898 meus
1349 2833 1481 2916 pff!

278 2923 657 3056 Domine
719 2922 1045 3005 refugium
1120 2921 1333 2986 sactus
1408 2941 1479 2986 es

434 3011 665 3076 nobis:
710 3033 753 3076 a
796 3012 1223 3093 generatione
1269 3010 1335 3074 in
1366 3029 1481 3093 ge-

282 3101 707 3164 nerationem.
783 3099 1187 3183 Priusquam
1219 3109 1481 3164 montes

284 3188 511 3252 fierent
570 3197 685 3252 aut
739 3186 1132 3252 formaretur
1179 3196 1354 3252 terra
1414 3198 1483 3251 et

284 3278 495 3342 orbis:
542 3299 584 3342 a
635 3277 860 3341 seculo
906 3277 1019 3341 et⁸
1072 3277 1139 3340 in
1188 3277 1483 3340 seculum

286 3376 357 3430 tu
400 3385 473 3430 es
524 3366 707 3431 deus,
799 3365 915 3430 Ne
966 3374 1226 3429 avertas
1270 3365 1483 3429 homi-

290 3475 435 3519 nem
486 3455 553 3518 in
603 3454 1089 3520 humilitatem:
1138 3463 1203 3518 et
1249 3453 1482 3519 dixisti

288 3543 741 3608 convertimini
768 3541 883 3606 filii
906 3541 1269 3607 hominum.
1308 3543 1487 3622 Quo-

290 3633 463 3696 niam
486 3631 670 3696 mille
691 3632 849 3696 anni
875 3641 1033 3696 ante
1056 3632 1283 3696 oculos
1303 3641 1483 3696 tuos:

292 3729 605 3802 tanquam
636 3721 779 3786 dies
824 3720 1135 3784 hesterna
1179 3740 1309 3802 que
1338 3740 1487 3803 pre-

292 3809 474 3874 teriit.
532 3809 633 3873 Et
657 3810 959 3874 custodia
991 3810 1054 3872 in
1090 3819 1323 3874 nocte:
1356 3829 1486 3891 que

292 3917 405 3980 pro
444 3896 649 3961 nihilo
694 3897 1026 3962 habentur
1067 3917 1297 3961 eorum
1329 3896 1487 3961 anni

294 3993 493 4050 erunt.
585 3985 801 4050 Mane
837 3986 1007 4050 sicut
1038 3985 1245 4050 herba
1272 3995 1488 4049 trans-

295 4083 434 4140 eat:
482 4094 681 4139 mane
742 4073 976 4138 floreat
1038 4084 1108 4139 et
1146 4083 1487 4139 transeat:

390 4217 403 4248 ¹
445 4221 460 4244 ‘
481 4216 658 4266 Gloria
681 4216 809 4281 patri
826 4215 840 4240 ’
861 4216 964 4267 add
988 4235 1002 4267 z
1037 4216 1233 4268 E.G.S.

386 4283 407 4314 ³
446 4282 587 4332 ⁸Re.’
608 4299 705 4332 om.
726 4297 744 4334 :
779 4283 830 4332 S.

387 4351 408 4380 ⁸
444 4349 981 4399 ‘Antelaudes’adds
1011 4347 1153 4399 E.G.

388 4419 409 4448 ⁴
446 4415 586 4465 ‘Am
616 4415 837 4466 Domine
860 4415 1103 4480 refingium
1124 4414 1285 4466 sactus
1315 4430 1370 4466 es
1402 4429 1490 4466 uo·

300 4482 394 4533 bis'
426 4481 525 4530 add
540 4487 565 4532 ἐ
601 4481 733 4532 1⁴2.G.

386 4552 406 4582 ⁶
429 4555 508 4614 ps.
537 4546 605 4612 89
621 4562 640 4597 .·
672 4547 743 4598 E.
755 4547 815 4600 G.
888 4548 1095 4601 lmix.
1118 4563 1135 4596 .·
1166 4549 1227 4600 S.

2093 420 2250 479 828

1582 549 1858 613 vespere
1901 528 2168 595 decidat
2205 530 2466 595 induret
2512 538 2581 595 et
2611 550 2788 595 ares-

1582 628 1712 682 cat.
1808 618 1977 698 Quia
2006 618 2369 683 defecimus
2400 618 2468 683 in
2501 619 2596 682 ira
2626 628 2744 683 tua
2771 640 2786 683 :

1584 716 1653 771 et
1699 708 1766 772 in
1815 708 2032 771 surore
2083 716 2202 771 tuo
2241 707 2487 772 turbati
2540 728 2786 772 sumus

1584 794 1884 859 Posuisti
1947 796 2331 879 iniquitates
2399 805 2656 860 nostras
2717 797 2787 860 in

1586 894 1948 967 conspectu
1981 895 2136 949 tuo:
2169 885 2466 949 seculum
2487 894 2786 948 nostrum

1582 972 1651 1035 in
1683 972 2166 1037 illuminatione
2190 973 2412 1037 vultus
2442 972 2555 1037 tui.
2609 972 2787 1053 Quo-

1582 1062 1765 1125 niam
1811 1081 2044 1125 omnes
2084 1062 2226 1126 dies
2273 1063 2480 1127 nostri
2527 1062 2788 1125 defece-

1583 1158 1780 1214 runt:
1841 1160 1908 1214 et
1971 1150 2038 1213 in
2097 1152 2194 1215 ira
2241 1159 2358 1215 tua
2408 1150 2785 1214 defecimus,

1580 1238 1645 1301 A
1656 1238 1769 1302 nni
1799 1239 2018 1305 ‚nostri
2067 1239 2237 1303 sicut
2286 1259 2530 1302 aranea
2577 1238 2788 1301 medi-

1583 1326 1942 1391 tabuntur:
1989 1328 2132 1391 dies
2171 1347 2494 1391 annorum
2530 1334 2789 1391 nostro-

1582 1436 1728 1479 rum
1779 1416 1844 1478 in
1894 1416 2054 1499 ipsis
2101 1417 2528 1499 septuaginta
2578 1415 2788 1480 annis,

1584 1504 1665 1567 Si
1713 1513 1939 1569 autem
1985 1506 2053 1568 in
2099 1504 2558 1588 potentatibus
2604 1514 2789 1568 octo-

1581 1592 1772 1675 ginta
1825 1594 2025 1658 anni:
2093 1604 2161 1659 et
2219 1593 2508 1677 amplius
2556 1613 2784 1657 eorum

1582 1680 1772 1743 labor
1801 1689 1868 1744 et
1897 1681 2105 1747 dolor.
2198 1681 2526 1760 Quoniam
2561 1701 2787 1765 super-

1581 1770 1766 1833 venit
1811 1772 2290 1835 mansuetudo:
2359 1780 2426 1835 et
2479 1770 2788 1853 corripie-

1584 1877 1750 1921 mur.
1845 1857 2005 1938 Quis
2044 1860 2228 1923 novit
2259 1867 2660 1941 potestatem
2693 1858 2786 1922 ire

1582 1954 1750 2010 tue:
1827 1955 1896 2010 et
1955 1967 2072 2030 pre
2132 1948 2368 2011 timore
2437 1956 2555 2010 tuo
2618 1946 2784 2011 iram

1582 2042 1770 2097 tuam
1861 2034 2297 2100 dinumerare.
2406 2035 2785 2100 Dexteram

1580 2132 1776 2189 tuam
1803 2122 1896 2188 sic
1939 2133 2168 2188 notam
2201 2124 2305 2189 fac
2333 2145 2348 2188 ε
2394 2133 2463 2188 et
2492 2124 2787 2189 eruditos

1583 2214 1782 2277 corde
1830 2212 1898 2276 in
1951 2212 2294 2295 sapientia.
2391 2222 2788 2279 convertere

1581 2300 1854 2365 domine
1903 2320 2293 2385 usquequo:
2353 2310 2422 2365 et
2474 2302 2787 2384 depreca-

1583 2389 1734 2454 bilis
1765 2398 1910 2453 esto
1939 2410 2138 2472 super
2167 2409 2393 2454 servos
2421 2398 2590 2454 tuoS.
2651 2390 2788 2453 Re-

1582 2477 1745 2562 pleti
1805 2498 2034 2542 sumus
2095 2498 2294 2543 mane
2341 2478 2788 2543 misericordia

1584 2577 1740 2632 tua:
1787 2577 1854 2632 et
1885 2567 2336 2633 exultavimus
2376 2577 2442 2632 et
2471 2567 2785 2633 delectati

1580 2676 1812 2720 sumus
1863 2657 1932 2720 in
1986 2657 2296 2721 omnibus
2347 2656 2582 2721 diebus
2635 2676 2790 2720 nos-

1582 2746 1718 2809 tris,
1809 2744 2039 2809 Letati
2093 2766 2321 2810 sumus
2381 2766 2503 2829 pro
2550 2744 2788 2808 diebus

1584 2834 1828 2917 quibus
1909 2853 2032 2898 nos
2103 2833 2466 2899 humiliasti
2503 2855 2518 2899 :
2595 2835 2787 2900 annis

1582 2922 1826 3006 quibus
1875 2923 2162 2987 vidimus
2216 2923 2410 2988 mala.
2500 2924 2787 3007 Respice

1584 3009 1651 3074 in
1684 3031 1910 3075 servos
1955 3020 2108 3076 tuos
2153 3021 2221 3076 et
2266 3013 2332 3075 in
2379 3033 2582 3096 opera
2629 3022 2787 3078 tua:

1583 3108 1653 3163 et
1713 3100 1923 3182 dirige
1986 3099 2156 3164 filios
2217 3121 2465 3165 eorum.
2551 3101 2650 3165 Et
2701 3102 2788 3166 sit

1584 3185 1942 3271 splendor⁷
1972 3189 2227 3253 domini
2273 3190 2380 3254 dei
2429 3191 2632 3254 nostri
2679 3209 2790 3254 su-

1582 3297 1704 3359 per
1733 3297 1896 3342 nos:
1942 3287 2012 3340 et
2039 3298 2243 3362 opera
2283 3298 2603 3342 manuum
2636 3298 2790 3342 nos-

1584 3375 1834 3430 trarum
1865 3365 2078 3448 dirige
2105 3386 2304 3448 super
2325 3385 2446 3430 nos
2474 3387 2490 3430 :
2522 3375 2590 3430 et
2617 3387 2788 3449 opus

1586 3473 1906 3517 manuum
1939 3464 2310 3518 nostrarum
2341 3455 2597 3538 dirige.⁸
2625 3455 2652 3493 ⁹

1599 3544 2032 3677 Cantemus
2062 3543 2338 3607 domino
2366 3543 2650 3626 gloriose
2675 3562 2790 3607 en-

1724 3631 1816 3694 im
1849 3632 2310 3714 magnificatus
2351 3641 2496 3696 est:
2541 3653 2788 3715 equum

1589 3729 1657 3782 et
1688 3739 2102 3783 ascensorem
2137 3721 2378 3803 dejecit
2399 3719 2447 3759 ¹⁰
2477 3721 2546 3784 in
2588 3740 2788 3784 mare.

1588 3808 1944 3872 Fortitudo
1990 3829 2142 3872 mea
2183 3819 2252 3873 et
2290 3809 2433 3874 laus
2474 3829 2626 3874 mea
2669 3809 2790 3872 do-

1590 3897 1809 3961 minus
1839 3906 1908 3960 et
1939 3896 2152 3962 sactus
2192 3907 2294 3962 est
2325 3897 2486 3962 mihi
2519 3897 2582 3960 in
2615 3898 2785 3961 salu·

1588 3994 1746 4050 tem.
1813 3986 1956 4050 Iste
2000 3987 2168 4051 deus
2217 4007 2404 4051 meus
2447 3995 2519 4050 et
2545 3985 2791 4070 glorifi-

1587 4075 1757 4139 cabo
1809 4094 2002 4140 eum:
2063 4075 2228 4140 deus
2276 4075 2483 4159 patris
2538 4075 2668 4139 mei
2719 4085 2791 4144 et

1686 4217 1710 4247 ⁸
1746 4217 1960 4282 ‘usque'
1984 4216 2118 4268 add:
2154 4217 2288 4269 E.G.

1688 4285 1709 4312 7
1977 4300 1989 4313 ι

1686 4349 1710 4380 ⁸
1742 4282 2118 4414 9ιὲἳὲξὲρὲἑή
2135 4349 2150 4374 ’
2174 4350 2274 4400 add
2296 4369 2310 4400 ε
2345 4349 2482 4402 E.G.

1691 4417 1714 4446 ⁹
1751 4419 1852 4480 ‘pa
1881 4415 2055 4465 Exodi
2080 4429 2098 4466 ι
2152 4416 2167 4441 ’
2201 4417 2332 4467 add:
2363 4417 2503 4468 E.G.
2573 4429 2700 4468 xm:
2731 4416 2786 4466 S.

1672 4482 1712 4514 ¹·
1743 4480 1986 4548 projecit:
2020 4482 2081 4533 E.
2141 4521 2154 4534 .
