3375 5100
1138 359 1263 415 AD
1310 358 1839 417 MATUTJNAS.

780 469 909 525 751

234 575 713 711 Benedictio
759 586 829 640 et
878 574 1143 641 claritas
1173 585 1242 640 et
1270 575 1449 658 sapi-

386 668 563 730 entia
577 675 645 729 et
662 665 1024 747 gratiarum
1041 665 1216 728 actio
1234 661 1449 727 honor

232 756 447 819 virtus
490 764 556 818 et
591 754 911 819 fortitudo
942 754 1073 817 deo·
1104 762 1333 817 nostro
1378 753 1448 815 in

232 843 463 909 secula
485 843 868 907 seculorum.
960 842 1203 907 Amen.
1298 842 1449 905 Deo

234 932 529 1013 gratias¹
1118 930 1446 1010 Hymnus.

233 1020 541 1153 Ecce²
566 1019 707 1101 jam
742 1020 956 1084 noctis
982 1027 1453 1083 tenuaturum-

390 1108 505 1172 bra
528 1108 693 1172 lucis
716 1126 949 1172 aurora
991 1107 1263 1171 rutilans
1296 1107 1450 1171 cho-

233 1206 461 1261 ruscat
538 1197 787 1260 nisibus
862 1198 1021 1260 totis
1089 1195 1451 1277 rogitemus

232 1306 474 1349 omnes
506 1286 721 1349 cuncti
755 1294 1115 1368 potentem.
1176 1281 1267 1348 Ut
1284 1284 1450 1347 deus

233 1384 468 1438 noster
513 1376 859 1438 miseratus
920 1392 1187 1437 omnem
1242 1371 1451 1454 pellat

234 1464 629 1545 languorem
663 1462 911 1526 tribuat
935 1462 1219 1525 salutem
1244 1461 1449 1524 donet

235 1561 310 1617 et
374 1553 563 1615 nobis
639 1552 889 1634 pietate
965 1550 1172 1633 patris
1246 1569 1451 1631 regna

236 1640 565 1723 polorum.
654 1640 924 1704 Prestet
954 1639 1079 1702 hoc
1102 1637 1296 1701 nobis
1314 1638 1452 1699 dei-

235 1738 347 1793 tas
379 1729 577 1791 beata
623 1730 827 1809 patris
871 1748 949 1790 ac
996 1727 1133 1789 nati
1180 1726 1454 1808 pariter-

239 1836 375 1899 que
406 1815 619 1880 sancti
666 1816 933 1899 spiritus
980 1816 1169 1896 cujus
1222 1814 1454 1879 reboat

242 1907 311 1967 in
358 1906 542 1968 omni
588 1903 797 1986 gloria
844 1904 1115 1967 mundo,
1205 1902 1450 1968 Amen.

260 1992 647 2057 Versiculus.
698 1992 1031 2056 Dominus
1094 1990 1408 2073 regnavit.
1428 1991 1455 2029 ³

244 2082 579 2147 Decorem
623 2082 913 2145 induit⁴:
965 2080 1181 2144 induit
1239 2079 1452 2143 domi-

244 2190 371 2234 nus
404 2170 858 2233 fortitudinem
907 2177 975 2232 et
1022 2168 1353 2252 precinxit
1380 2188 1454 2231 se

244 2260 508 2321 virtute.
1126 2255 1452 2337 Hymnus.

384 2368 495 2410 am
518 2346 543 2385 ⁶
574 2366 749 2411 nunc
780 2354 1057 2429 paterna
1085 2344 1349 2409 claritas
1385 2354 1455 2407 te

385 2435 799 2519 postulamus
817 2434 1073 2518 affatim
1104 2434 1277 2497 absit
1309 2432 1455 2497 libi-

244 2528 335 2590 do
410 2525 758 2590 sordidans
846 2523 1193 2606 omnisque
1265 2531 1455 2587 actus

248 2615 509 2679 noxius,
602 2614 716 2680 Ne
746 2612 899 2678 feda
929 2613 1016 2677 sit
1063 2611 1169 2676 vel
1204 2611 1454 2676 lubrica

246 2723 579 2786 compago
654 2702 860 2766 nostri
950 2701 1242 2783 corporis
1338 2720 1458 2783 per

249 2812 453 2874 quam
486 2793 709 2854 averni
742 2790 1005 2872 ignibus
1050 2789 1174 2871 ipsi
1206 2809 1452 2853 creme-

250 2901 401 2944 mur
422 2881 649 2944 acriuS.
718 2878 821 2943 Ob
850 2877 977 2943 hoc
1029 2879 1406 2961 redemptor
1428 2877 1455 2916 ⁶

252 2987 615 3052 quesumus
640 2967 965 3050 utprobra
988 2975 1213 3030 nostra
1238 2966 1455 3030 diluas

249 3059 388 3122 vite
447 3056 799 3141 perhennis
857 3055 1213 3119 commoda
1260 3053 1452 3119 nobis

251 3147 538 3230 benigne
607 3142 921 3208 conferas.
1018 3142 1165 3222 Quo
1236 3144 1453 3206 carnis

253 3245 403 3300 actu
436 3233 668 3298 exules
698 3233 915 3296 effecti
948 3232 1071 3315 ipsi
1103 3231 1345 3295 celibes
1377 3241 1454 3295 ut

255 3323 693 3407 prestolamur
737 3321 960 3384 cernui
1008 3319 1217 3382 melos
1254 3340 1454 3383 cana·

255 3432 401 3475 mus
430 3412 652 3494 glorie.
744 3410 895 3473 Deo
927 3410 1099 3492 patri
1129 3407 1261 3473 sit!
1316 3409 1451 3471 Αῆ.

251 3512 440 3582 super
452 3499 847 3563 Benedictus
878 3507 955 3560 ut
977 3497 1221 3578 supra.⁸
1241 3494 1452 3559 Psal?

254 3591 525 3722 Deus
555 3589 719 3651 deus
752 3607 938 3650 meus
972 3585 1221 3667 respice
1246 3586 1311 3647 in
1344 3604 1455 3647 me

408 3697 610 3760 quare
641 3695 749 3739 me
777 3674 1183 3756 dereliquisti
1209 3695 1227 3739 ε
1257 3673 1455 3756 longe

355 3836 370 3865 ¹
411 3839 425 3864 ⁸
444 3835 549 3884 Hoc
586 3833 859 3898 capilulum
893 3830 1087 3880 dicitur
1126 3830 1187 3879 in
1230 3828 1457 3880 omnibus

256 3901 515 3951 dominicis
536 3900 609 3948 ad
623 3900 791 3948 laudes
810 3913 843 3946 a
870 3898 1084 3946 Domine
1108 3911 1171 3946 ne
1193 3895 1245 3944 in
1279 3895 1351 3943 ira
1374 3911 1454 3943 us·

252 3985 346 4034 que
366 3969 437 4016 ad
452 3967 865 4032 septuagesimam.
905 3971 953 4013 et
984 3978 1017 4012 a
1054 3963 1195 4012 Deus
1228 3960 1455 4010 omnium

257 4051 405 4150 zsqbte
457 4033 531 4112 aas
558 4033 847 4146 at'lvaedridtunk
873 4097 919 4145 G
1282 4027 1461 4093 agitur

288 4119 312 4151 e
364 4115 580 4150 ommam
751 4115 768 4148 .·
845 4133 858 4146 .
919 4135 931 4147 .

352 4169 373 4198 ²
412 4171 427 4194 ‘
442 4167 517 4214 ht
548 4164 824 4214 notandum
863 4169 933 4212 est
964 4162 1099 4227 quod
1112 4161 1330 4227 quotiens
1340 4167 1454 4224 pre-

256 4233 373 4284 cedit
394 4233 609 4296 hymnus
643 4231 806 4279 Nocte
840 4236 1097 4293 surgentes
1132 4227 1223 4276 Ad
1250 4227 1455 4276 matuti-

258 4317 348 4349 nas
368 4299 541 4347 total-ns
561 4298 787 4360 sequitur
797 4297 855 4345 iu
878 4295 1110 4346 laudibus
1132 4295 1221 4343 iste
1240 4293 1457 4357 hymnus

260 4369 386 4416 Ecce
408 4364 517 4414 &c.’
541 4363 672 4412 add:
708 4363 774 4411 E.
789 4363 846 4412 G.

352 4437 371 4462 ⁸
415 4437 429 4460 ⁸
448 4430 555 4480 Re?
577 4429 712 4477 add:
751 4429 885 4477 ΕΟ.

356 4503 373 4530 ⁴
413 4495 702 4559 ‘Alleluya'
730 4494 828 4543 add
857 4513 869 4543 :
896 4493 1055 4542 E.G.:
1080 4501 1129 4542 et
1162 4491 1315 4541 verba
1335 4505 1463 4556 quae

260 4573 525 4630 sequuntur
546 4562 781 4611 omittunt
811 4561 942 4608 E.G.

356 4637 375 4662 ³
414 4632 555 4680 ‘Item
580 4629 830 4677 scicmlmn
848 4634 918 4675 cst
933 4625 1067 4689 quod
1076 4624 1459 4688 quotiensprece·

2063 468 2216 525 752

1545 596 1588 638 a
1632 572 1852 640 salute
1911 586 2061 641 mea
2117 577 2322 641 verba
2358 575 2762 642 delictorum·

1550 684 1868 729 meorum.
1970 665 2160 729 Deus
2215 684 2400 729 meus
2445 666 2762 731 clamabo·

1544 773 1664 835 per
1737 754 1915 817 diem
1976 762 2045 817 et
2103 774 2239 818 non
2275 754 2638 819 exaudies:
2685 764 2755 819 et

1546 849 1744 905 nocte
1819 850 1887 905 et
1960 861 2096 907 non
2158 844 2243 907 ad
2306 842 2752 926 insipientiam

1548 928 1729 995 mihi.
1831 930 1930 993 Tu
1956 940 2180 995 autem
2213 932 2280 995 in
2312 942 2547 995 sancto
2563 932 2754 995 habi-

1547 1027 1651 1081 tas
1693 1017 1837 1081 laus
1896 1019 2128 1083 israel:
2172 1020 2258 1083 In
2320 1031 2388 1084 te
2447 1041 2756 1103 sperave-

1548 1115 1701 1170 runt
1749 1116 1972 1189 patres
2022 1110 2263 1172 nostri:
2328 1115 2764 1191 speraverunt

1548 1204 1616 1259 et
1646 1195 1940 1259 liberasti
1969 1216 2098 1259 eos,
2186 1197 2305 1260 Ad
2340 1207 2408 1260 te
2427 1197 2758 1262 clamave-

1548 1292 1703 1347 runt
1763 1293 1831 1348 et
1891 1284 2055 1347 salvi
2117 1284 2272 1349 sacti
2327 1295 2525 1351 sunt:
2571 1287 2638 1349 in
2687 1296 2761 1349 te

1546 1382 1981 1453 speraverunt
2010 1381 2078 1436 et
2111 1393 2246 1437 non
2278 1383 2433 1438 sunt
2483 1375 2755 1439 confusi.

1544 1461 1707 1543 Ego
1755 1469 1980 1525 autem
2029 1480 2177 1525 sum
2223 1464 2464 1527 vermis
2507 1473 2574 1527 et
2625 1483 2756 1527 non

1546 1548 1794 1615 homo:
1839 1550 2268 1633 obprobrium
2314 1552 2657 1616 hominum
2691 1562 2768 1617 et.

1550 1637 1838 1719 abjectio
1862 1638 2092 1720 plebis.
2190 1640 2438 1705 Omnes
2455 1642 2758 1705 videntes

1550 1746 1660 1789 me
1720 1726 2087 1790 deriserunt
2147 1730 2308 1793 me:
2353 1729 2554 1793 locuti
2602 1740 2763 1793 sunt

1550 1812 1742 1877 labiis
1774 1822 1842 1877 et
1874 1825 2223 1880 moverunt
2242 1827 2459 1899 caput.
2510 1817 2758 1900 Spera-

1549 1903 1647 1967 vit
1672 1901 1722 1939 ¹⁰
1744 1903 1810 1965 in
1831 1903 2106 1967 domino
2137 1906 2372 1987 eripiat
2393 1926 2544 1969 curn
2569 1926 2586 1969 :
2633 1906 2762 1968 sal-

1548 2010 1710 2055 vum
1771 1990 1972 2056 saciat
2031 2012 2184 2056 eum
2235 1996 2554 2076 quoniam
2615 1993 2764 2057 vult

1550 2098 1722 2143 eum.
1775 2078 2106 2157 Quoniam
2139 2090 2210 2144 tu
2243 2103 2316 2145 es
2345 2082 2459 2163 qui
2484 2092 2759 2146 extrax-

1552 2167 1659 2231 isti
1693 2188 1802 2231 me
1845 2168 1931 2231 de
1976 2178 2248 2234 ventre:
2293 2191 2444 2252 spes
2491 2191 2642 2235 mea
2671 2173 2760 2234 ab

1551 2256 1862 2320 uberibus
1894 2258 2124 2320 matris
2148 2278 2294 2321 mee
2317 2260 2383 2321 in
2410 2268 2478 2323 te
2508 2259 2760 2341 projec-

1550 2351 1661 2408 tus
1711 2364 1858 2409 sum
1910 2366 2000 2409 ex
2065 2355 2270 2431 utero,
2373 2347 2483 2411 De
2531 2356 2762 2411 ventre

1553 2434 1784 2497 matris
1845 2453 1992 2497 mee
2052 2434 2217 2499 deus
2263 2454 2451 2499 meus
2512 2458 2582 2500 es
2643 2446 2758 2503 tu:

1552 2541 1637 2586 ne
1682 2522 2058 2588 discesseris
2119 2544 2160 2588 a
2204 2544 2329 2589 me.
2425 2524 2757 2606 Quoniam

1548 2611 1890 2676 tribulatio
1920 2613 2230 2694 proxima
2257 2623 2396 2679 est:
2443 2617 2760 2697 quoniam

1552 2718 1686 2762 non
1719 2709 1821 2764 est
1858 2701 1974 2783 qui
2023 2701 2310 2783 adjuvet.
2407 2703 2760 2769 circunde-

1552 2788 1794 2852 derunt
1855 2809 1964 2854 me
2016 2791 2206 2854 vituli
2288 2792 2521 2857 multi:
2588 2794 2759 2857 tauri

1550 2877 1835 2960 pingues
1855 2879 2260 2943 obsederunt
2281 2901 2404 2944 me.
2439 2882 2514 2945 ,Α
2527 2902 2758 2964 perue-

1552 2975 1705 3029 runt
1775 2986 1975 3048 super
2019 2987 2126 3031 me
2173 2988 2248 3030 os
2292 2989 2530 3034 suum:
2587 2971 2760 3034 sicut

1552 3053 1658 3117 leo
1718 3056 1981 3138 rapiens
2041 3063 2111 3118 et
2173 3058 2451 3138 rugiens.
2563 3058 2760 3140 Sicut

1550 3162 1729 3224 aqua
1788 3143 2034 3208 effusus
2096 3165 2288 3209 sum:
2335 3154 2403 3209 et
2462 3147 2761 3229 dispersa

1549 3240 1709 3295 sunt
1739 3232 1964 3295 omnia
2015 3252 2167 3296 ossa
2214 3253 2380 3298 mea.
2470 3235 2757 3299 Factum

1548 3328 1652 3382 est
1725 3338 1841 3382 cor
1915 3339 2138 3386 meum
2213 3330 2534 3404 tanquam
2609 3345 2762 3388 cera

1552 3405 1924 3490 liquescens
1947 3430 1962 3472 :
2011 3410 2076 3471 in
2101 3410 2322 3476 medio
2340 3412 2586 3474 ventris
2608 3413 2756 3478 mei.

1549 3496 1754 3559 Aruit
1775 3505 2098 3578 tanquam
2131 3506 2303 3561 testa
2331 3499 2538 3562 virtus
2571 3520 2760 3566 mea:

1550 3593 1619 3647 et
1673 3582 1900 3665 lingua
1948 3605 2099 3650 mea
2145 3585 2408 3650 adhesit
2462 3588 2760 3653 faucibus

1552 3673 1756 3736 meis:
1834 3680 1902 3736 et
1977 3674 2045 3737 in
2120 3675 2458 3756 pulverem
2529 3679 2760 3742 mortis

1555 3827 1632 3876 dit
1653 3827 1873 3891 hymnus
1897 3827 2066 3877 Primo
2089 3828 2278 3879 dierum
2302 3831 2376 3880 ad
2392 3832 2670 3882 matutinas
2691 3839 2759 3882 to-

1555 3895 1685 3942 tiens
1703 3894 1931 3958 sequitur
1948 3896 2005 3943 in
2024 3895 2258 3945 laudibus
2288 3897 2376 3946 iste
2397 3899 2615 3962 hymnus
2633 3897 2758 3962 Jam

1556 3974 1688 4009 nunc
1712 3959 1826 4009 &c.’
1847 3961 1978 4011 add:
2002 3961 2070 4010 E.
2084 3962 2140 4010 G.

1657 4028 1677 4056 ⁸
1709 4027 1990 4090 redempti:
2025 4027 2158 4078 EG.

1656 4095 1675 4122 ⁷
1716 4093 1908 4156 ‘gloria
1929 4092 2133 4158 ejusque
2169 4094 2263 4144 soli
2298 4094 2404 4145 filio
2436 4111 2550 4145 curn
2584 4096 2760 4160 spiritu

1556 4157 1821 4223 [paraclito
1841 4177 1853 4209 ε
1889 4159 2072 4222 G.W.]
2095 4161 2345 4225 paracleto
2368 4170 2416 4210 et
2440 4178 2572 4212 nunc
2595 4173 2645 4212 et
2668 4163 2760 4212 im·
2803 4198 2806 4201 -

1556 4224 1948 4341 pggpetltgmessn
1973 4236 2299 4291 perpetuum:
2344 4228 2527 4291 G.W.]
2560 4229 2726 4278 Amen
2748 4229 2762 4255 ’

1556 4308 1587 4340 a
1678 4309 1692 4340 ε
1765 4327 1778 4342 .
1837 4327 1849 4341 .
1927 4327 1941 4342 .

1663 4359 1684 4387 ⁸
1722 4361 1736 4385 ‘
1751 4357 1956 4406 dicatur
1993 4359 2270 4422 antiphona
2323 4368 2473 4425 super
2501 4363 2758 4426 psalmum

1564 4423 1862 4473 Benedictus
1900 4431 1960 4472 ut
1995 4431 2182 4489 tempus
2219 4427 2374 4492 exigit
2395 4443 2504 4476 cum
2529 4431 2760 4479 oratione.

1564 4488 1992 4604 gddAdBpZ‘mam
2029 4491 2262 4555 hymnus.
2331 4494 2446 4557 Jam
2488 4494 2612 4544 lucis
2649 4495 2761 4544 &c.’

1662 4625 1683 4652 ⁸
1707 4631 1785 4686 ps.
1811 4635 1895 4671 21:
1911 4625 1978 4673 E.
1992 4623 2047 4672 G.
2100 4627 2206 4688 xxj.
2231 4644 2247 4674 .·
2273 4626 2324 4675 S.
2390 4627 2426 4657 ¹⁰
2448 4627 2687 4690 Speravi:
2705 4629 2756 4681 S.
