3375 5100
1317 353 1590 408 SABBA
1609 352 1707 408 To
1760 350 1883 407 AD
1928 348 2284 407 LAUDES.

1095 462 1256 519 869

561 568 949 635 solitudinis,
1046 568 1486 635 Circunduxit
1503 588 1657 631 eum
1690 576 1761 632 et

561 661 829 724 docuit:
877 668 947 721 et
999 658 1353 722 custodivit
1401 656 1590 740 quasi
1638 678 1761 740 pu-

565 747 795 831 pillam
857 746 1030 810 oculi
1085 748 1200 809 sui.
1300 746 1494 811 Sicut
1539 746 1763 828 aquila

565 856 934 919 provocans
988 835 1072 899 ad
1129 833 1492 899 volandum
1543 833 1762 917 pullos

566 946 722 990 suos
746 947 761 988 1
793 934 860 988 et
881 943 1078 1006 super
1097 944 1212 987 eos
1231 923 1536 987 volitans
1611 922 1680 985 E
1682 945 1765 985 x-

568 1014 804 1096 pandit
865 1012 1004 1075 alas
1057 1032 1212 1075 suas
1237 1027 1242 1033 '
1271 1020 1340 1075 et
1403 1012 1769 1094 assumpsit·

568 1123 681 1166 eos
753 1110 956 1183 atque
1011 1100 1301 1183 portavit
1356 1098 1422 1164 in
1473 1100 1765 1163 humeris

567 1192 718 1254 suiS.
809 1190 1144 1253 Dominus
1189 1188 1368 1251 solus
1426 1188 1568 1251 dux
1622 1188 1767 1271 ejus

567 1279 733 1343 fuit:
780 1287 847 1341 et
898 1298 1029 1340 non
1078 1288 1219 1341 erat
1269 1296 1419 1341 cum
1467 1297 1549 1339 eo
1601 1276 1766 1339 deus

569 1368 838 1431 alienus,
949 1364 1303 1431 Constituit
1356 1385 1509 1428 eum
1571 1384 1769 1448 super

569 1454 904 1519 excelsam
935 1462 1178 1517 terram
1209 1474 1224 1517 ε
1271 1462 1346 1517 ut
1387 1453 1770 1517 comederet

574 1543 824 1607 fructus
858 1562 1183 1623 agrorum.
1287 1542 1377 1607 Ut
1409 1542 1765 1625 suggeret¹

577 1632 709 1695 mel
784 1632 870 1693 de
938 1640 1166 1713 petra:
1258 1628 1614 1712 oleumque
1681 1630 1769 1695 de

573 1740 745 1783 saxo
811 1720 1180 1783 durissima
1273 1718 1607 1799 Butyrum
1683 1720 1770 1782 de

576 1818 878 1873 armento
909 1816 976 1871 et
1009 1807 1110 1871 lac
1163 1807 1249 1870 de
1294 1808 1567 1871 ovibus:
1617 1826 1769 1871 cum

575 1899 772 1980 adipe
805 1916 1124 1979 agnorum
1178 1904 1247 1959 et
1290 1896 1569 1959 arietum
1603 1894 1771 1959 filio-

574 2007 720 2050 rum
797 1984 1024 2049 basan.
1154 1984 1250 2047 Et
1324 1983 1540 2047 hircos
1617 2004 1770 2047 cum

579 2073 872 2139 medulla
931 2072 1172 2137 tritici:
1251 2082 1318 2135 et
1379 2074 1771 2154 sanguinem

577 2184 704 2229 uve
735 2164 1042 2226 biberent
1060 2160 1608 2225 meracissimum.
1655 2162 1772 2224 In-

577 2262 904 2317 crassatus
939 2260 1040 2313 est
1085 2248 1364 2313 dilectus
1411 2257 1478 2312 et
1509 2248 1775 2313 recalci-

579 2342 823 2405 travit:
871 2340 1272 2402 incrassatus
1319 2338 1773 2421 impinguatus

579 2430 912 2493 dilatatus.
1002 2426 1376 2508 Dereliquit
1408 2426 1608 2489 deum
1640 2426 1773 2489 fac-

577 2528 790 2584 torem
837 2535 1072 2581 suum:
1119 2524 1186 2580 et
1249 2516 1514 2580 recessit
1561 2536 1600 2578 a
1645 2514 1775 2578 deo

581 2607 849 2671 salutari
957 2625 1096 2668 suo,
1231 2604 1776 2668 Provocaverunt

579 2717 733 2761 eum
767 2695 832 2757 in
865 2694 990 2757 diis
1023 2693 1290 2757 alienis:
1322 2701 1390 2754 et
1422 2693 1488 2755 in
1521 2692 1779 2756 abomi-

582 2782 962 2849 nationibus
992 2780 1078 2844 ad
1122 2781 1528 2844 iracundiam
1561 2782 1777 2845 conci-

583 2879 906 2938 taverunt.
996 2869 1525 2933 Immolaverunt
1549 2871 1779 2932 demo-

583 2963 709 3024 niis
741 2970 808 3023 et
839 2977 970 3022 non
1019 2958 1186 3021 deo:
1234 2957 1360 3020 diis
1391 2977 1560 3038 quos
1593 2959 1779 3040 igno-

584 3051 838 3114 rabant.
929 3045 1109 3108 Novi
1136 3055 1565 3128 recentesque
1583 3067 1781 3110 vene-

586 3147 775 3202 runt:
824 3155 990 3218 quos
1023 3154 1152 3197 non
1188 3133 1528 3198 coluerunt
1560 3145 1783 3217 patres

586 3245 831 3290 eorum.
923 3223 1146 3286 Deum
1173 3223 1283 3304 qui
1309 3233 1377 3286 te
1407 3225 1636 3305 genuit
1667 3225 1783 3287 de-

587 3312 948 3398 reliquisti:
997 3320 1063 3374 et
1103 3311 1350 3374 oblitus
1405 3331 1476 3374 es
1527 3313 1783 3376 domini

584 3403 897 3468 creatoris
927 3401 1041 3463 tui.
1151 3397 1330 3463 Vidit
1376 3398 1684 3463 dominus
1717 3409 1784 3463 et

589 3495 673 3556 ad
738 3488 1141 3554 iracundiam
1205 3487 1572 3552 concitatus
1640 3499 1783 3553 est:

589 3581 744 3665 quia
776 3586 1301 3662 provocaverunt
1332 3595 1483 3638 eum
1517 3575 1631 3640 filii
1681 3578 1783 3640 sui

589 3681 656 3734 et
681 3669 830 3732 filie.
885 3667 982 3729 Et
1005 3665 1098 3728 ait
1117 3664 1520 3728 abscondam
1547 3663 1783 3729 faciem

590 3777 810 3822 meam
888 3754 974 3817 ab
1038 3754 1175 3816 eis:
1222 3763 1290 3816 et
1351 3754 1786 3817 considerabo

591 3845 951 3910 novissima
1035 3859 1279 3904 eorum.
1427 3843 1785 3906 Generatio

591 3936 768 4000 enim
830 3950 1137 4016 perversa
1189 3939 1322 3993 est:
1369 3939 1436 3993 et
1486 3929 1785 3994 infideles

591 4025 726 4087 filii.
815 4021 957 4103 Ipsi
1019 4038 1128 4081 me
1160 4029 1684 4100 provocaverunt
1717 4021 1784 4083 in

589 4135 670 4178 eo
702 4111 816 4195 qui
851 4129 982 4172 non
1037 4117 1177 4170 erat
1225 4109 1428 4170 deus:
1475 4116 1541 4170 et
1574 4105 1788 4171 irrita-

589 4210 826 4265 verunt
874 4199 940 4260 in
1000 4197 1404 4258 vanitatibus
1447 4197 1596 4259 suis,
1688 4197 1787 4260 Et

589 4312 715 4372 ego
748 4284 1124 4370 provocabo
1155 4305 1270 4348 eos
1303 4284 1370 4346 in
1403 4303 1483 4346 eo
1515 4285 1785 4366 quinon

589 4390 688 4442 est
723 4372 1043 4459 populus:
1092 4383 1160 4436 et
1209 4374 1275 4435 in
1329 4383 1532 4454 gente
1579 4375 1787 4438 stulta

690 4513 703 4542 ¹
741 4515 935 4572 sugeret
965 4525 976 4556 :
1011 4507 1167 4556 G.W.

692 4581 712 4609 ²
745 4593 836 4640 pro
866 4578 878 4600 ‘
899 4589 1044 4636 super
1063 4574 1074 4594 ’
1098 4572 1189 4620 sub
1217 4590 1228 4620 :
1264 4571 1348 4622 W.

2374 458 2526 516 870

1860 566 2135 632 irritabo
2196 565 2362 631 illos,
2452 564 2639 649 Ignis
2698 585 3059 630 succensus

1862 665 1965 720 est
2024 657 2090 718 in
2152 655 2368 718 furore
2424 675 2612 719 meo:
2676 664 2744 718 et
2798 655 3063 719 ardebit

1864 765 2074 827 usque
2092 745 2176 808 ad
2207 744 2437 807 inferni
2466 744 2840 808 novissima.
2920 744 3061 806 De-

1860 834 2250 915 vorabitque
2282 842 2525 897 terram
2579 853 2729 896 cum
2762 834 3064 915 germine

1863 942 2027 985 suo:
2106 930 2173 985 et
2234 923 2561 986 montium
2623 921 3065 984 fundamenta

1860 1010 2225 1074 comburet.
2351 1009 2783 1092 Congregabo
2866 1031 3068 1093 super

1866 1120 1979 1162 eos
2006 1098 2182 1163 mala
2217 1120 2233 1163 ι
2266 1107 2333 1163 et
2363 1100 2643 1182 sagittas
2676 1118 2860 1161 meas
2878 1119 3067 1161 com-

1866 1187 2067 1271 plebo
2152 1188 2223 1251 in
2326 1188 2439 1251 εἰς.
2578 1186 3065 1251 Consumentur

1868 1276 2083 1341 same:
2138 1286 2207 1339 et
2267 1274 2685 1340 devorabunt
2737 1296 2851 1339 eos
2906 1296 3066 1339 aves

1868 1384 2087 1428 morsu
2111 1364 2536 1429 amarissimo,
2627 1364 2885 1429 Dentes
2916 1366 3069 1429 bes-

1869 1455 2111 1518 tiarum
2161 1454 2517 1516 immittam
2575 1453 2643 1515 in
2704 1472 2861 1517 eos:
2908 1474 3062 1517 cum

1870 1541 2087 1606 surore
2116 1542 2519 1606 trahentium
2545 1562 2744 1625 super
2764 1542 2789 1579 ²
2817 1552 3065 1605 terram

1870 1640 2073 1712 atque
2104 1631 2531 1713 serpentium.
2618 1630 2813 1693 Foris
2843 1640 3067 1695 vasta-

1870 1720 1968 1782 bit
2000 1740 2114 1782 eos
2158 1718 2420 1801 gladius
2473 1727 2542 1783 et
2587 1718 2763 1783 intus
2818 1740 3072 1801 pavor:

1866 1808 2225 1889 juvenem⁸
2302 1808 2497 1871 simul
2586 1828 2665 1872 ac
2740 1808 3068 1891 virginem

1874 1896 2231 1960 lactentem
2264 1916 2415 1960 cum
2448 1896 2717 1959 homine
2747 1917 2921 1960 sene.
2972 1896 3075 1959 Et

1873 1985 2018 2048 dixi
2045 1984 2155 2048 ubi
2189 2003 2343 2049 nam
2369 1994 2565 2048 sunt:
2609 2004 2867 2048 cessare
2914 1984 3077 2047 faci-

1875 2094 1985 2137 am
2046 2092 2137 2136 ex
2217 2073 2597 2137 hominibus
2676 2075 3073 2137 memoriam

1874 2180 2119 2226 eorum.
2200 2160 2341 2225 Sed
2404 2170 2674 2244 propter
2733 2163 2897 2225 iram
2952 2162 3076 2225 ini-

1876 2252 2196 2314 micorum
2229 2250 2495 2314 distuli:
2542 2271 2627 2314 ne
2644 2250 2815 2314 forte
2844 2271 3079 2333 super-

1876 2338 2093 2402 birent
2123 2338 2349 2402 hostes
2367 2359 2614 2403 eorum.
2663 2340 2758 2403 Et
2776 2340 3079 2403 dicerent

1878 2446 2115 2491 manus
2177 2436 2402 2491 nostra
2462 2429 2767 2492 excelsa:
2824 2437 2893 2492 et
2942 2448 3077 2493 non

1877 2515 2189 2580 dominus
2214 2514 2370 2582 fecit
2399 2517 2521 2581 hec
2554 2519 2794 2582 omnia„
2893 2518 3081 2582 Gens

1878 2605 2127 2688 absque
2160 2605 2433 2670 consilio
2477 2616 2581 2670 est
2624 2616 2690 2670 et
2740 2608 2883 2670 sine
2923 2628 3085 2690 pru-

1877 2695 2143 2758 dentia:
2176 2696 2431 2758 utinam
2452 2705 2760 2778 saperent
2784 2705 2852 2759 et
2884 2696 3084 2759 intel-

1876 2782 2159 2864 ligerent
2169 2803 2246 2847 ac
2259 2785 2617 2847 novissima
2637 2786 3085 2866 providerent.

1886 2869 2241 2950 Quomodo
2315 2875 2834 2956 persequebatur
2908 2895 3085 2937 unus

1883 2960 2104 3024 mille:
2169 2969 2236 3024 et
2290 2961 2425 3025 duo
2478 2959 2786 3044 fugarent
2845 2962 3085 3025 decem

1885 3048 2139 3112 millia.⁴
2228 3049 2479 3112 Nonne
2525 3050 2679 3113 ideo
2710 3051 2867 3132 quia
2914 3052 3087 3114 deus

1883 3157 2043 3201 suus
2074 3139 2374 3202 vendidit
2422 3158 2576 3202 eos:
2638 3147 2707 3202 et
2766 3140 3087 3202 dominus

1884 3225 2209 3290 conclusit
2270 3225 2431 3291 illos,
2523 3226 2687 3290 Non
2737 3227 2916 3290 enim
2983 3236 3091 3291 est

1887 3314 2051 3377 deus
2112 3325 2335 3378 noster
2393 3324 2469 3379 ut
2520 3315 2613 3379 dii
2675 3337 2944 3380 eorum:
3020 3326 3090 3380 et

1888 3403 2131 3466 inimici
2164 3404 2369 3467 nostri
2417 3415 2571 3468 sunt
2606 3405 2882 3486 judices,
2974 3406 3093 3468 De

1885 3491 2077 3554 vinea
2110 3492 2533 3556 sodomorum
2582 3494 2778 3556 vinea
2808 3515 3043 3557 eorum
3074 3517 3090 3557 z

1884 3587 1953 3642 et
1984 3579 2068 3642 de
2099 3581 2490 3644 suburbanis
2512 3599 2833 3663 gomorre.
2938 3585 3095 3649 Uva

1885 3687 2114 3731 eorum
2132 3690 2258 3732 uva
2282 3669 2449 3733 sellis
2478 3691 2492 3734 :
2520 3679 2591 3733 et
2616 3669 2789 3734 botri
2813 3673 3093 3736 amaris-

1887 3757 2053 3820 simi.
2186 3758 2309 3821 Fel
2413 3760 2777 3822 draconum
2854 3762 3092 3825 vinum

1888 3865 2157 3910 eorum:
2233 3857 2299 3911 et
2359 3867 2689 3912 venenum
2776 3851 3091 3933 aspidum

1888 3933 2271 3998 insanabile.
2348 3937 2600 4000 Nonne
2645 3937 2769 4002 hec
2812 3941 3093 4004 condita

1888 4031 2043 4085 sunt
2074 4023 2249 4106 apud
2286 4044 2430 4090 me:
2462 4035 2528 4088 et
2552 4027 2815 4108 signata
2842 4030 2907 4090 in
2942 4029 3095 4093 the-

1886 4112 2095 4173 sauris
2152 4113 2330 4176 meis,
2424 4115 2591 4177 M‘ea
2642 4124 2747 4178 est
2807 4116 2975 4182 ultio
3024 4128 3095 4182 et

1888 4219 2015 4280 ego
2047 4201 2404 4264 retribuam
2458 4203 2553 4265 eis
2581 4197 2683 4282 fin
2740 4213 3047 4288 tempore
3078 4230 3094 4271 ε

1889 4297 1963 4350 ut
2016 4287 2275 4352 labatur
2334 4311 2453 4371 pes
2512 4313 2763 4356 eorum.
2860 4295 3095 4368 Juxta

1889 4385 1989 4438 est
2050 4377 2193 4440 dies
2254 4380 2689 4460 perditionis:
2736 4392 2804 4445 et
2855 4383 3093 4446 adesse

1727 4511 1746 4538 ⁸
1787 4509 2101 4586 ‘yn-venem)
2126 4511 2227 4562 Hic
2250 4529 2408 4564 novus
2434 4516 2666 4580 incipitur
2689 4533 2893 4568 versus:
2930 4519 2987 4568 Ε.
3002 4520 3069 4570 G.

1727 4578 1745 4606 ⁴
1780 4578 1953 4627 nulia:
1989 4579 2275 4630 &GM-ns,

3262 4511 3265 4592 1

3259 4653 3262 4778 4
