3375 5100
1246 343 1411 414 QUA
1422 343 1587 396 ΒΕΑ
1596 343 1953 399 GESJME.

878 453 1036 509 293

345 557 684 690 Preces
728 569 989 623 nostras
1031 577 1390 642 quesumus
1436 560 1556 623 do-

505 649 682 711 mine
731 648 1094 712 clementer
1140 650 1386 712 exaudi
1424 669 1439 712 τ
1486 658 1553 714 et

346 746 582 799 contra
610 746 853 800 cuncta
900 737 1092 801 nobis
1135 737 1554 800 adversantia

348 826 699 888 dexteram
782 834 897 888 tue
983 825 1353 906 majestatis
1432 846 1553 889 ex-

346 914 566 976 tende.
676 913 816 977 Per.
907 913 1033 976 Ad
1083 921 1388 996 vesperas,
1481 913 1551 976 in

342 1021 597 1083 evange.
643 1010 749 1065 aii.
844 1002 1033 1068 Sicut
1077 1001 1201 1065 suit
1241 1001 1435 1083 jonas
1483 1003 1550 1065 in

340 1097 572 1152 ventre
662 1088 791 1153 ceti
870 1091 1080 1154 tribus
1163 1091 1399 1154 diebus
1482 1099 1551 1154 et

341 1177 554 1240 tribus
638 1179 943 1242 noctibus
1023 1180 1117 1242 ita
1192 1180 1317 1243 erit
1376 1178 1549 1243 filius

340 1265 632 1330 hominis
667 1267 736 1329 in
769 1269 965 1331 corde
995 1277 1184 1332 terre.
1214 1276 1319 1348 pf.
1353 1268 1547 1350 Mag-

340 1353 581 1418 nificat.
1298 1355 1544 1421 Oratim

540 1453 729 1507 entes
820 1452 1079 1508 nostras
1184 1463 1545 1526 quesumus

544 1531 815 1595 domine
877 1532 1129 1596 lumine
1180 1541 1297 1595 tue
1354 1532 1543 1595 clari-

336 1619 496 1682 tatis
558 1619 854 1687 illustra:
916 1630 991 1684 ut
1049 1620 1272 1684 videre
1332 1621 1543 1702 possi-

338 1727 487 1770 mus
547 1729 678 1790 que
739 1710 1004 1791 agenda
1063 1716 1219 1772 sunt
1278 1717 1347 1772 et
1410 1729 1539 1792 que

335 1805 517 1859 recta
553 1805 709 1860 sunt
740 1817 934 1880 agere
966 1798 1322 1863 valeamus.
1416 1798 1541 1861 Per

333 1883 439 1947 do.
488 1893 594 1948 etc.
627 1895 702 1948 ut
729 1896 945 1967 supra.

333 1971 533 2035 Feria
564 1994 625 2038 v.

332 2059 564 2124 Sermo
594 2060 767 2124 beati
791 2061 992 2126 leonis
1004 2071 1187 2144 pape.
1244 2061 1457 2125 Lectio
1467 2060 1533 2144 j.

327 2151 893 2280 predicaturus
978 2152 1169 2215 vobis
1246 2148 1537 2214 dilectis·

484 2239 634 2301 simi
721 2240 1240 2302 sacratissimum
1317 2239 1534 2302 maxi-

330 2345 650 2409 mumque
704 2326 1036 2410 jejunium
1099 2349 1235 2409 quo
1310 2328 1533 2410 aptius

328 2422 481 2476 utar
539 2416 820 2481 exordio
896 2436 1100 2500 quam
1178 2425 1251 2479 ut
1311 2416 1531 2480 verbis

325 2504 615 2584 apostoli
650 2505 818 2587 quo¹
856 2505 1159 2572 Christus
1206 2503 1529 2587 loqueba-

324 2600 435 2653 tur
465 2592 779 2675 incipiam
804 2595 1159 2677 dicamque
1180 2594 1360 2676 quod
1396 2594 1527 2659 lec-

324 2686 467 2742 tum
502 2690 622 2746 est.
703 2683 879 2747 Ecce
910 2701 1087 2746 nunc
1118 2692 1386 2765 tempus
1419 2702 1528 2747 ac-

322 2769 691 2849 ceptabile:
724 2791 877 2834 ecce
910 2791 1083 2834 nunc
1110 2771 1253 2834 dies
1276 2770 1525 2836 salutis,

332 2857 717 3023 Quamvis
746 2860 923 2923 enim
970 2859 1153 2923 nulla
1260 2858 1420 2942 [Lec.
1455 2859 1524 2942 ij.

456 2946 589 3009 sint
620 2956 1084 3030 temporaque
1115 2947 1357 3011 divinis
1390 2967 1523 3011 non

320 3034 455 3096 sint
507 3034 707 3117 plena
760 3037 1181 3101 muneribus:
1230 3044 1297 3099 et
1351 3056 1525 3099 sem-

318 3141 437 3202 per
479 3122 673 3187 nobis
720 3125 807 3187 ad
854 3123 1371 3189 misericordiam
1413 3124 1522 3188 dei

317 3228 437 3291 per
524 3210 729 3293 ipsius
818 3216 1101 3296 gratiam
1194 3220 1526 3295 prestetur

317 3318 673 3365 accessus:
721 3321 898 3366 nunc
942 3310 1169 3366 tamen
1218 3302 1519 3365 omnium

318 3398 579 3451 mentes
640 3390 873 3470 majori
934 3392 1159 3455 studio
1218 3389 1305 3452 ad
1380 3390 1519 3472 spi-

314 3476 583 3540 rituales
606 3478 938 3561 profectus
964 3479 1215 3543 moneri
1241 3478 1267 3515 ²
1284 3486 1353 3542 et
1376 3498 1517 3545 am-

312 3563 505 3645 pliori
582 3565 825 3630 fiducia
898 3567 1177 3631 animari
1253 3579 1517 3653 oportet

313 3655 585 3734 quando
673 3656 758 3719 ad
852 3658 1159 3721 universa
1247 3659 1515 3741 pietatis

312 3740 529 3805 officia
610 3742 784 3807 illius
860 3765 981 3808 nos
1056 3746 1187 3808 diei
1251 3747 1318 3810 in
1379 3768 1515 3830 quo

314 3831 639 3913 redempti
699 3852 929 3896 sumus
990 3854 1287 3899 recursus
1352 3836 1512 3899 invi-

312 3926 461 3982 tat:
527 3929 600 3983 ut
652 3921 990 3985 excellens
1042 3943 1241 4005 super
1288 3925 1515 3988 omnia

311 4007 643 4071 dominice
664 4011 989 4090 passionis
1019 4021 1509 4076 sacramentum

310 4096 670 4177 purificatis
716 4106 785 4161 et
831 4100 1217 4181 corporibus
1257 4110 1323 4163 et
1370 4102 1510 4164 ani-

310 4186 433 4247 mis
466 4185 891 4250 celebremus,
1156 4189 1372 4252 Lectio
1415 4189 1508 4271 iij.

306 4274 786 4405 Debebatur
800 4276 1077 4377 quidem
1103 4278 1307 4378 tantis
1334 4298 1510 4380 mys-

462 4373 640 4427 terns
671 4372 765 4427 ita
797 4364 1203 4428 incessabills
1243 4365 1513 4431 devotio

672 4502 683 4531 Ι
838 4520 849 4530 .

670 4568 689 4595 2
722 4500 1204 4618 ssff„-2.211E{‘i3.0.xv.

2187 451 2339 506 294

1658 569 1726 624 et
1755 559 2106 627 continua⁸
2138 557 2543 623 reverentia:
2590 567 2664 622 ut
2695 557 2865 622 tales

1657 669 2196 730 permaneremus
2229 649 2290 710 in
2325 656 2684 729 conspectu
2718 648 2862 710 dei:

1657 737 1888 819 quales
1921 757 2041 800 nos
2074 738 2140 800 in
2174 737 2318 818 ipso
2349 734 2645 817 paschali
2692 735 2863 798 festo

1655 826 1934 906 dignum
1983 833 2084 888 est
2131 825 2423 888 inveniri.
2521 822 2656 888 Sed
2703 825 2861 906 quia

1654 913 1776 977 hec
1821 913 2142 978 fortitudo
2192 932 2552 995 paucorum
2600 920 2744 974 est:
2791 921 2860 974 et

1653 1002 1816 1066 dum
1879 1005 2093 1066 carnis
2146 1000 2487 1084 fragilitati
2537 1001 2862 1063 austerior

1653 1089 2078 1155 observantia
2126 1089 2500 1154 relaxatur:
2563 1089 2859 1169 dumque

1652 1200 1773 1261 per
1831 1181 2046 1244 varias
2105 1179 2403 1243 actiones
2461 1177 2599 1240 vite
2659 1175 2855 1257 hujus

1650 1268 2003 1331 solicitudo
2062 1268 2513 1331 distenditur:
2589 1285 2858 1329 necesse

1650 1363 1752 1419 est
1803 1359 1892 1420 'de
1946 1357 2286 1420 mundano
2335 1354 2602 1436 pulvere
2651 1354 2850 1416 etiam

1648 1444 1959 1526 religiosa
1983 1445 2184 1509 corda
2207 1445 2582 1507 sordescere
2610 1461 2856 1523 magna

1646 1531 2082 1598 institutionis
2167 1532 2390 1596 divine
2465 1529 2854 1595 salubritate

1646 1623 1985 1704 provisum
2047 1631 2192 1686 est:
2261 1630 2337 1685 ut
2396 1621 2480 1683 ad
2545 1639 2853 1700 reparan-

1644 1710 1847 1773 dam⁴
1883 1712 2206 1774 mentium
2238 1709 2596 1792 puritatem
2635 1707 2850 1788 quad-

1644 1799 1906 1881 raginta
1965 1799 2158 1863 nobis
2219 1799 2476 1860 dierum
2525 1795 2850 1859 exercita-

1643 1887 1824 1951 tione
1887 1888 2278 1950 mederetur.
2371 1884 2457 1947 In
2516 1885 2848 1964 evangelio

1639 1985 1749 2040 αῆ.
1841 1975 1914 2040 Si
1976 1997 2094 2039 vos
2155 1973 2530 2037 manseritis
2590 1972 2656 2034 in
2711 1993 2846 2034 ser-

1640 2083 1840 2127 mone
1909 2084 2061 2128 meo
2119 2063 2254 2127 veri
2330 2059 2636 2143 discipuli
2713 2061 2843 2123 mei

1638 2153 1820 2216 eritis
1896 2161 1965 2216 et
2021 2150 2436 2234 cognoscetis
2494 2148 2843 2211 veritatem

1638 2249 1706 2303 et
1781 2240 2024 2305 veritas
2117 2238 2420 2303 liberabit
2496 2256 2634 2300 vos,
2686 2257 2694 2264 ·
2738 2245 2840 2318 pf.

1638 2329 2058 2392 Benedictus,
2593 2324 2838 2389 Oratio,

1644 2418 2152 2553 Omnipotens
2212 2415 2613 2496 sempiterne
2672 2414 2838 2476 deus

1770 2507 1882 2589 qui
1959 2505 2151 2570 nobis
2229 2503 2296 2567 in
2373 2502 2836 2567 observatione

1625 2594 1860 2678 jejunii
1937 2604 2005 2659 et
2065 2594 2575 2659 elemosinarum
2640 2591 2835 2672 largi-

1628 2685 1812 2748 tione
1864 2684 2142 2767 posuisti
2193 2690 2566 2746 nostrorum
2623 2699 2835 2742 reme-

1628 2772 1742 2836 dia
1815 2782 2239 2857 peccatorum
2332 2768 2626 2833 concede
2709 2788 2832 2831 nos

1628 2871 1856 2926 mente
1916 2870 1983 2925 et
2043 2880 2318 2943 corpore
2377 2858 2500 2922 tibi
2570 2876 2834 2939 semper

1626 2970 1773 3014 esse
1851 2952 2147 3014 devotos,
2265 2948 2390 3011 Per
2461 2946 2827 3010 dominum.

1624 3039 1687 3102 Α
1701 3039 1755 3102 d
1820 3049 2127 3121 vesperas.
2233 3036 2320 3099 In
2394 3054 2648 3115 evange.
2720 3042 2827 3097 aii.

1628 3128 1780 3210 Ego
1841 3128 2017 3191 enim
2077 3148 2168 3189 ex
2222 3127 2350 3188 deo
2409 3120 2696 3206 processi
2759 3130 2829 3185 et

1623 3217 1774 3280 veni
1807 3237 2024 3299 neque
2059 3215 2234 3278 enim
2271 3234 2312 3276 a
2348 3211 2603 3293 meipso
2634 3210 2825 3274 veni:

1621 3306 1740 3369 sed
1773 3314 1963 3387 pater
1995 3324 2182 3367 meus
2213 3301 2323 3365 ille
2356 3320 2462 3363 me
2496 3298 2690 3361 misit.
2722 3307 2825 3378 pi.

1622 3392 2034 3476 Magnificat.
2573 3385 2822 3450 Oratio.

1616 3486 1772 3616 Α
1787 3492 1969 3545 verte
1988 3496 2347 3562 quesumus
2367 3474 2636 3540 domine
2657 3474 2820 3536 iram

1788 3580 1972 3633 tuam
1998 3566 2402 3651 propiciatus
2425 3583 2466 3626 a
2491 3562 2720 3625 nobis:
2755 3570 2823 3625 et

1616 3658 1912 3722 facinora
1957 3666 2184 3720 nostra
2229 3652 2468 3736 quibus
2514 3649 2823 3732 indigna-

1615 3748 1867 3811 tionem
1944 3754 2128 3809 tuam
2192 3758 2630 3824 provocamus
2704 3758 2820 3801 ex-

1614 3836 1804 3919 pelle.
1901 3833 2026 3897 Per
2055 3832 2420 3897 dominum.

1618 3930 1685 4002 11*
1733 3923 1933 3986 Fert'a
1963 3923 2048 4004 vj.

1620 4012 1850 4076 Sermo
1880 4010 2051 4075 beati
2076 4004 2418 4089 augustini
2447 4003 2730 4088 episcopi.

1754 4101 2020 4163 uoniam
2063 4098 2463 4181 jejuniorum
2511 4093 2748 4177 [Lectio
2758 4090 2820 4174 j.

1624 4102 2016 4271 Qtempus
2049 4197 2150 4250 est
2180 4186 2412 4248 fratres
2454 4180 2820 4248 charissimi

1614 4279 1700 4341 de
1735 4277 1990 4360 jejunio
2033 4296 2182 4340 cum
2217 4276 2571 4337 sanctitate
2603 4280 2823 4333 vestra

1614 4367 2036 4431 tractandum
2082 4373 2185 4428 est
2215 4374 2290 4426 ut
2321 4362 2544 4426 sciatis
2591 4377 2824 4442 quem-

1913 4502 1934 4531 ⁸
1969 4499 2242 4550 continuo:
2275 4499 2359 4548 W.

1915 4570 1932 4599 ⁴
1968 4566 2334 4632 reparandum:
2371 4564 2506 4613 E.G.
