3375 5100
1228 348 1351 402 AD
1400 348 1529 403 MA
1545 348 1928 405 TUTJNAS.

856 456 997 511 767

321 561 597 628 salutari
623 582 757 627 su0.
815 563 1055 627 Omnia
1075 580 1225 625 ossa
1259 582 1409 627 mea
1428 563 1527 625 di-

318 662 521 717 cent:
568 653 839 716 domine
881 653 1027 734 quis
1084 651 1315 713 similis
1360 650 1525 715 tibi)

320 742 393 803 E
395 742 637 824 ripiens
671 742 935 823 inopem
964 742 1047 803 de
1073 760 1275 803 manu
1301 739 1526 803 fortio-

321 850 471 893 rum
514 831 694 911 ejus:
741 848 1025 911 egenum
1056 838 1126 891 et
1167 846 1526 910 pauperem

320 940 365 982 a
407 918 868 1002 diripientibus
912 937 1081 980 eum.
1158 916 1525 999 Surgentes

318 1016 529 1071 testes
606 1008 809 1090 iniqui
847 1028 863 1069 :
938 1025 1068 1087 que
1134 1006 1523 1087 ignorabam

319 1096 821 1178 interrogabant
853 1114 976 1157 me.
1030 1094 1523 1158 Retribuebant

316 1185 483 1248 mihi
534 1184 709 1247 mala
758 1204 878 1266 pro
930 1183 1162 1246 bonis:
1216 1183 1523 1246 sterilita-

316 1283 458 1337 tem
520 1274 744 1336 anime
806 1292 969 1335 mee.
1076 1271 1235 1352 Ego
1295 1283 1522 1334 autem

314 1382 470 1425 cum
506 1362 663 1425 mihi
698 1360 959 1425 molesti
991 1369 1249 1424 essent:
1294 1360 1523 1423 indue-

316 1450 440 1513 bar
488 1451 715 1515 cilicio,
810 1448 1269 1513 Humiliabam
1322 1448 1386 1511 in
1424 1447 1523 1529 je-

310 1540 503 1621 junio
554 1540 841 1603 animam
896 1558 1147 1600 meam:
1193 1546 1262 1599 et
1309 1538 1523 1601 oratio

318 1648 472 1692 mea
532 1629 600 1691 in
663 1630 808 1690 sinu
872 1646 1023 1688 meo
1084 1636 1517 1688 convertetur.

323 1716 527 1795 Quasi
560 1718 941 1799 proximum
964 1714 989 1751 ²
1020 1715 1208 1797 quasi
1252 1712 1519 1778 fratrem

316 1815 615 1867 nostrum
640 1806 731 1868 sic
758 1802 1256 1885 complacebam
1282 1824 1295 1867 :
1330 1804 1519 1885 quasi

318 1894 552 1975 lugens
584 1902 651 1955 et
674 1893 1099 1956 contristatus
1132 1892 1223 1954 sic
1256 1892 1521 1955 humili-

313 1984 493 2045 abar.
596 1981 693 2044 Et
753 1981 1101 2043 adversum
1164 1999 1271 2043 me
1333 1979 1519 2044 letati

314 2080 471 2133 sunt
500 2080 569 2134 et
590 2078 1041 2133 convenerunt
1068 2091 1083 2131 :
1118 2079 1519 2151 congregata

314 2169 471 2222 sunt
515 2178 715 2240 super
759 2178 866 2220 me
912 2155 1175 2239 flagella
1218 2165 1287 2220 et
1331 2158 1522 2239 igno-

316 2248 471 2311 ravi.
563 2247 889 2330 Dissipati
945 2254 1099 2309 sunt
1155 2266 1275 2309 nec
1338 2265 1519 2310 com-

313 2337 581 2418 puncti:
628 2344 1051 2399 tentaverunt
1084 2354 1191 2397 me
1238 2335 1515 2399 subsan-

312 2434 638 2488 naverunt
739 2444 846 2487 me
946 2424 1465 2487 subsannatione
1500 2446 1515 2489 :

312 2513 742 2578 frenduerunt
790 2532 989 2596 super
1038 2532 1145 2578 me
1204 2512 1515 2578 dentibus

312 2605 465 2668 suis,
540 2604 835 2666 Domine
866 2602 1138 2685 quando
1168 2602 1513 2684 respicies:

313 2693 584 2756 restitue
626 2693 921 2755 animam
954 2710 1172 2754 meam
1207 2711 1247 2753 a
1281 2691 1513 2773 malig-

314 2782 523 2845 nitate
554 2801 783 2844 eorum
810 2801 823 2842 :
856 2801 897 2843 a
928 2779 1229 2843 leonibus
1247 2779 1511 2842 unicam

314 2889 550 2934 meam.
648 2867 1025 2934 Confitebor
1054 2868 1175 2931 tibi
1210 2868 1275 2930 in
1306 2868 1513 2932 eccle-

312 2959 410 3021 sia
442 2977 726 3040 magna:
773 2959 839 3019 in
874 2955 1122 3040 populo
1154 2957 1337 3038 gravi
1372 2955 1511 3020 lau-

309 3047 487 3110 dabo
547 3057 631 3110 te.
744 3045 906 3108 Non
974 3044 1511 3127 supergaudeant

312 3136 471 3199 mihi
520 3134 635 3218 qui
694 3135 1129 3197 adversantur
1174 3133 1333 3196 mihi
1390 3135 1509 3196 ini-

310 3245 476 3306 que:
530 3225 642 3306 qui
692 3223 975 3286 oderunt
1032 3242 1137 3285 me
1186 3221 1392 3303 gratis
1440 3231 1511 3286 et

309 3323 609 3377 annuunt
654 3312 877 3374 oculis,
975 3309 1302 3390 Quoniam
1348 3310 1506 3373 mihi

310 3403 577 3483 quidem
602 3400 872 3483 pacifice
895 3399 1372 3481 loquebantur:
1405 3399 1509 3462 et³

310 3491 647 3553 iracundia
691 3499 863 3552 terre
915 3488 1259 3570 loquentes
1313 3487 1507 3550 dolos

308 3580 708 3661 cogitabant.
793 3578 891 3640 Et
924 3577 1369 3640 dilataverunt
1398 3595 1507 3639 su-

280 3689 425 3750 ‚per
455 3687 563 3730 me
602 3687 679 3730 os
708 3686 902 3730 suum
928 3687 942 3730 ε
990 3665 1305 3728 dixerunt
1334 3684 1505 3746 euge

309 3776 473 3837 euge
499 3756 807 3819 viderunt
838 3753 1009 3817 oculi
1052 3753 1275 3816 nostri.
1384 3752 1447 3816 V
1454 3755 1503 3816 i-

308 3846 458 3907 disti
502 3845 773 3907 domine
820 3863 903 3906 ne
946 3842 1185 3906 sileas:
1233 3841 1505 3905 domine

310 3953 389 3996 ne
435 3933 736 3996 discedas
796 3951 838 3994 a
888 3949 1011 3995 me.
1101 3931 1385 4012 Exurge
1434 3939 1503 3994 et

309 4021 575 4084 intende
600 4021 852 4102 judicio
884 4039 1073 4083 meo:
1120 4018 1283 4082 deus
1316 4037 1503 4081 meus

307 4125 369 4172 et
445 4109 755 4172 dominus
827 4129 1015 4172 meus
1087 4107 1151 4170 in
1228 4126 1499 4170 causam

308 4219 541 4261 meam.
589 4197 843 4271 Judica
864 4217 971 4260 me
990 4196 1355 4260 secundum
1366 4195 1501 4275 jus-

306 4288 524 4351 ticiam
558 4297 743 4350 tuam
776 4286 1045 4350 domine
1075 4285 1239 4349 deus
1273 4303 1457 4349 meus
1486 4305 1503 4349 :

667 4428 679 4456 ¹
716 4425 824 4474 tul:
860 4423 1007 4474 W.S.

662 4497 685 4528 ²
726 4490 999 4540 ‘et’add:
1035 4489 1168 4538 E.G.

666 4561 686 4590 ³
724 4557 835 4606 ‘in’
862 4557 997 4606 add:
1023 4553 1313 4605 E.G.W.S.

2125 458 2272 514 768

1630 572 1699 626 et
1723 583 1854 627 non
1883 566 2417 648 supergaudeant
2441 565 2620 632 mihi.
2668 569 2828 633 Non

1630 653 1858 718 dicant
1891 653 1954 715 in
1977 654 2285 718 cordibus
2308 656 2442 718 suis
2468 676 2635 739 euge
2659 678 2830 740 euge

1631 740 1853 805 anime
1888 752 2152 807 nostre:
2203 763 2326 807 nec
2371 744 2597 807 dicant
2628 746 2834 811 devo-

1630 830 1922 893 rabimus
1955 850 2122 895 eum.
2181 832 2600 896 Erubescant
2632 844 2699 898 et
2732 855 2830 899 re·

1626 928 1978 981 vereantur
1999 919 2192 983 simul
2222 942 2236 983 ε
2269 922 2383 1002 qui
2413 923 2832 1003 gratulantur

1631 1006 1824 1069 malis
1886 1008 2066 1071 meis,
2167 1009 2546 1073 Induantur
2602 1012 2832 1076 confu-

1626 1095 1813 1158 sione
1843 1106 1912 1159 et
1942 1099 2344 1162 reverentia:
2390 1100 2503 1180 qui
2537 1101 2832 1183 maligna

1630 1184 1990 1265 loquuntur
2034 1205 2232 1267 super
2277 1206 2401 1249 me.
2490 1188 2830 1253 Exultent

1628 1282 1697 1335 et
1743 1274 2030 1337 letentur
2074 1276 2185 1355 qui
2233 1276 2466 1338 volunt
2492 1275 2826 1356 justiciam

1629 1380 1892 1424 meam:
1940 1372 2009 1425 et
2053 1364 2278 1426 dicant
2327 1384 2590 1446 semper
2641 1387 2828 1448 mag·

1628 1448 1932 1513 nificetur
1961 1450 2270 1515 dominus
2302 1455 2412 1533 qui
2446 1454 2680 1517 volunt
2711 1476 2828 1537 pa-

1626 1556 1772 1600 cem
1816 1540 1983 1601 servi
2031 1540 2189 1621 ejus.
2279 1540 2374 1603 Et
2407 1540 2632 1624 lingua
2679 1564 2828 1607 mea

1626 1626 2058 1691 meditabitur
2081 1626 2408 1708 justitiam
2452 1639 2677 1695 tuam:
2725 1644 2826 1695 to-

1626 1723 1698 1778 ta
1728 1716 1836 1777 die
1868 1714 2134 1779 laudem
2165 1726 2370 1781 tuam.
2467 1719 2825 1784 Psalmus.⁴

1624 1804 1911 1934 Dixit
1957 1804 2238 1886 injustus
2279 1815 2352 1868 ut
2383 1806 2726 1890 delinquat
2758 1810 2824 1873 in

1781 1894 2190 1976 semetipso:
2269 1914 2402 1957 non
2464 1904 2564 1959 est
2626 1899 2826 1961 timor

1624 1980 1733 2043 dei
1765 1990 1922 2044 ante
1962 1982 2190 2045 oculos
2236 1982 2395 2062 ejus,
2492 1983 2822 2061 Quoniam

1622 2068 1853 2132 dolose
1907 2071 2044 2151 egit
2095 2072 2162 2132 in
2225 2082 2581 2153 conspectu
2635 2074 2822 2154 ejus:

1622 2166 1698 2220 ut
1753 2158 2122 2221 inveniatur
2173 2158 2486 2242 iniquitas
2539 2162 2681 2242 ejus
2734 2164 2822 2227 ad

1620 2247 1868 2310 odium.
1964 2246 2176 2312 Verba
2221 2249 2352 2311 oris
2396 2248 2538 2329 ejus
2585 2251 2822 2333 iniqui-

1620 2344 1726 2398 tas
1775 2345 1842 2398 et
1895 2334 2130 2399 dolus:
2195 2337 2408 2400 noluit
2456 2337 2821 2422 intelligere

1621 2432 1696 2485 ut
1770 2424 1942 2486 bene
2017 2433 2258 2506 ageret.
2382 2426 2816 2508 [niquitatem

1620 2512 1980 2576 meditatus
2055 2522 2156 2578 est
2233 2515 2298 2577 in
2375 2515 2574 2579 cubili
2650 2536 2816 2583 suo:

1618 2603 1878 2664 astitit³
1907 2604 2089 2665 omni
2131 2603 2238 2666 vie
2279 2623 2412 2666 non
2453 2605 2626 2668 bone
2677 2627 2814 2669 ma·

1616 2690 1837 2754 liciam
1870 2700 2094 2754 autem
2127 2711 2260 2754 non
2292 2693 2516 2756 odivit.
2577 2692 2817 2757 Domi-

1616 2799 1700 2841 ne
1747 2780 1814 2842 in
1860 2778 2004 2843 celo
2049 2781 2496 2844 misericordia
2540 2790 2700 2848 tua:
2747 2793 2818 2848 et

1614 2869 1858 2930 veritas
1933 2877 2052 2932 tua
2127 2889 2336 2952 usque
2420 2870 2505 2932 ad
2588 2870 2813 2937 nubes,

1620 2954 1916 3028 Justicia
1963 2967 2080 3020 tua
2131 2958 2302 3022 sicut
2352 2968 2616 3022 montes
2660 2961 2812 3025 dei:

1607 3043 2188 3128 judicia⁶abyssus
2209 3045 2436 3110 multa.
2479 3048 2814 3113 Homines

1610 3141 1679 3196 et
1747 3133 2054 3214 jumenta
2129 3135 2415 3199 salvabis
2489 3139 2761 3200 domine
2797 3160 2812 3203 :

1608 3222 2178 3303 quemadmodum
2205 3223 2657 3306 multiplicasti
2691 3227 2812 3289 mi-

1610 3311 2034 3374 sericordiam
2097 3321 2282 3374 tuam
2359 3313 2538 3376 deus.
2645 3314 2810 3378 Filii

1610 3408 1834 3461 autern
1911 3399 2296 3465 hominum:
2372 3401 2440 3463 in
2515 3403 2812 3485 tegmine
2855 3411 2863 3418 ’

1608 3486 1864 3549 alarum
1897 3498 2157 3552 tuarum
2191 3489 2568 3571 sperabunt.
2655 3491 2812 3554 Ine-

1608 3575 2000 3640 briabuntur
2059 3578 2144 3640 ab
2207 3578 2510 3641 ubertate
2567 3579 2812 3644 domus

1606 3673 1766 3727 tue:
1819 3675 1888 3727 et
1939 3675 2232 3730 torrente
2282 3666 2646 3749 voluptatis
2695 3677 2809 3732 tue

1606 3752 1872 3834 potabis
1919 3773 2052 3818 eos.
2132 3754 2462 3832 Quoniam
2509 3757 2688 3837 apud
2739 3767 2808 3821 te

1606 3851 1708 3905 est
1747 3841 1894 3904 sons
1939 3843 2117 3906 vite:
2166 3853 2235 3906 et
2279 3843 2345 3907 in
2393 3844 2642 3907 lumine
2689 3854 2808 3908 tuo

1603 3930 1979 3994 videbimus
2072 3931 2312 3996 lumen.
2465 3931 2806 3998 Pretende

1606 4019 2122 4083 misericordiam
2185 4030 2372 4084 tuam
2441 4020 2808 4086 scientibus

1603 4115 1716 4170 te:
1763 4117 1833 4171 et
1885 4107 2222 4189 justiciam
2283 4118 2470 4173 tuam
2519 4109 2644 4172 hiis
2691 4112 2805 4193 qui

1605 4206 1787 4259 recto
1829 4206 1986 4260 sunt
2046 4198 2260 4261 corde.
2358 4198 2518 4262 Non
2579 4201 2806 4264 veniat

1606 4283 1766 4347 mihi
1829 4307 1946 4368 pes
2017 4287 2374 4369 superbie:
2451 4297 2520 4350 et
2567 4307 2806 4352 manus

1839 4424 1959 4520 2⁴:³³·
1991 4431 2052 4500 ³⁵
2070 4437 2090 4512 -;
2123 4423 2260 4538 ᾗῇ·
2286 4441 2458 4541 {Em
2481 4425 2534 4474 ⁵·

1837 4558 1858 4586 ο
1898 4503 2168 4606 ιῒιῗέῐξιιιῗά
2197 4573 2208 4606 :
2240 4525 2533 4611 E.(.·}.W.S,·
