3375 5100
869 310 1293 367 DOMINICA
1353 308 1660 365 TERTIA
1714 308 2263 363 SEPTEMBRIS.

848 421 1009 476 589

314 526 635 595 conclusit
683 526 855 591 ostia
883 525 1128 590 ventris
1158 544 1288 607 que
1311 521 1330 559 ¹
1363 543 1512 605 por-

318 619 487 682 tavit
532 636 678 680 me:
725 635 846 679 nec
891 614 1166 678 abstulit
1211 608 1388 677 mala
1428 611 1515 675 ab

317 706 524 770 oculis
557 705 734 767 meiS.

323 799 388 873 {I
433 793 632 858 Feria
663 792 746 875 vj.
1229 788 1444 857 Lectio
1455 788 1516 871 j.

319 880 843 1013 Respondens
916 888 1142 944 autem
1218 878 1476 965 eliphaz
1496 876 1520 913 ²

469 968 864 1034 themanites
893 969 1109 1032 dixit:
1159 968 1233 1034 Si
1278 965 1522 1049 ceperi-

323 1078 472 1122 mus
517 1057 696 1139 loqui
729 1057 887 1122 tibi:
935 1057 1210 1120 forsitan
1242 1056 1522 1122 moleste

323 1146 621 1228 accipies,
745 1144 881 1210 Sed
941 1154 1336 1228 conceptum
1389 1163 1522 1207 ser-

323 1253 592 1297 monem
637 1242 860 1298 tenere
891 1235 1040 1316 quis
1071 1236 1297 1316 possit.
1347 1234 1524 1296 Ecce

322 1322 604 1387 docuisti
635 1321 950 1403 plurimos
969 1331 1038 1385 et
1063 1343 1298 1386 manus
1319 1323 1524 1386 lassas

325 1411 665 1475 roborasti.
752 1410 1159 1475 Vacillantes
1181 1412 1523 1475 roborave-

326 1508 478 1562 runt
537 1518 875 1562 sermones
933 1499 1070 1562 tui:
1165 1509 1231 1563 et
1307 1518 1528 1581 genua

328 1587 678 1652 trementia
723 1587 1122 1651 confortasti.
1212 1586 1428 1652 Lectio
1461 1586 1529 1669 ij.

325 1677 508 1808 N
536 1696 662 1739 unc
707 1685 930 1737 autem
977 1676 1158 1739 venit
1203 1696 1402 1760 super
1459 1684 1528 1738 te

535 1763 734 1847 plaga
779 1772 846 1827 et
896 1762 1236 1829 defecisti:
1311 1762 1531 1847 tetigit

329 1860 398 1914 te
452 1860 520 1915 et
565 1850 995 1916 conturbatus
1039 1872 1126 1916 eS.
1232 1852 1368 1918 Ubi
1429 1860 1529 1915 est

328 1940 528 2002 timor
556 1947 748 2002 tuus:
794 1939 1113 2003 fortitudo
1151 1948 1312 2005 tua:
1359 1941 1530 2023 pati-

329 2027 508 2090 entia
549 2035 703 2091 tua:
777 2036 846 2091 et
904 2027 1218 2109 perfectio
1277 2027 1529 2092 viarum

330 2124 609 2179 tuarum.
768 2115 1144 2179 Recordare
1238 2116 1531 2181 obsecr0.

331 2202 498 2286 Quis
543 2222 836 2284 unquam
885 2204 1198 2267 innocens
1224 2205 1529 2287 perierit:

330 2301 446 2354 aut
519 2291 790 2373 quando
863 2291 1064 2356 deleti
1138 2302 1294 2357 sunt
1353 2293 1530 2357 recti.

333 2378 514 2462 Quin
559 2381 780 2462 potius
811 2380 945 2444 vidi
977 2400 1091 2443 eos
1110 2382 1222 2463 qui
1254 2401 1531 2463 operan-

330 2476 439 2531 tur
457 2468 910 2549 iniquitatem:
956 2478 1024 2533 et
1054 2470 1385 2533 seminant
1416 2470 1533 2533 do-

333 2557 503 2621 lores
551 2566 618 2620 et
670 2567 928 2622 metunt
976 2579 1090 2622 eos
1154 2558 1356 2623 flante
1406 2560 1533 2623 deo

339 2645 608 2727 periisse
639 2654 708 2709 et
736 2646 970 2727 spiritu
1031 2646 1125 2711 ire
1174 2647 1318 2730 ejus
1389 2669 1534 2711 esse

340 2742 787 2816 consumptos
1204 2735 1415 2799 Lectio
1439 2735 1534 2818 iij.

338 2822 712 2952 Rugitus
777 2821 985 2886 leonis
1037 2831 1106 2886 et
1156 2843 1294 2887 vox
1349 2825 1535 2888 leene

487 2920 556 2973 et
580 2910 813 2973 dentes
853 2910 1222 2975 catulorum
1269 2911 1534 2976 leonum

339 2999 600 3062 contriti
649 3009 820 3062 sunt.
929 2999 1150 3082 Tigris
1217 3000 1411 3083 periit
1457 3021 1537 3064 eo

339 3087 518 3168 quod
581 3107 715 3150 non
776 3086 1050 3152 haberet
1094 3089 1411 3170 predam:
1470 3099 1538 3151 et

337 3175 536 3239 catuli
567 3175 776 3239 leonis
806 3176 1102 3259 dissipati
1133 3185 1304 3241 sunt.
1341 3178 1540 3241 Porro

339 3262 425 3326 ad
449 3283 552 3326 me
572 3263 822 3327 dictum
843 3273 944 3328 est
965 3264 1237 3328 verbum
1264 3265 1538 3330 abscon-

338 3352 599 3416 ditum:
646 3361 715 3416 et
745 3353 932 3434 quasi
965 3352 1203 3416 furtive
1249 3355 1539 3436 suscepit

339 3440 512 3503 auris
545 3459 696 3503 mea
724 3461 926 3504 venas
957 3441 1223 3504 susurrii
1255 3442 1418 3524 ejuS.

347 3532 412 3606 {I
467 3526 769 3592 sabbato.
1243 3531 1454 3594 Lectio
1477 3530 1541 3613 j.

447 3636 490 3678 n
549 3617 816 3680 horrore
874 3616 1142 3681 visionis
1224 3629 1542 3682 nocturne

450 3704 720 3787 quando
763 3703 932 3768 solet
979 3725 1177 3789 sopor
1223 3727 1544 3790 occupare

342 3791 687 3857 homines:
751 3814 961 3876 pavor
1008 3795 1224 3858 tenuit
1292 3816 1399 3859 me
1475 3805 1542 3860 et

343 3891 596 3944 tremor
611 3890 679 3945 et
693 3882 919 3946 omnia
943 3903 1096 3946 ossa
1114 3902 1263 3946 mea
1295 3893 1543 3966 perter-

342 3971 468 4033 rita
521 3979 690 4033 sunt.
787 3970 879 4034 Et
923 3991 1074 4035 cum
1121 3973 1387 4054 spiritus
1435 3993 1544 4036 me

2117 419 2277 472 590

1609 543 1758 587 cem
1840 523 2028 605 quasi
2105 543 2261 587 aure
2337 521 2502 586 lenis
2571 521 2809 587 audivi.

1615 610 1935 693 Nunquid
2028 610 2230 675 homo
2320 612 2812 693 comparatione

1613 700 1722 763 dei
1747 698 2249 781 justificabitur:
2282 709 2397 764 aut
2427 700 2671 763 factore
2691 719 2814 762 suo

1617 790 1841 871 purior
1869 790 1989 851 erit
2021 790 2134 852 vir.
2481 787 2697 851 Lectio
2740 788 2811 869 ij.

1617 878 1879 1011 Ecce
1909 877 2020 959 qui
2053 876 2347 940 serviunt
2378 876 2438 938 ei
2492 896 2625 939 non
2657 884 2814 938 sunt

1766 965 2039 1029 stabiles
2069 974 2137 1029 et
2168 965 2233 1028 in
2266 964 2517 1046 angelis
2548 966 2682 1027 suis
2715 984 2815 1026 re-

1619 1052 1789 1135 perit
1808 1054 2217 1135 pravitatem.
2311 1051 2583 1135 Quanto
2602 1054 2813 1133 magis

1619 1142 1690 1203 hi
1744 1142 1856 1223 qui
1902 1140 2206 1205 habitant
2265 1141 2503 1204 domos
2562 1140 2813 1204 luteas:

1621 1230 1735 1312 qui
1761 1238 2089 1294 terrenum
2134 1229 2383 1293 habent
2424 1228 2817 1292 fundamen-

1622 1327 1767 1381 tum
1785 1320 2292 1383 consumentur³
2309 1317 2502 1381 velud
2516 1319 2539 1354 ⁴
2560 1338 2600 1380 a
2618 1319 2817 1381 tinea.

1627 1407 1732 1469 De
1781 1427 1978 1470 mane
2038 1428 2246 1490 usque
2314 1407 2400 1470 ad
2471 1424 2817 1489 vesperam

1624 1495 2077 1560 succidentur:
2109 1504 2177 1558 et
2207 1496 2361 1578 quia
2381 1494 2597 1558 nullus
2630 1495 2821 1558 intel-

1625 1582 1771 1665 ligit
1795 1583 1863 1647 in
1887 1593 2184 1647 eternum
2205 1583 2527 1667 peribunt.
2554 1584 2689 1647 Lec.
2724 1583 2821 1665 iij.

1637 1672 1829 1839 Qui
1860 1682 2081 1735 autem
2101 1672 2331 1755 reliqui
2351 1672 2592 1735 fuerint
2611 1670 2822 1735 aufer-

1763 1768 1956 1823 entur
2002 1780 2091 1823 ex
2145 1761 2280 1825 eis:
2348 1762 2709 1823 morientur
2752 1770 2821 1823 et

1629 1867 1763 1911 non
1795 1848 1862 1910 in
1894 1848 2237 1931 sapientia.
2328 1848 2518 1913 Voca
2558 1869 2718 1930 ergo
2762 1848 2819 1911 si

1628 1946 1731 2000 est
1787 1937 1903 2018 qui
1954 1936 2075 2000 tibi
2136 1936 2569 2019 respondeat:
2620 1945 2690 1999 et
2734 1936 2821 1998 ad

1627 2024 1917 2107 aliquem
1970 2035 2347 2088 sanctorum
2422 2034 2823 2090 convertere.

1627 2114 1863 2178 Virum
1876 2113 2154 2177 stultum
2167 2112 2473 2177 interficit
2486 2113 2826 2176 iracundia

1627 2210 1697 2265 et
1726 2201 2073 2284 parvulum
2095 2202 2335 2265 occidit
2365 2202 2627 2265 invidia.
2677 2200 2827 2284 Ego

1628 2290 1764 2353 vidi
1784 2290 2063 2353 stultum
2086 2289 2278 2353 firma
2300 2289 2520 2353 radice
2546 2312 2559 2353 :
2592 2298 2661 2353 et
2686 2309 2823 2351 ma-

1629 2378 1835 2441 ledixi
1868 2378 2333 2461 pulchritudini
2365 2378 2505 2459 ejus
2536 2379 2780 2441 statim.

1634 2472 1700 2546 1[
1743 2467 1806 2530 A
1844 2466 1869 2503 ⁶
1902 2467 2106 2531 medio
2122 2466 2506 2549 septembris.
2595 2464 2829 2530 Domi-

1631 2557 1779 2620 nica
1810 2556 1905 2639 iij.

1633 2645 1917 2710 Sabbato
1957 2644 2058 2708 ad
2077 2655 2377 2726 vesperas.
2422 2654 2527 2710 αῆ.
2619 2644 2833 2708 Bene-

1632 2735 1866 2798 dictuS.
1942 2743 2042 2816 ps.
2136 2734 2387 2816 Ipsum.
2476 2743 2583 2798 etc.
2682 2733 2832 2816 Cap.

1634 2823 2036 2886 Benedictus
2109 2823 2291 2887 deus,
2401 2822 2514 2887 Re.
2624 2822 2830 2888 Omni

1634 2921 1951 2994 tempore.
1998 2911 2324 2991 Hymnus.
2356 2912 2541 2974 Deus
2560 2920 2831 2975 creator.

1634 3016 1684 3087 γ
1730 3000 2126 3082 Vespertina
2147 2999 2375 3064 orati0.
2438 3000 2524 3063 In
2552 2998 2835 3082 evangel.

1635 3097 1741 3152 aii.
1814 3088 2158 3169 Ingressus
2177 3086 2444 3170 raphael
2476 3088 2833 3171 archange-

1639 3177 1740 3240 lus
1772 3176 1855 3240 ad
1874 3176 2127 3240 tobiam
2146 3176 2171 3214 ⁶
2202 3175 2513 3240 salutavit
2548 3197 2700 3241 eum
2734 3177 2836 3239 di-

1634 3285 1832 3329 cens:
1878 3264 2196 3347 gaudium
2230 3265 2352 3328 tibi
2398 3284 2661 3347 semper
2702 3265 2833 3328 sit:

1633 3354 1742 3418 cui
1802 3353 2021 3417 tobias
2072 3353 2203 3416 ait:
2272 3353 2469 3434 quale
2518 3353 2835 3435 gaudium

1637 3442 1797 3506 mihi
1847 3443 2005 3506 erit:
2051 3442 2163 3523 qui
2196 3441 2261 3504 in
2298 3441 2585 3505 tenebris
2637 3442 2838 3505 sedeo

1639 3539 1709 3595 et
1762 3530 1985 3593 lumen
2046 3529 2169 3592 celi
2230 3550 2363 3593 non
2422 3529 2619 3593 video
2652 3552 2667 3592 :
2732 3530 2836 3592 cui

1639 3619 1915 3701 angelus
1947 3619 2079 3682 ait:
2126 3617 2275 3681 sorti
2323 3618 2549 3682 animo
2594 3627 2739 3681 esto
2770 3618 2837 3680 in

1641 3708 1951 3791 proximo
1986 3715 2088 3770 est
2118 3715 2192 3770 ut
2222 3727 2263 3770 a
2285 3706 2415 3771 deo
2446 3707 2703 3770 cureris,
2735 3715 2837 3787 ps.

1643 3796 1870 3878 Magn.
1901 3795 2027 3858 Ad
2051 3803 2249 3858 matu.
2280 3793 2523 3862 Invita.
2574 3795 2837 3858 Laude-

1641 3905 1789 3948 mus
1812 3903 2071 3948 nomen.
2104 3891 2205 3964 ps.
2234 3884 2491 3947 Venite.
2518 3883 2841 3964 Hymnus.

1644 3973 1866 4037 Primo
1911 3972 2182 4036 dierum.
2273 3973 2357 4034 In
2406 3973 2471 4054 j.
2516 3982 2673 4034 noct.
2732 3981 2838 4037 aii.

341 4067 646 4141 presente
688 4060 1036 4123 transiret:
1087 4061 1548 4124 inhorruerunt
1645 4061 1775 4125 Pro
1814 4060 1987 4124 fidei.
2042 4069 2143 4142 ps'.
2220 4061 2466 4124 Beatus
2497 4061 2609 4124 vir.
2641 4071 2745 4125 etc.
2790 4077 2840 4148 γ

344 4147 460 4228 pili
492 4147 705 4210 carnis
758 4167 922 4212 mee.
1012 4148 1219 4214 Stetit
1271 4149 1544 4231 quidam

345 4235 536 4316 cujus
595 4255 730 4298 non
791 4237 1236 4318 agnoscebam
1285 4236 1545 4301 vultum

345 4323 570 4406 imago
593 4343 814 4387 coram
836 4324 1043 4388 oculis
1067 4327 1231 4390 meis
1259 4347 1274 4390 :
1321 4337 1390 4390 et
1433 4347 1546 4390 vo-

517 4460 530 4490 ¹
568 4459 692 4524 qui:
731 4458 796 4509 N.
1001 4461 1022 4491 ²
1054 4460 1287 4526 eliphan:
1323 4460 1391 4512 N.

648 4529 668 4556 ⁸
703 4527 805 4574 Pro
832 4525 939 4576 ‘A’
962 4527 1064 4576 In:
1099 4529 1170 4578 N.

1562 4464 1582 4493 ⁸
1613 4470 1931 4512 consumetur
1954 4479 1967 4510 ε
2004 4460 2071 4512 N.

1645 4150 1926 4214 Memor.
2542 4149 2754 4212 Lectio
2778 4151 2845 4232 j.

1663 4237 2009 4370 Tobias
2059 4257 2159 4340 ‘ex
2221 4237 2394 4302 tribu
2449 4246 2518 4302 et
2556 4239 2843 4340 ‘civitate

1826 4327 2187 4408 neptalim:
2232 4346 2363 4408 que
2407 4335 2509 4390 est
2554 4347 2619 4389 m
2652 4347 2845 4411 supe·-

2258 4465 2277 4493 ⁴
2308 4462 2443 4511 velut
2468 4478 2481 4511 :
2516 4461 2675 4513 W.N.

1727 4531 1748 4559 ⁶
1787 4528 2039 4578 ‘thobiam
2061 4528 2073 4551 ’
2098 4529 2319 4593 (passim)
2350 4545 2363 4578 :
2400 4527 2556 4578 W.N.
