3375 5100
1439 326 1698 381 FERJA
1754 324 2145 381 SECUNDA

1074 432 1224 489 763

547 537 616 603 in
665 538 932 603 nomine
979 550 1212 605 sancto
1262 542 1404 624 ejus
1459 542 1748 625 speravi-

549 628 738 691 mus,¹
803 628 967 691 Fiat
999 630 1446 694 misericordia
1479 640 1594 694 tua
1624 632 1749 694 do-

547 718 728 779 mine
757 736 955 799 super
979 738 1136 783 nos:
1183 719 1749 802 quemadmodum

547 806 958 888 speravimus
989 806 1055 869 in
1089 817 1174 871 te.
1327 842 1332 850 ·
1393 808 1753 873 Psalmus.²

545 894 1038 1026 Benedicam
1075 896 1419 959 dominum
1467 896 1534 959 in
1565 897 1749 959 omni

695 992 1036 1065 ternpore:
1085 1004 1350 1067 semper
1401 984 1546 1049 laus
1605 986 1750 1067 ejus

549 1070 616 1133 in
649 1091 762 1134 ore
811 1092 976 1135 meo.
1066 1072 1150 1136 In
1198 1073 1474 1137 domino
1520 1073 1751 1137 lauda-

547 1159 730 1223 bitur
758 1161 982 1223 anima
1013 1180 1164 1225 mea
1191 1182 1206 1227 ε
1253 1163 1530 1226 audiant
1563 1182 1751 1226 man-

546 1249 716 1311 sueti
779 1257 848 1311 et
909 1249 1208 1314 letentur.
1309 1249 1751 1333 Magnificate

547 1336 892 1399 dominum
927 1357 1228 1403 mecum:
1273 1348 1342 1403 et
1374 1338 1751 1403 exaltemus

545 1444 792 1487 nomen
825 1425 968 1505 ejus
1001 1426 1067 1488 in
1102 1427 1406 1509 idipsum.
1481 1428 1552 1491 E
1555 1428 1751 1510 xqui-

547 1513 666 1576 sivi
715 1514 1056 1577 dominum
1103 1526 1171 1579 et
1203 1516 1551 1580 exaudivit
1596 1536 1751 1581 me:

547 1610 616 1665 et
678 1622 766 1665 ex
829 1603 1140 1667 omnibus
1213 1604 1751 1669 tribulationibus

547 1690 715 1753 meis
774 1690 1013 1772 eripuit
1061 1712 1186 1757 me.
1275 1693 1602 1759 Accedite
1663 1696 1747 1757 ad

547 1798 702 1842 eum
756 1788 824 1843 et
879 1778 1378 1847 illuminamini:
1425 1792 1494 1847 et
1549 1782 1751 1847 facies

546 1875 763 1931 vestre
825 1887 957 1932 non
1013 1870 1514 1935 confundentur.
1607 1870 1753 1935 Iste

545 1976 802 2040 pauper
829 1956 1144 2023 clamavit
1175 1969 1244 2023 et
1273 1960 1583 2024 dominus
1630 1981 1749 2025 ex-

549 2044 803 2108 audivit
877 2066 1083 2111 eum:
1159 2058 1228 2113 et
1286 2068 1375 2112 ex
1440 2049 1752 2113 omnibus

547 2132 1085 2199 tribulationibus
1109 2134 1250 2217 ejus
1275 2136 1554 2201 salvavit
1579 2158 1751 2202 eum.

550 2222 923 2286 Immittet³
953 2224 1230 2306 angelus
1260 2226 1512 2289 domini
1539 2228 1603 2289 in
1630 2228 1749 2291 cir-

549 2312 728 2375 cuitu
763 2312 1138 2376 timentium
1171 2334 1364 2379 eum:
1412 2324 1481 2379 et
1515 2316 1751 2399 eripiet

549 2418 680 2463 eos,
778 2400 1059 2465 Gustate
1091 2411 1158 2465 et
1180 2403 1401 2466 videte
1431 2406 1749 2485 quoniam

549 2488 768 2552 suavis
818 2499 920 2554 est
971 2490 1320 2558 dominus:
1369 2494 1604 2558 beatus
1653 2494 1753 2557 vir

549 2577 663 2660 qui
723 2589 946 2660 sperat
996 2579 1062 2642 in
1116 2601 1213 2644 eo,
1317 2581 1582 2647 Timete
1631 2583 1752 2646 do-

551 2667 806 2730 minum
837 2687 1070 2731 omnes
1115 2671 1326 2734 sancti
1360 2670 1538 2752 ejus:
1585 2691 1751 2754 quo-

551 2754 732 2818 niam
779 2776 911 2819 non
961 2766 1061 2820 est
1107 2757 1331 2840 inopia
1362 2761 1753 2824 timentibus

551 2863 724 2906 eum.
811 2844 1076 2908 Divites
1125 2858 1446 2928 eguerunt
1491 2858 1558 2913 et
1605 2869 1753 2913 esu-

552 2931 838 2996 rierunt:
902 2933 1305 3015 inquirentes
1354 2947 1578 3001 autem
1635 2940 1755 3002 do·

553 3019 808 3082 minum
893 3041 1025 3085 non
1115 3024 1494 3089 minuentur
1570 3026 1755 3089 omni

553 3108 751 3172 bono.
859 3109 1092 3176 Venite
1147 3111 1262 3177 filii
1315 3114 1542 3178 audite
1603 3135 1756 3180 me:

555 3198 864 3262 timorem
940 3200 1195 3265 domini
1284 3201 1542 3267 docebo
1617 3223 1755 3268 vos,

559 3285 722 3364 Quis
769 3295 868 3350 est
917 3287 1120 3352 homo
1169 3291 1282 3373 qui
1328 3291 1470 3355 vult
1501 3291 1755 3356 vitam:

553 3375 770 3458 diligit
810 3376 954 3440 dies
999 3377 1222 3441 videre
1270 3379 1495 3444 bonos,
1587 3381 1757 3446 Pro-

551 3462 708 3526 hibe
756 3463 1049 3546 linguam
1105 3475 1288 3530 tuam
1339 3489 1380 3532 a
1427 3468 1642 3533 malo:
1690 3478 1760 3533 et

553 3551 732 3616 labia
781 3563 897 3616 tua
957 3573 1040 3618 ne
1099 3553 1456 3637 loquantur
1503 3558 1755 3622 dolum.

552 3639 834 3705 Diverte
880 3663 921 3706 a
961 3643 1142 3706 malo
1190 3653 1256 3708 et
1311 3645 1416 3710 fac
1461 3646 1755 3710 bonum:

555 3729 810 3812 inquire
893 3752 1126 3813 pacem
1219 3743 1288 3798 et
1364 3755 1758 3818 persequere

552 3838 720 3884 eam.
817 3819 1007 3884 Oculi
1060 3821 1314 3885 domini
1374 3843 1572 3906 super
1617 3824 1759 3905 jus-

553 3916 711 3971 tos:
773 3917 843 3972 et
903 3929 1094 3972 aures
1154 3909 1297 3993 ejus
1357 3911 1469 3974 in⁴
1530 3932 1759 3995 preces

551 4013 798 4060 eorum.
921 3997 1157 4062 Vultus
1216 4008 1440 4063 autem
1501 4001 1757 4064 domini

551 4104 752 4166 super
781 4085 1096 4150 facientes
1146 4088 1363 4154 mala:
1415 4099 1488 4153 ut
1519 4092 1757 4172 perdat

554 4175 642 4238 de
672 4183 848 4239 terra
877 4177 1266 4241 memoriam
1297 4198 1540 4242 eorum.
1599 4177 1658 4245 C
1661 4179 1756 4241 la-

792 4311 806 4341 ¹
841 4311 1187 4376 sperabimus:
1223 4314 1368 4365 W.S.

789 4377 1259 4498 :qssittitEg⁰G
1294 4380 1472 4446 axiij:
1495 4395 1512 4430 ἰ
1535 4381 1588 4431 S.

791 4512 810 4540 ⁴
843 4525 934 4575 pro
963 4511 1044 4560 ‘in
1063 4511 1075 4535 '
1099 4483 1165 4562 ad
1235 4513 1302 4564 G.

2366 429 2518 486 766

1851 549 2199 604 maverunt
2244 538 2406 621 justi
2454 548 2524 602 et
2572 538 2884 602 dominus
2932 557 3055 601 ex-

1852 630 2105 694 audivit
2180 650 2339 693 eos:
2423 638 2492 691 et
2568 648 2655 689 ex
2740 628 3051 689 omnibus

1848 717 2387 783 tribulationibus
2456 736 2685 779 eorum
2748 714 3055 779 liberavit

1850 828 1983 871 eoS.
2100 805 2325 879 Juxta
2400 814 2505 869 est
2564 805 2873 868 dominus
2924 804 3053 866 hiis

1849 896 1962 979 qui
2000 896 2317 959 tribulato
2360 902 2515 957 sunt
2548 894 2784 957 corde:
2830 902 2899 955 et
2928 892 3053 955 hu-

1851 984 2041 1049 miles
2115 984 2347 1065 spiritu
2410 982 2713 1045 salvabit.
2820 980 3049 1045 hlulte

1848 1071 2305 1137 tribulationes
2376 1070 2748 1153 justorum:
2822 1078 2893 1133 et
2965 1070 3055 1132 de

1848 1163 2161 1229 omnibus
2202 1157 2748 1223 hiis³1iberabit⁶
2786 1174 2899 1223 eos
2931 1157 3051 1221 do-

1853 1253 2084 1316 minus.
2182 1248 2486 1314 Custodit
2544 1248 2857 1311 dominus
2908 1266 3051 1310 om·

1852 1340 1963 1403 nia
2006 1358 2158 1403 ossa
2202 1357 2471 1402 eorum:
2524 1356 2733 1399 unum
2782 1357 2874 1399 ex
2924 1335 3053 1398 hiis

1852 1447 1985 1491 non
2016 1436 2407 1492 conteretur.
2495 1425 2699 1489 Mors
2747 1434 3049 1507 peccato-

1852 1536 1997 1579 rum
2058 1516 2390 1599 pessima:
2466 1524 2534 1578 et
2594 1513 2710 1596 qui
2770 1514 3055 1576 oderunt

1845 1604 2101 1687 justum
2190 1604 2595 1686 delinquent.
2734 1601 3053 1666 Redimet

1850 1694 2161 1758 dominus
2208 1694 2465 1756 animas
2514 1710 2851 1755 servorum
2900 1710 3053 1753 suo-

1852 1802 2042 1847 rum:
2088 1791 2157 1846 et
2202 1801 2333 1844 non
2382 1780 2769 1863 delinquent
2817 1798 3053 1841 omnes

1850 1870 1963 1954 qui
2010 1878 2278 1953 sperant
2328 1870 2395 1932 in
2444 1866 2570 1933 eo!
2632 1876 2736 1933 αῆ.
2804 1868 3055 1931 Rectos

1849 1960 2045 2023 decet
2073 1958 2493 2024 collaudatio.
2695 1956 3055 2020 Psalmus.⁸

2012 2047 2206 2111 udica
2236 2048 2507 2111 domine
2552 2055 2867 2109 nocentes
2904 2066 3055 2108 me:

1849 2049 2005 2223 J
2010 2156 2331 2219 expugna
2398 2136 2867 2218 impugnantes
2928 2154 3057 2197 me.

1851 2226 1912 2289 A
1926 2225 2307 2307 pprehende
2368 2244 2555 2288 arma
2621 2233 2689 2287 et
2750 2232 3056 2287 scutum:

1851 2322 1920 2377 et
1974 2332 2228 2395 exurge
2287 2314 2354 2375 in
2416 2312 2818 2393 adjutorium
2874 2311 3059 2373 mihi.

1852 2402 1922 2465 E
1926 2402 2150 2465 ffunde
2220 2401 2543 2465 frameam
2604 2409 2673 2465 et
2732 2399 3057 2464 conclude

1852 2491 2168 2556 adversus
2220 2510 2335 2554 eos
2396 2490 2507 2573 qui
2572 2496 3061 2572 persequuntur

1852 2599 2003 2645 me:
2065 2581 2171 2644 dic
2218 2581 2439 2644 anime
2500 2599 2650 2643 mea
2708 2577 2887 2642 salus
2940 2587 3063 2640 tua

1852 2689 1979 2751 ego
2032 2689 2195 2732 sum.
2293 2666 2797 2733 Confundantur
2842 2677 2911 2730 et
2958 2687 3061 2730 re-

1852 2768 2251 2822 vereantur:
2326 2767 2680 2840 querentes
2759 2757 3057 2820 animam

1856 2867 2093 2910 meam.
2196 2848 2609 2910 Avertantur
2697 2854 3057 2908 retrorsum

1854 2943 1923 3000 et
1954 2933 2483 3000 confundantur:
2531 2934 2901 3016 cogitantes
2934 2935 3059 2996 mi·-

1856 3022 1921 3086 hi
1958 3023 2150 3087 mala.
2242 3024 2451 3088 Fiant
2488 3032 2805 3106 tanquam
2843 3021 3059 3105 pulvis

1857 3121 2016 3176 ante
2075 3113 2309 3177 faciem
2371 3113 2587 3176 venti:
2652 3123 2720 3176 et
2781 3111 3061 3195 angelus

1858 3201 2111 3265 domini
2162 3211 2469 3265 coartans
2516 3221 2647 3266 eoS.
2740 3201 2905 3264 Fiat
2950 3201 3059 3264 via

1857 3289 2117 3353 illorum
2150 3291 2422 3354 tenebre
2466 3299 2535 3354 et
2577 3289 2943 3354 lubricum:
2990 3301 3063 3351 et

1857 3379 2137 3460 angelus
2182 3379 2433 3444 domini
2480 3399 2882 3462 persequens
2926 3399 3059 3440 eoS.

1864 3467 2193 3545 Quoniam
2284 3469 2491 3550 gratis
2569 3468 3063 3532 absconderunt

1861 3556 2021 3619 mihi
2077 3557 2415 3621 interitum
2467 3557 2683 3640 laquei
2746 3557 2887 3620 sui:
2950 3577 3065 3618 su-

1860 3664 2183 3726 pervacue
2276 3643 2841 3728 exploraverunt⁹
2918 3643 3065 3707 ani-

1862 3753 2039 3796 mam
2074 3754 2310 3799 meam.
2392 3734 2630 3800 Veniat
2662 3735 2753 3798 illi
2787 3734 3064 3816 laqueus

1858 3842 2057 3904 quein
2114 3824 2416 3906 ignorat:
2470 3833 2539 3888 et
2582 3825 2803 3907 captio
2856 3843 3061 3906 quam

1858 3911 2211 3976 abscondit
2250 3911 2705 3994 apprehendat
2749 3932 2947 3976 eum:
2992 3921 3069 3974 et

1860 3999 1925 4061 in
1952 3999 2261 4084 laqueum
2287 4003 2485 4065 cadat
2509 4003 2575 4065 in
2609 4001 2845 4084 ipsum.
2889 4001 3069 4064 Ani-

1860 4107 1971 4152 ma
2048 4098 2271 4153 autem
2360 4109 2513 4154 mea
2584 4090 2918 4154 exultabit
2994 4090 3067 4152 in

1858 4177 2173 4242 domino:
2250 4188 2319 4242 et
2382 4179 2823 4245 delectabitur
2866 4199 3072 4262 super

2094 4317 2116 4410 ἶ
2149 4315 2411 4432 {ig‘ffissu
2438 4315 2673 4432 {hq‘add
2696 4399 2709 4432 ι
2732 4381 2860 4432 G.s.

2093 4449 2543 4580 3{}·p{31;...·.ff;,.
2566 4451 2900 4566 ffffgiwss.

1220 4583 1239 4610 ⁸
1273 4595 1364 4642 pro
1395 4579 1519 4630 ‘hiis
1541 4580 1551 4600 ’
1575 4579 1666 4630 his.
1698 4580 1781 4630 hic
1806 4587 1855 4630 et
1878 4581 2061 4646 passim
2088 4600 2100 4631 ε
2128 4579 2258 4632 E.G.
2270 4581 2350 4630 W.
2362 4583 2412 4632 S.
