3375 5100
1436 332 1806 388 DOMJNJC
1803 333 1857 387 A
1913 332 2182 387 PRIMA

1062 441 1209 495 275

534 549 1151 633 suspicabatureum
1170 547 1317 631 plus
1334 548 1349 585 ¹
1366 568 1510 611 esse
1530 567 1732 630 quam

534 640 895 704 hominem.
988 636 1101 701 Rc.
1181 637 1473 701 Paradisi
1508 646 1735 718 portas

532 728 793 811 aperuit
867 725 1060 789 nobis
1131 724 1366 806 jejunii
1448 734 1730 807 tempus,

538 816 993 899 Suspiciamus
1084 812 1245 877 illud
1323 822 1591 877 orantes
1664 822 1734 876 et

536 907 1017 988 deprecantes:
1078 903 1175 968 Ut
1236 901 1303 965 in
1364 902 1475 965 die
1524 920 1734 965 resur-

536 993 847 1057 rectionis
923 1010 1078 1054 cum
1160 990 1437 1054 domino
1495 989 1733 1071 glorie-

535 1102 699 1145 mur.
810 1096 859 1165 γ
931 1080 1109 1143 Ecce
1198 1098 1375 1143 nunc
1464 1087 1732 1161 tempus

536 1167 944 1253 acceptabile
979 1188 995 1233 :
1086 1186 1240 1231 ecce
1328 1186 1503 1231 nunc
1588 1166 1732 1229 dies

534 1258 767 1323 salutis
858 1254 1107 1320 nemini
1196 1254 1437 1320 dantes
1526 1253 1730 1319 ullam

532 1346 985 1411 offensionem.
1080 1344 1199 1409 Ut.
1290 1342 1534 1409 Gloria.
1614 1343 1730 1409 Ut.

618 1436 703 1499 In
734 1432 1003 1498 secundo
1048 1442 1353 1495 nocturno
1392 1440 1497 1495 αῆ.
1589 1431 1730 1497 Na-

536 1533 700 1589 ture.
776 1532 879 1605 pf.
942 1521 1281 1586 Conserva
1314 1538 1423 1583 me
1486 1528 1592 1584 etc.
1680 1536 1734 1605 γ

538 1613 693 1695 lpse
747 1610 1050 1675 liberavit
1104 1628 1229 1673 me.
1321 1608 1429 1673 De
1490 1607 1732 1691 laqueo

532 1700 921 1765 venantium
952 1707 1021 1762 et
1050 1716 1093 1760 a
1122 1696 1325 1761 verbo
1356 1716 1608 1779 asper0.

531 1787 1002 1921 Animabat
1052 1785 1278 1867 itaque
1330 1784 1567 1868 [Lectio
1604 1784 1730 1867 iiij.

702 1876 887 1940 illum
908 1893 1283 1958 presumere
1305 1892 1730 1955 congressum

530 1974 761 2049 partus
821 1963 1196 2028 semineus:
1260 1961 1379 2025 sed
1441 1961 1732 2025 terrebat

530 2053 875 2136 virginitas
952 2049 1284 2134 parientis
1406 2050 1732 2134 Quamvis

531 2144 709 2206 enim
745 2141 1082 2207 Christum
1118 2139 1327 2203 maria
1356 2158 1477 2203 eve
1500 2138 1732 2221 utique

530 2231 667 2295 filia
699 2230 1062 2314 peperisset
1096 2248 1111 2292 :
1142 2247 1275 2291 non
1308 2236 1533 2291 tamen
1576 2247 1732 2291 eum

534 2330 929 2403 conceperat
962 2318 1049 2381 de
1077 2316 1295 2380 adam.
1366 2315 1539 2380 Cum
1572 2335 1734 2398 ergo

533 2408 838 2472 inimicus
874 2406 981 2469 dei
1015 2403 1225 2467 filium
1254 2402 1510 2468 videret
1541 2412 1734 2467 tanta

532 2517 653 2580 per
700 2494 1017 2560 miracula
1068 2500 1531 2577 procreatum:
1590 2491 1734 2556 vol-

532 2585 733 2650 vebat
794 2603 1020 2648 secum
1062 2591 1137 2646 ut
1184 2581 1469 2645 arbitror
1526 2589 1732 2664 atque

534 2673 873 2737 admirans
904 2670 1189 2735 dicebat.
1268 2667 1441 2751 Quis
1472 2668 1597 2734 iste
1628 2679 1732 2736 est

531 2762 646 2843 qui
680 2759 1019 2824 nesciente
1053 2778 1158 2822 me
1188 2756 1365 2820 hunc
1396 2757 1731 2840 ingressus

531 2857 635 2914 est
669 2848 1011 2912 mundum.
1104 2846 1217 2910 Re.
1275 2846 1730 2910 Emendemus

534 2938 602 3001 in
634 2936 871 3000 melius
908 2955 1039 3018 que
1084 2934 1466 3017 ignoranter
1496 2953 1730 3016 pecca·

530 3027 748 3088 vimus
780 3044 863 3087 ne
893 3023 1113 3087 subito
1138 3022 1559 3105 preoccupati
1584 3022 1732 3086 die·

536 3113 767 3176 mortis
812 3131 1167 3196 queramus
1212 3110 1511 3194 spacium
1544 3111 1728 3192 peni-

532 3201 741 3265 tentie
767 3210 837 3265 et
858 3200 1150 3264 invenire
1176 3219 1307 3262 non
1332 3199 1732 3282 possumus,⁸

532 3290 837 3354 Attende
895 3288 1167 3353 domine
1238 3297 1308 3352 et
1368 3287 1728 3352 miserere:

531 3379 689 3461 quia
720 3379 1141 3461 peccavimus
1171 3375 1311 3440 tibi.
1394 3393 1443 3462 γ
1491 3377 1730 3439 Pecca-

532 3468 749 3531 vimus
795 3486 948 3532 cum
994 3464 1289 3548 patribus
1344 3464 1587 3528 nostris
1632 3465 1731 3528 in-

524 3555 703 3637 juste
721 3555 979 3638 egimus
1003 3554 1422 3638 iniquitatem
1438 3553 1730 3618 fecimus

530 3645 851 3710 Attende.
1423 3639 1639 3706 Lectio
1668 3661 1730 3706 v.

530 3733 821 3866 Novi
868 3731 1138 3815 quidem
1171 3729 1329 3812 quia
1364 3730 1449 3794 de
1481 3728 1732 3794 semina

715 3831 910 3886 natus
950 3829 1098 3885 est:
1144 3818 1261 3884 sed
1295 3818 1518 3883 nescio
1551 3819 1730 3882 unde

531 3918 909 3990 conceptus,
1002 3907 1208 3971 Astat
1258 3927 1411 3970 ecce
1464 3917 1729 3973 mater:

533 3996 651 4059 sed
685 4005 943 4078 patrem
978 3995 1375 4077 investigare
1407 4014 1540 4058 non
1575 4015 1729 4078 pos-

531 4103 698 4149 sum.
792 4083 1063 4147 Partum
1116 4084 1354 4149 video:
1423 4083 1541 4147 sed
1591 4103 1728 4148 non

531 4191 825 4252 agnosco
884 4181 1283 4236 nascentem.
1395 4171 1487 4234 Et
1545 4171 1728 4252 quod

531 4261 781 4342 stupori
845 4279 998 4324 meo
1058 4258 1423 4324 accrescit:
1501 4258 1728 4324 incon-

726 4409 739 4438 ¹
782 4411 795 4435 ⁸
813 4407 963 4456 deum
984 4406 997 4428 '
1019 4405 1153 4456 add:
1190 4404 1326 4457 E.G.

723 4475 743 4504 ²
774 4472 875 4522 diei
901 4491 913 4522 :
950 4472 1012 4522 Ε.

720 4541 741 4571 ⁸
776 4539 1057 4606 possimus:
1092 4537 1225 4588 EG.

2361 438 2507 495 276

1837 554 2028 609 sueta
2070 545 2218 629 lege
2263 546 2562 627 pariendi
2608 545 2810 610 etiam
2855 547 3038 611 edito

1837 633 1974 698 filio
2005 644 2220 697 mater
2247 634 2510 698 exultat
2543 644 2616 698 ut
2647 638 2851 718 virgo.
2919 637 3032 699 Re.

1839 724 1920 787 In
1975 722 2232 805 jejunio
2291 732 2362 786 et
2409 720 2570 787 fletu
2631 723 3032 806 plorabunt⁴

1833 812 2214 876 sacerdotes
2257 811 2572 875 dicentes,
2667 812 2868 875 Parce
2915 813 3032 876 do-

1835 900 2014 963 mine
2073 918 2271 982 parce
2328 902 2582 983 populo
2641 909 2760 965 tuo
2819 910 2886 964 et
2948 922 3034 964 ne

1833 988 1954 1051 des
2007 988 2447 1052 hereditatem
2508 997 2694 1052 tuam
2757 990 2824 1051 in
2885 1010 3030 1071 per-

1833 1076 2173 1141 ditionem.
2283 1092 2332 1161 γ
2387 1076 2573 1140 Inter
2629 1078 3028 1142 vestibulum

1833 1174 1903 1228 et
1961 1163 2170 1229 altare
2221 1164 2622 1247 plorabunt⁴
2653 1166 3032 1230 sacerdotes

1833 1253 2148 1318 dicentes,
2242 1252 2462 1325 Parce.
2699 1254 2913 1317 Lectio
2943 1254 3028 1318 vi.

1987 1360 2028 1405 n
2069 1342 2252 1423 jacet
2297 1342 2364 1405 in
2407 1341 2758 1405 cunabulis
2793 1362 3030 1425 parvu-

1985 1430 2086 1493 lus
2113 1450 2128 1493 :
2173 1428 2498 1494 suffundit
2527 1428 2860 1495 lachrimis
2890 1432 3030 1495 vul-

1832 1526 1998 1583 tum.
2091 1517 2530 1601 Similemque
2571 1539 2644 1583 se
2681 1539 2826 1583 esse
2859 1540 3030 1583 mor-

1833 1606 2068 1671 talium
2093 1606 2428 1689 vagitibus
2459 1607 2696 1689 prodit.
2753 1608 2846 1672 Et
2875 1629 3028 1671 cum

1834 1694 1998 1759 nihil
2039 1696 2100 1759 ei
2147 1696 2234 1759 de
2279 1694 2560 1759 infantia
2589 1696 2800 1760 desit:
2846 1696 3030 1760 nulla

1832 1792 2060 1847 tamen
2115 1782 2286 1848 inest
2327 1784 2390 1847 ei
2435 1782 2617 1849 velut
2662 1786 2728 1848 in
2777 1784 3032 1849 infante

1833 1872 2184 1955 corruptio.
2280 1873 2522 1937 Pannis
2582 1873 2838 1937 obsitus
2891 1894 3028 1937 sor-

1833 1960 1987 2025 det:
2033 1961 2152 2024 sed
2197 1960 2416 2025 celum
2462 1960 2554 2024 illi
2607 1962 2798 2026 radio
2840 1962 3032 2026 stelle

1835 2048 2084 2113 letioris
2128 2049 2410 2115 arridet:
2455 2061 2660 2133 atque
2705 2049 2772 2114 in
2819 2050 3030 2114 hono·

1835 2156 1974 2201 rem
2037 2136 2240 2219 ipsius
2301 2138 2750 2203 ministrantes
2809 2139 3028 2221 angeli

1835 2223 1894 2289 ei
1913 2224 1978 2290 ⁸:
2029 2226 2201 2289 inter
2233 2227 2474 2309 sydera
2505 2235 2844 2310 terrasque
2875 2248 3028 2291 con-

1835 2323 2105 2379 currunt
2123 2324 2194 2379 et
2209 2315 2594 2380 exultantes
2625 2318 3028 2381 annunciant

1834 2422 2038 2485 quam
2093 2422 2226 2466 non
2281 2403 2583 2488 intelligo
2643 2406 3027 2469 novitatem.

1833 2490 1950 2556 Re.
2048 2490 2352 2558 Scindite
2421 2493 2624 2558 corda
2681 2502 2902 2558 vestra
2961 2502 3030 2558 et

1837 2599 1970 2643 non
2003 2581 2400 2646 vestimenta
2431 2590 2669 2647 vestra.
2749 2583 2842 2647 Et
2870 2603 3028 2646 con-

1834 2668 2164 2734 vertimini
2241 2670 2328 2736 ad
2403 2671 2750 2734 dominum
2827 2671 3028 2735 deum

1835 2757 1994 2839 quia
2023 2757 2350 2839 benignus
2397 2767 2466 2822 et
2497 2759 2863 2822 misericors
2908 2768 3028 2824 est.

1839 2861 1882 2932 y
1959 2845 2396 2910 Revertimini
2459 2848 2912 2931 unusquisque
2989 2868 3030 2911 a

1831 2933 1942 2996 via
1971 2953 2092 3000 sua
2123 2935 2302 2999 mala
2331 2945 2400 3000 et
2431 2935 2735 3018 pessimis
2779 2937 3029 3018 cogita-

1833 3021 2122 3086 tionibus
2167 3023 2319 3088 suiS.
2413 3023 2506 3089 Et
2551 3025 3026 3089 convertimini.

1835 3110 2078 3175 Gloria.
2173 3110 2282 3178 Et.

1920 3199 2006 3262 In
2039 3199 2132 3281 ig'j.
2167 3210 2471 3264 nocturno
2509 3209 2618 3266 αῆ.
2711 3199 3034 3284 Sponsus.

1818 3295 1920 3368 pff.
2003 3287 2146 3353 Celi
2215 3298 2524 3354 erarrant.
2619 3306 2665 3376 y
2727 3289 3034 3372 Scapulis

1833 3375 1968 3438 suis
2029 3376 2458 3441 obumbrabit
2517 3377 2657 3444 tibi.
2753 3378 2847 3443 Et
2907 3379 3032 3441 sub

1833 3465 2070 3546 pennis
2099 3465 2242 3547 ejus
2273 3466 2587 3548 sperabis,

1832 3554 1969 3684 ln
2031 3553 2143 3616 illo
2206 3552 2608 3636 [Secundum
2657 3553 3030 3618 mattheum.

1925 3648 2263 3724 tempore:
2297 3643 2560 3708 Ductus
2603 3654 2708 3709 est
2735 3644 2930 3726 Jesus
2965 3644 3028 3706 in

1833 3727 2172 3794 desertum
2222 3751 2262 3794 a
2311 3732 2545 3814 spiritu
2607 3741 2682 3796 ut
2741 3743 3034 3814 tempta-

1836 3815 2062 3882 retur⁰
2122 3838 2165 3883 a
2215 3819 2526 3902 dyabolo.
2622 3821 2714 3884 Et
2759 3821 3028 3902 reliqua.

1839 3905 2093 3971 Omelia
2123 3907 2293 3971 beati
2305 3908 2604 3990 gregorii
2613 3919 2793 3991 pape.

2006 3997 2218 4060 tendit
2248 3998 2426 4060 enim
2460 3996 2692 4060 fratres
2726 3996 2888 4080 [Lec.
2915 3995 3030 4078 vij.

1969 4084 2381 4167 evangelista
2441 4085 2748 4150 matheus
2797 4086 3030 4167 Jesum

1835 4191 1970 4234 non
2031 4172 2118 4236 ab
2181 4174 2448 4237 alieno:
2527 4175 2647 4238 sed
2721 4175 2809 4238 ab
2887 4175 3032 4255 ipso

1833 4260 2067 4342 spiritu
2127 4271 2409 4326 sancto:
2457 4263 2571 4344 qui
2632 4283 2831 4345 super
2875 4281 3029 4325 eum

2050 4411 2078 4505 1
2101 4409 2403 4503 plo-rimant:
2438 4409 2661 4460 E.G.W.

2061 4543 2082 4570 ⁸
2114 4489 2387 4592 teeritagttiir
2409 4475 2610 4593 :EE'2.W.
