3375 5100
1307 275 1855 331 SEPTEMBRIS.

866 384 1022 441 585

332 490 418 553 In
507 490 576 572 ij.
665 499 967 554 nocturno
1038 498 1143 555 ανῖ.

319 588 419 659 pf.
515 579 862 644 Conserva.
951 581 1079 644 etc.¹
1174 596 1218 665 γ

335 674 548 730 nocte.

333 755 789 885 Respondit
816 754 1054 819 sathan
1088 765 1155 819 et
1173 758 1310 820 ait:
1345 757 1530 820 Nun—

482 844 640 924 quid
663 843 899 907 frustra
921 845 1114 908 timet
1138 844 1258 925 job
1282 846 1480 907 deum
1505 844 1532 905 ?

338 930 582 994 Nonne
617 941 684 994 tu
709 932 968 995 vallasti
989 954 1139 995 eum
1158 952 1234 995 ac
1255 932 1533 996 domum

335 1019 516 1100 ejus:
565 1021 1064 1103 universamque
1095 1020 1532 1085 substantiam

335 1107 480 1189 ejus
541 1128 658 1189 per
717 1110 1078 1173 circuitum.
1201 1110 1534 1191 Operibus

337 1216 654 1259 manuum
715 1196 856 1278 ejus
945 1197 1390 1262 benedixisti:
1467 1208 1534 1261 et

336 1286 665 1365 possessio
733 1286 874 1367 ejus
933 1287 1136 1349 crevit
1205 1287 1271 1349 in
1341 1296 1530 1351 terra.

337 1372 471 1437 Sed
519 1375 810 1437 extende
870 1375 1209 1456 paululum
1262 1395 1532 1438 manum

331 1469 518 1523 tuam
551 1484 565 1526 ε
657 1471 723 1525 et
828 1470 1030 1545 tange
1103 1472 1342 1527 cuncta
1402 1484 1532 1544 que

333 1550 631 1631 possidet
658 1572 674 1614 ε
707 1550 830 1613 nisi
860 1552 926 1613 in
959 1550 1192 1614 faciem
1214 1550 1532 1614 benedix-

333 1638 456 1701 erit
487 1638 626 1701 tibi.
699 1638 816 1702 Re.
893 1637 1118 1721 Quare
1148 1640 1531 1703 detraxistis

333 1725 746 1789 sermonibus
763 1727 1060 1790 veritatis
1079 1728 1164 1789 ad
1191 1728 1530 1810 increpan-

333 1815 496 1882 dum
526 1814 728 1877 verba
779 1817 1215 1897 componitis:
1260 1826 1330 1879 et
1376 1816 1530 1879 sub-

331 1912 584 1965 vertere
599 1903 910 1966 nitimini²
920 1904 1204 1967 amicum
1218 1913 1528 1968 vestrum.

331 1989 786 2054 Veruntamen
829 2012 960 2073 que
991 1992 1331 2073 cogitastis
1353 1993 1378 2030 ³
1409 2013 1528 2055 ex-

331 2077 526 2159 plete.
578 2095 622 2164 γ
669 2078 913 2143 Militia
945 2088 1045 2143 est
1077 2081 1214 2143 vita
1244 2079 1531 2145 hominis

332 2186 530 2249 super
557 2174 800 2230 terram
826 2188 841 2231 :
887 2176 956 2231 et
985 2168 1158 2231 sicut
1188 2169 1330 2232 dies
1361 2189 1530 2232 mer-

331 2256 616 2317 cennarii
641 2254 782 2318 dies
807 2256 963 2337 ejuS.
1012 2258 1480 2322 Veruntamen.

331 2343 613 2473 Dixit
645 2364 802 2426 ergo
834 2344 1142 2408 dominus
1198 2344 1439 2427 [Lectio
1469 2366 1529 2409 v.

485 2432 570 2494 ad
603 2430 842 2495 sathan
878 2432 1052 2496 Ecce
1085 2434 1530 2517 universaque

330 2517 534 2584 habet
564 2520 631 2584 in
664 2541 864 2585 manu
897 2529 1011 2585 tua
1041 2531 1234 2586 sunt:
1267 2531 1528 2587 tantum

330 2607 396 2670 in
444 2629 596 2672 eum
629 2629 711 2673 ne
745 2611 1072 2674 extendas
1119 2631 1390 2675 manum
1423 2620 1527 2675 tu-

329 2717 458 2761 am.
551 2697 1008 2780 Egressusque
1055 2707 1160 2763 est
1207 2699 1445 2763 sathan
1488 2720 1530 2764 a

325 2783 494 2848 facie
524 2785 793 2850 domini.
886 2788 1056 2853 Cum
1111 2797 1334 2851 autem
1364 2809 1527 2870 qua-

327 2873 484 2936 dam
511 2875 620 2938 die
651 2873 767 2938 filii
800 2883 870 2937 et
901 2873 1035 2939 filie
1070 2876 1190 2957 job
1215 2877 1524 2940 comede-

325 2971 472 3025 rent
503 2971 570 3026 et
593 2963 893 3026 biberent
923 2965 1150 3027 vinum
1183 2965 1250 3028 in
1280 2964 1484 3028 domo
1503 2965 1528 3002 ⁴

327 3050 544 3114 fratris
575 3052 674 3114 sui
736 3051 1155 3134 primogeniti
1187 3074 1202 3116 :
1249 3055 1528 3117 nuncius

324 3140 506 3202 venit
539 3140 622 3202 ad
649 3139 771 3221 job
811 3140 922 3222 qui
974 3141 1263 3205 diceret:
1313 3143 1526 3206 Boves

325 3226 604 3291 arabant
669 3237 737 3291 et
823 3229 1005 3292 asine
1087 3229 1529 3312 pascebantur

317 3315 519 3396 juxta
549 3337 663 3378 eos
699 3326 767 3379 et
811 3317 1134 3380 irruerunt
1165 3317 1346 3381 sabei
1377 3340 1390 3381 :
1417 3327 1523 3381 tu-

322 3403 670 3486 leruntque
714 3406 938 3468 omnia
984 3415 1052 3468 et
1095 3426 1332 3487 pueros
1380 3427 1528 3488 per-

323 3501 669 3555 cusserunt
713 3493 976 3574 gladio:
1049 3503 1119 3557 et
1168 3495 1346 3557 evasi
1397 3514 1524 3576 ego

323 3579 503 3642 solus
534 3589 609 3644 ut
640 3581 1020 3645 nunciarem
1069 3582 1204 3646 tibi.
1251 3583 1364 3645 Re.
1413 3583 1524 3646 In-

324 3668 490 3732 duta
543 3678 646 3732 est
690 3690 844 3734 caro
879 3691 1027 3734 mea
1073 3671 1422 3753 putredine
1454 3681 1524 3736 et

321 3757 628 3821 sordibus
659 3759 946 3840 pulveris
979 3761 1148 3823 cutis
1179 3779 1330 3822 mea
1352 3760 1524 3824 aruit

323 3852 390 3907 et
429 3855 770 3910 contracta
802 3857 922 3911 est.
1013 3847 1360 3911 Memento
1393 3848 1520 3911 mei

320 3933 633 3998 domine:
711 3937 868 4017 quia
926 3947 1166 4000 ventus
1219 3947 1320 4000 est
1379 3938 1520 4000 vita

321 4042 487 4086 mea.
535 4039 582 4109 γ
648 4023 808 4087 Dies
870 4025 998 4088 mei
1059 4025 1229 4089 sicut
1288 4026 1522 4090 umbra

317 4111 861 4176 declinaverunt:
917 4122 986 4176 et
1033 4133 1159 4195 ego
1209 4113 1380 4177 sicut
1429 4114 1523 4177 se-

318 4219 478 4266 num
512 4201 667 4264 arui.
763 4201 1124 4266 Memento.
1199 4202 1415 4266 Lectio
1435 4203 1520 4285 vj.

1253 491 1525 555 Nature.

1304 580 1532 643 Media

548 4363 560 4392 ¹
595 4369 642 4411 et
664 4363 834 4412 cderi:
873 4363 943 4412 N.

879 4431 896 4460 ⁴
930 4429 1134 4478 domum
1161 4448 1174 4479 ι
1209 4430 1277 4480 N.

877 4497 898 4525 ⁸
935 4495 1074 4560 ‘vg‘yl'
1097 4513 1192 4546 om.
1214 4512 1230 4545 .·
1265 4497 1334 4546 Ν.

1383 4367 1403 4396 ²
1435 4364 1663 4416 nitemini
1683 4381 1695 4414 :
1732 4363 1799 4414 N.

2140 383 2297 441 586

1645 492 1974 625 Cunque
2005 490 2221 555 adhuc
2258 490 2367 555 ille
2414 490 2831 573 loqueretur:

1751 582 1931 643 venit
1960 580 2129 643 alter
2150 590 2216 643 et
2246 580 2458 643 dixit:
2508 580 2689 661 Ignis
2722 580 2829 643 dei

1633 668 1721 732 de
1751 668 1894 732 celo
1925 670 2160 733 cecidit
2190 678 2257 731 et
2287 678 2499 731 tactas
2530 688 2687 731 oves
2709 688 2831 749 pu-

1633 777 1911 839 erosque
1963 758 2402 838 consumpsit:
2479 764 2548 818 et
2626 756 2825 837 effugi

1631 865 1758 927 ego
1788 846 1967 908 solus
1997 855 2069 908 ut
2102 846 2479 908 nunciarem
2511 843 2649 907 tibi.
2696 844 2828 906 Ve-

1634 936 1731 996 nit
1761 934 1929 997 alius
1960 943 2026 996 et
2076 933 2251 997 dixit
2280 954 2293 997 :
2345 932 2621 998 Chaldei
2655 931 2825 995 sece-

1632 1031 1788 1085 runt
1841 1031 1972 1085 tres
2019 1031 2271 1085 turmas
2320 1030 2387 1084 et
2447 1021 2828 1084 invaserunt

1633 1110 1965 1173 camelos:
2011 1119 2079 1173 et
2129 1109 2421 1174 tulerunt
2471 1130 2627 1173 eos:
2675 1129 2828 1172 nec-

1631 1218 1764 1261 non
1856 1207 1923 1261 et
2012 1218 2249 1281 pueros
2369 1206 2830 1280 percusserunt

1629 1286 1891 1368 gladio:
1955 1296 2024 1350 et
2084 1286 2283 1369 effugi
2336 1306 2463 1368 ego
2516 1285 2693 1348 solus
2755 1294 2829 1348 ut

1631 1376 2010 1438 nunciarem
2073 1375 2210 1439 tibi.
2299 1374 2497 1438 Alius
2524 1378 2531 1387 '
2558 1374 2828 1438 intravit

1630 1472 1699 1527 et
1761 1464 1973 1527 dixit:
2040 1462 2225 1527 Filiis
2274 1463 2405 1527 tuis
2452 1472 2519 1525 et
2565 1462 2828 1525 filiabus

1628 1550 2044 1614 vescentibus
2075 1560 2142 1614 et
2175 1550 2553 1615 bibentibus
2601 1551 2827 1614 vinum

1629 1639 1698 1701 in
1719 1640 1922 1703 domo
1940 1638 1967 1675 ⁶
1996 1639 2213 1702 fratris
2242 1640 2343 1703 sui
2363 1639 2785 1721 primogeniti
2810 1660 2825 1701 :

1629 1736 1901 1810 repente
1955 1736 2191 1790 ventus
2250 1727 2608 1791 vehemens
2639 1726 2827 1790 irruit

1629 1836 1670 1878 a
1731 1816 1997 1897 regione
2056 1816 2343 1880 deserti:
2390 1824 2457 1879 et
2506 1815 2828 1897 percussit

1629 1912 1943 1985 quattuor
2003 1903 2281 1985 angulos
2340 1904 2620 1967 domus:
2697 1924 2827 1984 que

1628 2012 1937 2055 corruens
1962 1993 2289 2073 oppressit
2321 1991 2559 2054 liberos
2578 2000 2728 2054 tuos
2760 2001 2830 2055 et

1627 2080 1870 2143 mortui
1900 2089 2097 2144 sunt:
2142 2089 2211 2143 et
2256 2080 2458 2162 effugi
2489 2099 2614 2161 ego
2646 2079 2827 2143 solus

1628 2177 1704 2231 ut
1735 2169 2111 2232 nunciarem
2136 2168 2274 2231 tibi.
2320 2168 2439 2232 Re.
2485 2167 2829 2231 Memento

1629 2258 1762 2320 mei
1816 2257 2017 2320 deus:
2064 2257 2220 2338 quia
2262 2265 2499 2319 ventus
2546 2265 2646 2319 est
2690 2255 2830 2319 vita

1629 2365 1796 2408 mea.
1889 2346 2032 2409 Nec
2065 2344 2340 2428 aspiciet
2364 2364 2471 2407 me
2501 2345 2679 2407 visus
2709 2343 2827 2408 ho-

1627 2434 1841 2497 minis,
1885 2449 1935 2520 γ
1982 2433 2055 2497 Si
2076 2442 2340 2496 tacuero
2371 2452 2503 2496 non
2535 2433 2829 2515 quiescet

1625 2522 1819 2586 dolor
1830 2541 2017 2586 meus
2034 2544 2049 2586 :
2075 2529 2142 2585 et
2151 2521 2204 2585 si
2220 2520 2478 2586 locutus
2499 2520 2682 2585 fuero
2695 2541 2827 2585 non

1625 2610 1894 2675 recedet
1928 2632 1969 2674 a
1998 2631 2122 2674 me.
2171 2612 2331 2676 Nec.
2382 2610 2629 2675 Gloria.
2664 2611 2825 2675 Nec.

1624 2699 1711 2762 In
1787 2699 1883 2781 iij.
1976 2709 2279 2762 nocturno
2350 2707 2455 2762 aii.
2507 2698 2825 2780 Sponsus.

1609 2795 1713 2869 pff.
1780 2787 1921 2852 Celi
1954 2798 2263 2851 enarrant
2301 2796 2405 2851 etc.
2454 2804 2501 2874 γ
2550 2787 2829 2851 Exalta-

1627 2895 1696 2938 re
1725 2875 2012 2940 domine.
2106 2875 2253 2960 vijs‘
2311 2875 2827 2958 Responsorium.

1627 2963 1932 3029 Paucitas
1962 2964 2215 3027 dierum
2236 2985 2533 3028 meorum
2566 2963 2828 3027 finietur

1625 3052 1850 3116 brevi:
1897 3052 2159 3116 dimitte
2212 3073 2321 3116 me
2369 3052 2638 3116 domine
2687 3054 2827 3115 sine

1623 3140 1938 3224 plangam
1972 3139 2312 3223 paululum
2343 3139 2643 3204 dolorem
2692 3161 2828 3204 me-

1625 3249 1758 3292 um.
1846 3229 2237 3311 Antequam
2284 3229 2526 3292 vadam
2570 3228 2656 3292 ad
2698 3237 2829 3292 ter-

1624 3337 1768 3381 ram
1858 3317 2277 3382 tenebrosam
2368 3327 2437 3380 et
2526 3326 2826 3400 opertam

1625 3405 1856 3469 mortis
1903 3406 2199 3487 caligine.
2248 3422 2295 3492 y
2343 3405 2519 3468 Ecce
2566 3405 2633 3467 in
2683 3405 2827 3486 pul·

1621 3515 1773 3558 vere
1806 3494 2004 3558 sedeo
2036 3504 2103 3558 et
2134 3495 2199 3556 in
2232 3493 2497 3576 pulvere
2529 3492 2827 3559 dormio:

1620 3592 1691 3647 et
1720 3584 1776 3645 si
1808 3603 2004 3646 mane
2038 3602 2145 3645 me
2174 3582 2486 3664 quesieris
2518 3601 2649 3645 non
2674 3582 2828 3644 sub-

1621 3672 1871 3735 sistam.
1990 3670 2404 3752 Antequam.
2500 3670 2637 3751 viij.
2698 3669 2824 3733 Re-

1618 3759 2035 3841 sponsorium.
2129 3759 2235 3822 Ne
2294 3758 2665 3822 abscondas
2718 3778 2827 3822 me

1620 3847 1891 3911 domine
1920 3869 1961 3910 a
1992 3845 2158 3911 facie
2189 3857 2303 3912 tua
2337 3867 2606 3910 manum
2638 3855 2826 3910 tuam

1621 3935 1819 4019 longe
1851 3936 1953 3999 fac
1986 3957 2027 3999 a
2059 3956 2182 4000 me.
2278 3935 2368 3998 Et
2398 3934 2683 3998 formido
2707 3944 2826 3999 tua

1621 4044 1758 4088 non
1804 4045 1914 4087 me
1971 4033 2230 4088 terreat.
2280 4040 2327 4110 γ
2370 4023 2559 4087 Voca
2603 4043 2711 4087 me
2756 4033 2825 4086 et

1620 4113 2038 4196 respondebo
2058 4112 2177 4175 tibi
2202 4122 2318 4176 aut
2338 4121 2513 4176 certe
2545 4111 2780 4195 loquor
2800 4111 2825 4152 ⁷

1619 4213 1690 4266 et
1719 4211 1793 4266 tu
1825 4201 2150 4284 responde
2181 4201 2359 4264 mihi.
2410 4201 2500 4264 Et
2521 4201 2822 4273 formido,

2126 4364 2146 4393 ⁸
2179 4363 2443 4428 cogitatis:
2479 4363 2623 4414 W.N

1766 4432 1787 4461 ⁸
1820 4429 2061 4480 domum:
2094 4429 2253 4481 W.N.

1774 4499 1791 4528 ⁷
1824 4487 2013 4562 loquar.
2052 4495 2215 4547 W.N.
