3375 5100
1133 346 1197 399 S.
1255 344 1554 401 THOM'E
1601 346 1997 403 EPISCOPI.

865 454 987 508 121

323 559 569 625 Oratio.
663 560 987 627 Concede.
1077 562 1408 626 Memoria
1435 564 1516 628 de

317 660 535 713 sancto
553 650 852 733 stephano
867 660 972 715 ari.
1019 650 1398 735 Stephanus
1415 654 1510 717 vi-

319 739 421 802 dit
441 739 634 803 celos
658 757 707 826 γ
731 740 1010 803 Posuisti
1027 742 1312 806 domine.
1341 741 1509 806 Ora-

325 827 414 890 tio
444 829 554 892 Da
587 828 778 891 nobis
809 849 1184 911 quesumus,
1260 831 1512 894 Memo-

325 916 527 979 riade
549 927 768 980 sancto
776 917 1068 999 johanne
1101 928 1210 983 ari.
1259 918 1391 983 Hic
1409 928 1514 982 est

326 1005 690 1088 discipulus
722 1026 926 1070 meus,
987 1024 1036 1092 γ
1057 1007 1276 1072 Valde
1303 1007 1514 1072 hono-

329 1094 590 1157 randuS.
625 1093 870 1158 Oratio,
920 1095 1285 1160 Ecclesiam
1307 1106 1513 1159 tuam.

331 1186 396 1260 ΙΙ
423 1182 657 1247 Sancti
672 1184 879 1246 thome
895 1184 1218 1264 martyris.
1252 1186 1516 1248 Festum

327 1280 542 1333 autem
569 1272 710 1353 ejus
741 1272 1100 1353 principale
1125 1274 1353 1355 dupla
1391 1282 1517 1337 est:

327 1381 436 1422 nec
462 1368 674 1423 tamen
706 1371 996 1424 octavam
1024 1360 1224 1425 habet.

413 1447 542 1511 Ad
605 1449 966 1511 matutinas
1047 1449 1518 1514 invitatorium.

328 1537 588 1601 Assunt
651 1536 880 1601 thome
939 1539 1244 1619 martyris
1304 1539 1520 1602 solen-

331 1626 456 1689 nia.
501 1626 710 1708 Virgo
730 1635 942 1689 mater
964 1626 1206 1707 jubilet
1229 1627 1518 1691 ecclesia.

318 1723 414 1796 pff.
461 1714 720 1777 Venite.
809 1714 1116 1795 Hymnus
1148 1716 1332 1779 Deus
1373 1724 1520 1778 tuo-

333 1822 476 1866 rum
509 1803 811 1866 militum.
900 1803 986 1865 In
997 1804 1052 1887 j
1071 1815 1375 1867 nocturno
1413 1813 1518 1867 αῆ.

334 1892 614 1956 Summo
649 1891 1017 1956 sacerdotio
1060 1892 1322 1955 thomas
1369 1892 1522 1955 sub-

331 1978 598 2043 limatus
657 1980 790 2043 est¹
846 1981 916 2043 in
966 1981 1178 2043 virum
1237 1981 1518 2044 alterum

331 2068 553 2132 subito
599 2077 906 2133 mutatus
985 2078 1083 2150 pf.
1133 2070 1376 2133 Beatus
1405 2070 1519 2133 vir.

330 2158 464 2221 Αῆ.
499 2157 868 2220 Monachus
897 2156 1022 2220 sub
1065 2158 1302 2222 clerico
1347 2157 1519 2221 clam

333 2245 652 2311 ciliciatus
725 2246 938 2309 carnis
1019 2266 1213 2309 carne
1293 2247 1521 2310 sortior

333 2335 604 2397 edomat
634 2344 924 2397 conatus,
1001 2344 1101 2415 pff.
1151 2334 1373 2418 Quare
1397 2334 1520 2397 fre-

335 2432 658 2486 muerunt.
691 2424 824 2485 An.
867 2422 1097 2487 Cultor
1109 2424 1248 2505 agri
1270 2424 1520 2488 domini

333 2511 610 2576 tribulos
650 2511 872 2576 avellit
917 2520 985 2575 et
1004 2509 1234 2596 vulpes
1259 2512 1521 2576 avineis

334 2611 514 2665 arcet
573 2609 642 2664 et
703 2598 998 2682 expellit.
1075 2609 1174 2682 pff.
1233 2602 1522 2665 Domine

334 2690 514 2772 quid.
562 2706 607 2776 v
643 2689 868 2752 Gloria
900 2698 968 2752 et
998 2688 1262 2752 honore.
1307 2690 1444 2753 Lec.
1458 2689 1520 2771 j.

331 2778 682 2912 Hodie
729 2776 958 2840 fratres
989 2777 1351 2841 charissimi
1385 2798 1522 2841 me-

531 2867 656 2930 rito
705 2865 902 2930 beato
954 2866 1182 2931 thome
1227 2886 1267 2929 a
1313 2866 1525 2929 fideli-

333 2957 458 3020 bus
477 2955 688 3019 honor
705 2963 772 3018 et
793 2955 1153 3018 reverentia
1173 2953 1526 3018 exhibetur

333 3045 402 3108 in
462 3045 687 3108 terris:
749 3043 850 3106 cui
913 3042 1154 3107 collata
1211 3053 1313 3107 est
1371 3063 1523 3106 curn

334 3133 588 3214 angelis
659 3131 1001 3195 beatitudo
1061 3141 1130 3196 et
1187 3131 1398 3214 gloria
1457 3132 1526 3194 in

332 3221 535 3285 celis:
581 3219 896 3302 gaudium
931 3220 1015 3282 de
1047 3222 1377 3284 novitate:
1425 3241 1524 3282 se-

332 3310 575 3373 curitas
607 3309 693 3371 de
721 3308 1083 3372 eternitate.
1135 3308 1526 3372 Dormiente

331 3399 534 3480 igitur
555 3417 704 3461 cum
730 3395 1024 3479 patribus
1055 3398 1188 3460 suis
1213 3397 1276 3460 in
1303 3417 1525 3461 senec·

329 3496 476 3552 tute
537 3485 713 3549 bona
759 3484 966 3548 felicis
1013 3486 1328 3549 memorie
1379 3484 1524 3549 the-

327 3573 578 3638 obaldo
655 3573 1186 3655 archiepiscopo:
1261 3573 1526 3638 thomas

328 3662 802 3728 cantuariensis
861 3661 1132 3725 ecclesie
1205 3662 1524 3726 archidia-

329 3772 572 3815 conus:
621 3751 687 3814 in
745 3749 1308 3833 archiepiscopum
1370 3770 1522 3813 can-

328 3841 730 3904 tuariensem
783 3837 1165 3902 solemniter
1221 3838 1522 3920 eligitur:

329 3939 398 3992 et
457 3937 612 4012 post
679 3927 1012 3990 modicum
1089 3936 1520 3990 consecratur.

330 4016 845 4098 Responsorium.
972 4013 1263 4078 Studens
1355 4015 1520 4078 livor

327 4105 561 4169 thome
621 4102 946 4186 supplicio
1007 4103 1238 4166 thome
1310 4123 1520 4186 genus

327 4195 652 4277 dampnat
683 4192 904 4255 exilio,
957 4191 1133 4256 Tota
1156 4192 1350 4256 simul
1377 4193 1520 4256 exit

326 4283 654 4364 cognatio,
693 4299 736 4368 y
758 4280 946 4346 Ordo
971 4299 1175 4343 sexus
1200 4290 1342 4344 etas
1362 4301 1518 4345 con-

463 4481 476 4510 ¹
517 4478 778 4528 ‘et’addz
815 4478 871 4526 Ε.

1072 4479 1092 4506 ²
1131 4476 1243 4526 ‘se’
1269 4491 1398 4526 om.:
1435 4475 1565 4526 E.G.

2115 458 2257 513 122

1609 564 1777 627 ditio
1805 563 1987 628 nullo
2010 566 2258 647 gaudet
2287 564 2394 629 hic
2424 565 2802 650 privelegio.

1608 652 1807 715 Tota„
2486 656 2702 718 Lectio
2732 656 2803 738 ij.

1607 746 2061 874 Promotus
2120 742 2320 824 igitur
2376 742 2625 808 electus
2695 743 2803 808 dei

1763 830 2069 912 pontifex
2152 851 2465 913 sacreque
2550 833 2803 895 unctio-

1611 919 1713 981 nis
1770 919 2292 983 sanctificatione
2359 919 2691 984 delibutus
2765 942 2805 983 e

1610 1007 1891 1090 vestigio
1984 1028 2125 1071 rem
2216 1010 2613 1073 sacramenti
2700 1020 2805 1074 est

1613 1098 1941 1179 adeptus:
1999 1105 2069 1160 et
2126 1097 2475 1179 multiplici
2538 1098 2805 1181 spiritus

1613 1186 1826 1249 sancti
1845 1185 2059 1267 gratia
2076 1184 2379 1267 repletus,
2428 1186 2805 1251 Ambulans

1616 1274 1793 1336 enim
1864 1275 1930 1337 in
2008 1276 2301 1337 novitate
2373 1275 2509 1337 vite
2592 1295 2803 1338 novus

1616 1360 1858 1425 homo:
1905 1371 2199 1426 mutatus
2228 1371 2329 1425 est
2359 1362 2427 1426 in
2456 1363 2668 1426 virum
2710 1363 2807 1426 al-

1617 1459 1830 1513 terum
1901 1450 2086 1531 cujus
2158 1453 2385 1514 omnia
2444 1451 2510 1514 in
2573 1452 2805 1515 melius

1617 1558 1933 1601 conversa
1968 1547 2159 1602 sunt:
2221 1540 2301 1602 In
2348 1548 2537 1603 tanta
2580 1550 2805 1603 autem

1617 1627 1832 1709 gratia
1862 1627 2141 1691 sacravit
2158 1628 2529 1710 presulatus
2552 1628 2650 1691 sui
2676 1629 2807 1710 pri-
2924 1626 2931 1633 ’

1619 1714 1913 1779 mordia:
1962 1726 2037 1779 ut
2066 1715 2336 1779 indutus
2377 1738 2449 1780 se
2489 1716 2807 1780 clanculi²

1619 1802 1993 1867 monachali
2080 1813 2409 1869 scemate:
2498 1804 2807 1868 monachi

1625 1892 2017 1974 adimpleret
2092 1912 2262 1975 opus
2337 1902 2405 1956 et
2480 1895 2809 1957 meritum.

1617 1980 1733 2044 Re.
1783 1979 2083 2043 Thomas
2136 2000 2407 2044 manum
2462 1983 2667 2045 mittit
2720 1980 2807 2045 ad

1616 2068 1813 2131 fortia
1886 2069 2137 2151 spernit
2206 2070 2498 2151 dampna
2556 2070 2811 2152 spernit

1617 2156 1986 2239 opprobria.
2074 2156 2279 2220 Nulla
2302 2155 2600 2220 thomam
2634 2158 2809 2220 fran-

1616 2248 1717 2327 git
1775 2246 2029 2327 injuria.
2118 2262 2166 2331 y
2227 2244 2493 2309 Clamat
2555 2248 2809 2310 cunctis

1618 2332 1847 2397 thome
1909 2334 2273 2397 constantia
2334 2353 2531 2396 omne
2590 2334 2805 2397 solum

1619 2432 1721 2486 est
1744 2421 1895 2485 forti
1928 2422 2155 2504 patria.
2203 2422 2422 2485 Nulla.
2468 2422 2679 2485 Lectio
2710 2422 2807 2503 iij.

1750 2511 2133 2576 onsiderans
2242 2511 2467 2594 itaque
2566 2510 2807 2574 lividus

1648 2673 1654 2678 ,
1745 2600 1997 2664 hostis:
2070 2620 2313 2664 novum
2382 2599 2807 2682 pontificem:

1621 2708 1871 2752 novum
1953 2687 2333 2752 hominem:
2424 2697 2563 2751 tam
2640 2689 2809 2752 mul-

1619 2777 1827 2860 tiplici
1893 2779 2107 2860 gratia
2169 2785 2591 2842 vernantem:
2668 2797 2807 2841 ma-

1621 2867 1925 2930 chinatus
1956 2874 2057 2929 est
2093 2867 2549 2948 temptationis
2596 2866 2811 2930 uredi-

1622 2975 1775 3017 nem
1820 2955 2203 3018 immittere:
2250 2975 2384 3036 quo
2427 2954 2563 3035 jam
2616 2975 2811 3018 exor-

1621 3052 1767 3106 tum
1823 3043 2205 3106 meritorum
2258 3062 2530 3124 germen
2585 3052 2811 3124 posset

1621 3130 1961 3196 suffocare.
2030 3131 2094 3194 N
2100 3151 2173 3193 ec
2206 3151 2391 3194 mora
2416 3131 2529 3212 qui
2548 3141 2811 3214 seperat

1621 3219 1961 3282 hominem
1992 3239 2033 3282 a
2065 3220 2191 3283 deo
2230 3238 2389 3282 suo:
2437 3219 2723 3282 amicum
2768 3239 2813 3283 a

1622 3309 1983 3390 proximo:
2061 3306 2503 3371 inexorabiles
2564 3308 2809 3371 discor-

1623 3397 1767 3459 dias
1809 3396 1979 3460 inter
2024 3415 2243 3477 regem
2283 3405 2348 3458 et
2380 3395 2811 3478 archiepisco-

1620 3504 1782 3566 pum
1814 3484 2198 3548 seminavit:
2244 3485 2332 3546 ob
2362 3483 2685 3566 quasdam
2712 3503 2812 3546 res

1620 3582 1688 3636 et
1735 3573 2011 3654 negocia
2058 3572 2123 3634 in
2172 3571 2602 3654 prejudicium
2647 3571 2812 3652 juris

1621 3660 2042 3724 ecclesiastici
2062 3669 2391 3742 usurpata.
2458 3659 2572 3723 Re.
2605 3659 2812 3741 Lapis

1625 3749 1749 3812 iste
1780 3769 1899 3812 sex
1926 3749 2113 3811 annis
2133 3747 2433 3810 tunditur
2453 3747 2544 3812 sic
2569 3747 2814 3829 politur

1623 3839 1717 3901 sic
1749 3835 2145 3918 quadratus³
2188 3834 2495 3899 redditur.
2588 3835 2813 3900 Minus

1622 3926 1865 3988 cedens
1927 3943 2059 4005 quo
2120 3924 2333 4006 magis
2392 3925 2663 3988 ceditur.
2766 3943 2813 4010 y

1623 4014 1885 4077 Aurum
1906 4011 2142 4074 fornax
2168 4013 2408 4094 probat
2431 4034 2551 4077 nec
2574 4013 2813 4078 uritur:

1620 4102 1855 4165 domus
1886 4099 2077 4164 firma
2099 4103 2315 4165 ventis
2347 4121 2479 4164 non
2502 4102 2813 4184 quatitur.

1621 4192 1864 4254 Minus
1960 4189 2201 4254 Gloria.
2296 4189 2535 4253 MinuS.

1706 4279 1790 4342 In
1810 4279 1871 4361 ij
1884 4289 2184 4342 nocturno
2200 4286 2305 4342 aii.
2355 4277 2499 4341 Nec
2520 4279 2584 4340 in
2607 4299 2812 4360 agnos

1639 4475 1887 4524 clanculo:
1924 4473 2055 4525 E.G.
2284 4475 2303 4502 ⁸
2337 4472 2575 4536 quadrus:
2611 4473 2673 4520 G.
