3375 5100
896 348 1283 407 SABBATO
1328 350 1538 406 POST
1585 348 2266 407 PENTHECOSTES.

864 457 995 513 517

330 562 451 627 kae
484 561 848 646 antiphona.
944 564 1212 648 Capl’m.
1276 565 1519 628 Factus

331 662 431 716 est
461 660 747 734 repente.
792 652 1115 733 Hymnus.
1162 655 1371 717 Beata
1400 674 1517 716 no-

331 740 451 804 bis,
534 758 581 827 γ
628 741 913 823 Spiritus
941 743 1191 805 domini
1226 741 1517 825 replevit.

329 829 417 892 In
446 828 771 911 evangelio
813 838 921 894 an.
994 830 1178 894 Tulit
1208 850 1367 911 ergo
1402 850 1524 913 pa·

332 917 621 981 raliticus
693 917 935 981 lectum
1001 938 1194 981 suum
1256 919 1323 981 in
1384 938 1519 1001 quo

324 1005 596 1087 jacebat
672 1004 1101 1089 magnificans
1174 1008 1374 1071 deum
1449 1016 1518 1071 et

331 1095 549 1157 omnis
593 1093 781 1176 plebs
825 1102 899 1157 ut
936 1095 1105 1158 vidit
1148 1096 1335 1160 dedit
1379 1093 1521 1158 lau-

330 1182 487 1246 dem
518 1182 646 1247 deo
675 1181 937 1245 alleluia
968 1183 1131 1247 all’a.
1180 1192 1281 1265 ps‘.
1330 1184 1523 1266 Mag-

332 1269 577 1334 nificat.
671 1270 915 1336 Oratio.
992 1271 1104 1335 Da
1161 1290 1519 1354 quesumus

332 1359 606 1423 ecclesie
634 1368 765 1423 tue.
808 1368 915 1423 etc.

336 1452 399 1525 «Ι
459 1447 741 1511 Sabbata
812 1446 907 1510 ad
972 1446 1230 1513 maluti.
1290 1448 1517 1511 invita.

334 1534 601 1618 Repleti
675 1544 831 1599 sunt
888 1556 1137 1601 omnes,
1212 1546 1311 1618 ps.
1387 1536 1523 1601 Ve-

334 1625 485 1688 nite.
575 1624 884 1705 Hymnus
981 1625 1137 1706 Jam
1202 1624 1519 1690 ChristuS.

332 1712 417 1775 In
478 1721 630 1777 noct.
691 1721 801 1777 an.
906 1714 1149 1777 Factus
1207 1722 1324 1797 est.
1418 1722 1517 1795 ps.

336 1801 624 1883 Magnus
655 1800 960 1865 dominus
1002 1811 1109 1866 etc.
1154 1818 1201 1887 γ
1234 1802 1522 1884 Spiritus

331 1890 584 1952 domini
616 1890 911 1972 replevit.
1128 1890 1261 1955 Sec.
1288 1890 1516 1954 lucam.

331 1979 432 2110 l
452 1997 495 2040 n
582 1977 695 2041 illo
768 1987 1117 2060 tempore:
1226 1980 1517 2061 Surgens

448 2066 644 2147 Jesus
694 2065 781 2130 de
833 2087 1177 2149 synagoga
1226 2068 1520 2131 introivit

336 2155 403 2216 in
432 2155 707 2217 domum
738 2155 1026 2218 simoniS.
1119 2155 1358 2220 Socrus
1404 2176 1521 2219 au-

334 2252 471 2306 tem
503 2244 776 2306 simonis
810 2265 825 2307 :
870 2241 1221 2307 tenebatur
1261 2244 1519 2326 magnis

334 2330 643 2395 febribus,
731 2332 823 2395 Et
855 2331 1119 2412 reliqua.

340 2419 595 2484 Omelia
652 2420 1033 2483 venerabilis
1085 2419 1228 2484 bede
1262 2419 1521 2502 presby-

334 2507 477 2572 teri.
1218 2508 1433 2573 Lectio
1457 2508 1521 2591 j.

335 2597 486 2730 Si
516 2597 729 2660 virum
760 2617 801 2660 a
830 2597 1140 2661 demonio
1170 2596 1519 2662 liberatum

468 2685 800 2749 moraliter
818 2687 1111 2750 animum
1131 2686 1218 2749 ab
1240 2688 1525 2749 immun-

335 2774 425 2836 da
455 2775 855 2856 cogitatione
889 2783 1243 2857 purgatum
1274 2773 1521 2857 signifi-

336 2882 486 2926 care
559 2863 971 2927 dixerimus:
1050 2872 1524 2945 consequenter

338 2949 587 3013 semina
629 2950 918 3015 febribus
970 2960 1197 3015 tenta:
1264 2952 1382 3015 sed
1437 2951 1523 3014 ad

338 3039 686 3121 imperium
736 3039 987 3102 domini
1048 3049 1317 3104 curata:
1382 3059 1524 3104 car-

338 3147 493 3190 nem
567 3128 859 3191 ostendit
918 3149 960 3191 a
980 3127 999 3165 ¹
1061 3128 1529 3210 concupiscen-

337 3217 433 3278 tie
488 3235 607 3278 sue
654 3215 905 3279 fervore
952 3236 1071 3299 per
1119 3217 1524 3281 continentie

337 3313 653 3386 precepta
738 3303 1080 3369 frenatam.
1178 3305 1300 3368 Re.
1389 3305 1527 3368 Re-

338 3391 519 3474 pleti.
1194 3391 1407 3456 Lectio
1452 3393 1521 3475 ij.

476 3480 647 3543 mnis
677 3481 855 3544 enim
884 3481 1257 3546 amaritudo
1286 3490 1353 3544 et
1384 3482 1480 3546 ira
1507 3503 1525 3546 :

475 3577 541 3631 et
573 3569 979 3650 indignatio:
1025 3578 1095 3633 et
1125 3568 1410 3634 clamor:
1455 3577 1527 3633 et

336 3655 801 3738 blasphemia:
877 3658 1143 3740 spiritus
1201 3658 1525 3721 immundi

338 3745 519 3808 furor
576 3755 695 3810 est.
785 3747 841 3809 F
842 3747 1313 3811 ornicationem
1372 3767 1529 3810 vero

340 3834 837 3898 immundiciam
866 3857 881 3900 :
926 3836 1269 3898 libidinem
1297 3857 1313 3899 :
1373 3854 1531 3899 con·

336 3923 812 4004 cupiscentiam
889 3924 1179 3988 malam:
1246 3932 1317 3987 et
1375 3943 1529 3987 ava—

340 4011 564 4073 riciam
648 4031 779 4094 que
851 4021 951 4076 est
1030 4012 1527 4076 simulacrorum

338 4101 619 4163 servitus
692 4099 873 4164 febre
932 4099 1237 4165 illecebre
1315 4101 1528 4166 carnis

340 4187 653 4270 intellige.
739 4189 855 4253 Re.
902 4189 1395 4272 Apparuerunt.

338 4277 517 4410 Et
541 4286 938 4359 rogaverunt
962 4277 1146 4341 illum
1174 4278 1415 4361 [Lectio
1434 4278 1530 4359 iij.

488 4385 610 4449 pro
632 4386 727 4431 ea.
780 4366 871 4430 Et
895 4376 1078 4430 stans
1102 4387 1298 4449 super
1316 4367 1531 4432 illam:

774 4541 787 4570 ¹
830 4539 915 4588 ‘a'
940 4554 1077 4590 om.:
1114 4538 1273 4590 W.N.

2145 457 2284 514 518

1617 562 1968 645 imperavit
2000 564 2204 627 febri²
2233 572 2302 629 et
2332 561 2584 628 dimisit
2609 562 2814 629 illam.

1618 652 1830 717 Modo
1859 652 2148 717 salvator
2176 661 2444 735 rogatus
2475 653 2677 715 modo
2710 652 2815 715 ul·-

1615 748 1720 805 tro
1767 742 2046 805 sanabat
2095 750 2402 824 egrotos:
2447 739 2809 804 ostendens

1614 848 1687 893 se
1759 839 1989 894 contra
2045 838 2466 913 peccatorum
2541 848 2808 911 quoque

1616 919 1958 1001 passiones
2030 927 2100 982 et
2167 916 2472 1000 precibus
2544 938 2813 999 semper

1616 1026 1904 1070 annuere
1977 1005 2288 1072 fidelium.
2378 1006 2470 1069 Et
2527 1026 2608 1069 ea
2675 1026 2814 1088 que

1617 1096 1742 1178 ipsi
1803 1095 2076 1159 minime
2149 1095 2215 1157 in
2283 1115 2356 1157 se
2429 1093 2810 1174 intelligunt

1615 1184 1721 1247 vel
1766 1182 2198 1265 intelligenda
2246 1183 2405 1247 dare
2447 1181 2554 1245 vel
2600 1184 2806 1247 etiam

1617 1292 1752 1335 non
1799 1272 2132 1335 intellecta
2183 1272 2558 1336 dimittere:
2601 1270 2806 1353 juxta

1616 1360 1796 1442 quod
1858 1360 2203 1443 psalmista
2259 1359 2604 1443 postulat:
2670 1359 2810 1422 De-

1616 1447 1775 1512 licta
1820 1450 1970 1530 quis
2016 1448 2364 1529 intelligit:
2425 1448 2514 1511 ab
2565 1447 2806 1511 ocultis

1618 1537 1784 1600 meis
1846 1537 2097 1601 munda
2147 1556 2255 1601 me
2313 1536 2598 1601 domine.
2689 1536 2806 1601 Re.

1614 1624 1920 1689 Advenit
1979 1625 2166 1706 igniS.
2250 1632 2350 1706 ps'.
2424 1624 2527 1687 Te
2585 1624 2808 1689 deum.

1618 1730 1665 1799 γ
1697 1713 2188 1796 Loquebantur.
2249 1713 2334 1775 In
2365 1712 2669 1777 laudibus
2697 1721 2802 1776 an.

1618 1802 1802 1865 Dum
1843 1800 2343 1884 complerentur.
2418 1810 2521 1883 ps.
2571 1801 2811 1864 Domi-

1618 1911 1742 1953 nus
1803 1890 2116 1971 regnavit.
2169 1898 2276 1953 etc.
2345 1888 2490 1971 Cap.
2560 1889 2808 1953 Factus

1615 1988 1717 2042 est
1747 1988 2032 2060 repente.
2121 1978 2430 2059 Hymnus
2499 1976 2804 2059 Impleta.

1616 2083 1671 2153 7
1711 2066 1997 2148 Spiritus
2047 2076 2315 2130 sanctus
2362 2066 2630 2129 domini.
2719 2066 2806 2128 In

1614 2154 1940 2237 evangelio
1989 2163 2094 2218 an.
2188 2155 2359 2220 Cum
2421 2153 2518 2217 sol
2581 2162 2804 2216 autem

1615 2243 1964 2307 occidisset
2013 2262 2245 2306 omnes
2295 2242 2410 2325 qui
2467 2240 2810 2305 habebant

1617 2331 1914 2395 infirmos
1963 2332 2160 2394 variis
2211 2329 2636 2412 languoribus
2683 2330 2808 2395 du-

1617 2421 1860 2485 cebant
1905 2418 2052 2482 illos
2099 2421 2183 2483 ad
2230 2420 2457 2501 Jesum
2505 2428 2572 2481 et
2615 2438 2805 2482 sana-

1617 2510 1860 2574 bantur
1887 2507 2050 2573 all’a.
2127 2516 2228 2590 pf.
2275 2506 2690 2571 Benedictus,

1618 2598 2080 2730 Mentibus
2127 2597 2366 2660 nostris
2409 2618 2570 2679 que·
2619 2593 2804 2682 [Oto.

1819 2706 2046 2749 sumus
2136 2686 2405 2748 domine
2501 2685 2804 2767 spiritum

1618 2783 1922 2838 sanctum
1953 2773 2278 2857 benignus
2318 2773 2588 2838 infunde
2620 2774 2810 2856 cujus

1620 2871 1690 2927 et
1748 2864 2073 2945 sapientia
2142 2862 2392 2926 conditi
2451 2883 2679 2926 sumus
2739 2870 2810 2925 et

1621 2952 2038 3034 providentia
2102 2950 2562 3034 gubernamur.
2683 2950 2810 3014 Per

1621 3041 1967 3104 dominum
2043 3039 2109 3103 in
2172 3040 2424 3103 unitate
2491 3039 2810 3120 ejusdem.

1620 3128 1681 3191 A
1694 3129 1747 3191 d
1767 3129 1964 3191 horas
1991 3138 2069 3191 ut
2091 3139 2287 3210 supra
2301 3127 2490 3209 seria
2517 3127 2762 3210 quinta.

1624 3221 1690 3296 (s
1734 3216 2027 3281 Rubrica
2054 3217 2134 3280 de
2143 3217 2321 3297 sesto
2362 3226 2576 3279 sancte
2614 3215 2812 3279 tn’ni-

1622 3305 1782 3368 tatis
1823 3315 2136 3387 queratur
2172 3304 2242 3366 in
2287 3304 2522 3386 vigilia
2551 3303 2817 3386 penthe-

1619 3403 1814 3457 costes
1840 3402 1919 3455 ut
1929 3402 2116 3475 patet
2125 3394 2339 3474 plane.

1624 3486 1690 3561 (s
1734 3482 1818 3544 In
1834 3481 2010 3563 festo
2034 3490 2252 3544 sancte
2279 3479 2614 3544 trinitatis.

1627 3570 1910 3634 Sabbata
1937 3569 2036 3633 ad
2055 3579 2360 3650 vesperas.
2446 3566 2811 3650 antiphona.

1760 3658 1920 3721 loria
1948 3658 2071 3722 tibi
2102 3657 2360 3721 trinitas
2397 3657 2651 3739 equalis
2682 3675 2816 3719 una

1755 3746 2010 3810 deitas:
2055 3755 2123 3809 et
2153 3754 2308 3810 ante
2339 3745 2564 3807 omnia
2593 3743 2818 3807 secula

1625 3844 1696 3900 et
1757 3854 1931 3898 nunc
1989 3843 2058 3898 et
2116 3835 2619 3916 imperpetuum.
2714 3840 2816 3913 ps.

1629 3923 2028 3987 Benedictus
2073 3923 2380 3986 dominus
2416 3923 2580 3985 deus
2613 3939 2818 3984 meus,

1626 4021 1734 4077 an.
1767 4012 1946 4075 Laus
1978 4021 2046 4075 et
2068 4009 2418 4094 perhennis
2449 4009 2660 4092 gloria
2689 4009 2822 4072 deo

1628 4101 1800 4184 patri
1833 4108 1903 4164 et
1931 4099 2066 4163 filio
2111 4108 2343 4162 sancto
2387 4099 2584 4161 simul
2629 4119 2823 4182 para-

1629 4189 1789 4253 clito
1847 4190 1916 4252 in
1975 4188 2198 4252 secula
2255 4188 2642 4251 seculorum.
2719 4195 2820 4268 ps.

1633 4277 1980 4342 Exaltabo
2009 4286 2076 4340 te
2108 4277 2394 4340 domine.
2439 4285 2545 4341 an.
2597 4275 2827 4340 Gloria

1632 4366 1852 4432 laudis
1910 4375 2171 4430 resonet
2233 4366 2302 4428 in
2355 4386 2469 4429 ore
2526 4365 2824 4430 omnium

1961 4541 1982 4570 ²
2013 4537 2198 4588 febrem
2225 4555 2238 4587 ε
2273 4536 2340 4586 N.
