3375 5100
1196 362 1358 432 QUA
1365 359 1534 414 ΒΕΑ
1546 358 1885 416 GESIME.

824 471 981 528 329

280 599 520 644 amare
552 579 745 643 morti
794 599 878 641 ne
932 577 1157 641 tradas
1212 597 1349 640 nos,
1438 594 1485 661 γ

292 671 405 733 Ne
465 668 769 751 projicias
846 687 965 731 nos
1043 667 1109 729 in
1186 675 1485 747 tempore

289 758 651 821 senectutis
698 776 849 819 cum
912 755 1221 818 defecerit
1281 755 1487 817 virtus

292 858 563 909 nostra:
610 865 693 908 ne
746 843 1165 925 derelinquas
1216 863 1337 905 nos
1368 843 1486 904 do-

294 935 493 997 mine.
616 933 862 998 Sancte
928 933 1108 996 deus,
1230 948 1277 1017 y
1353 930 1487 1013 Qui

292 1021 643 1102 cognoscis
673 1020 932 1083 occulta
962 1021 1259 1084 cordium
1292 1039 1489 1102 parce

292 1111 586 1193 peccatis
642 1110 897 1172 nostris,
990 1108 1235 1174 Sancte
1283 1108 1485 1171 sortis,

295 1216 345 1283 γ
395 1198 548 1261 Noli
610 1199 919 1262 claudere
965 1217 1155 1260 aures
1203 1205 1351 1260 tuas
1400 1195 1485 1258 ad

296 1308 525 1370 preces
558 1297 817 1350 nostras
864 1286 1148 1350 domine.
1244 1284 1487 1350 Sancte

294 1386 365 1439 et
399 1377 778 1440 misericors,
868 1376 972 1438 Et
1022 1385 1173 1438 tunc
1196 1373 1494 1456 finiatur

292 1464 649 1546 antiphona
672 1489 696 1528 .·
743 1485 851 1526 nec
867 1464 1181 1547 flectatur
1196 1482 1368 1543 genu
1399 1460 1496 1523 ad

295 1553 580 1635 aliquem
602 1552 621 1590 ¹
685 1552 965 1616 istarum
1027 1550 1486 1633 repetitionum.

295 1642 431 1706 Isti
467 1643 727 1704 ‘versus’
771 1662 917 1704 vero
964 1660 1086 1702 non
1138 1639 1450 1702 dicuntur
1465 1663 1488 1703 .·

298 1731 437 1794 nisi
466 1731 534 1792 in
567 1729 766 1812 sestis
798 1729 870 1792 ix
896 1729 1247 1792 lectionum.
1342 1728 1488 1808 Ky-

296 1819 619 1884 rieleison.
705 1828 810 1882 etc.
900 1818 1003 1880 Et
1071 1818 1167 1880 sic
1233 1816 1496 1879 dikatur

294 1906 766 1989 completorium
796 1926 991 1988 usque
1016 1906 1113 1969 ad
1134 1926 1351 1968 cenam
1382 1905 1491 1967 do-

296 1996 473 2058 mini
494 2019 519 2060 .·
558 1995 676 2058 sed
718 1995 907 2075 infra
944 1994 1309 2076 passionem
1366 2014 1491 2055 non

294 2085 545 2148 dicitur
572 2084 800 2148 Gloria
822 2085 991 2166 patri
1022 2084 1119 2146 ad
1139 2084 1493 2164 Responsa-

301 2173 479 2236 rium
573 2174 652 2236 In
702 2193 904 2254 pace:
980 2172 1116 2234 nisi
1181 2171 1252 2233 in
1289 2172 1494 2252 festis

298 2271 685 2326 sanctorum.
728 2261 792 2324 A
802 2259 856 2322 d
872 2259 1232 2324 matutinas
1247 2259 1491 2323 Invita.

305 2351 529 2414 Hodie
549 2351 602 2412 si
622 2369 852 2413 vocem
867 2349 1117 2413 domini
1142 2348 1493 2412 audieritis·

306 2439 536 2503 Nolite
579 2437 905 2502 obdurare
981 2439 1180 2501 corda
1252 2445 1491 2500 vestra.

295 2535 389 2610 pff.
435 2528 697 2593 Venite.
784 2527 1170 2590 Per-cantato
1246 2525 1492 2590 invita-

300 2617 465 2681 torio
508 2628 660 2699 post
704 2617 969 2680 tertium
1017 2636 1271 2679 versum
1297 2637 1321 2679 .·
1368 2636 1494 2678 rec-

304 2715 469 2769 tores
482 2706 665 2770 chori
660 2716 1022 2788 prosequan
1026 2713 1139 2767 tur
1138 2704 1490 2786 psalmum.

298 2795 493 2861 Sicut
524 2796 590 2858 in
616 2793 1124 2858 exacerbatione
1142 2802 1247 2858 etc.
1272 2792 1493 2873 ‘Hym-

304 2904 441 2949 nus.
532 2883 803 2949 Clarum
849 2882 1067 2945 decus,
1155 2882 1240 2944 In
1270 2881 1495 2963 primo

303 2981 606 3035 nocturno
626 2979 730 3035 an.
768 2972 893 3033 Pro
917 2970 1089 3034 fidei.
1118 2979 1219 3052 pff.
1246 2970 1493 3034 Beatus

302 3061 401 3123 vir
414 3070 520 3123 etc.
579 3076 630 3146 y
662 3060 860 3124 Dicet
878 3059 1168 3123 domino.
1212 3058 1427 3122 Lectio
1429 3059 1491 3141 j.

501 3169 577 3213 ec
636 3157 792 3212 sunt
864 3148 1136 3211 nomina
1208 3146 1493 3211 filiorum

502 3236 732 3301 israel:
779 3237 892 3320 qui
934 3236 1209 3318 ingressi
1241 3244 1395 3299 sunt
1427 3237 1495 3298 in

304 3334 627 3408 egyptum
657 3345 810 3389 cum
835 3325 1038 3407 jacob
1067 3325 1307 3405 singuli
1342 3344 1493 3389 cum

300 3415 611 3478 domibus
640 3415 774 3477 suis
807 3414 1209 3478 introierunt.
1252 3413 1493 3477 ruben:

302 3522 621 3586 symeon:
668 3502 842 3567 levi:
883 3501 1122 3585 juda³:
1168 3501 1491 3584 ysachar:

302 3590 588 3655 zabulon
620 3600 689 3655 et
730 3590 1149 3673 benjamin⁴z
1200 3590 1378 3655 dan⁶
1425 3599 1495 3653 et

306 3680 553 3762 neptali
572 3678 630 3743 ⁶:
660 3680 794 3763 gad
828 3689 896 3744 et
927 3679 1121 3743 azar.⁷
1209 3678 1323 3741 Re.
1358 3679 1493 3742 Lo·

305 3778 495 3833 cutus
544 3777 646 3833 est
696 3769 1005 3833 dominus
1066 3767 1153 3831 ad
1215 3788 1494 3849 moysen

305 3858 532 3922 dicens
573 3858 901 3921 descende
931 3858 999 3920 in
1030 3866 1352 3939 egyptum
1382 3856 1494 3920 dic

305 3946 623 4030 pharaoni
683 3956 759 4009 ut
818 3946 1115 4009 dimittat
1172 3944 1493 4028 populum

304 4054 549 4099 meum.
712 4034 1109 4099 Induratum
1207 4043 1309 4097 est
1381 4054 1499 4096 cor

304 4122 659 4206 pharaonis
733 4143 867 4187 non
940 4122 1086 4187 vult
1158 4122 1495 4188 dimittere

303 4211 623 4296 populum
692 4232 915 4275 meum
976 4212 1101 4275 nisi
1162 4212 1227 4275 in
1292 4231 1492 4274 manu

300 4300 471 4366 forti.
525 4317 576 4387 y
620 4300 875 4364 Videns
903 4299 1039 4365 vidi
1071 4299 1493 4365 afflictionem

469 4452 483 4483 ¹
517 4452 741 4517 aliquam
754 4464 772 4501 .·
812 4452 869 4502 G.
1260 4454 1281 4482 ²
1310 4450 1542 4501 versiculi
1550 4466 1569 4499 .·
1602 4450 1667 4499 Ε.
1682 4449 1740 4499 G.

467 4520 487 4549 ⁴
518 4518 822 4582 benjamini:
857 4519 939 4567 W.
1260 4520 1281 4548 ⁸
1311 4518 1429 4567 dam
1457 4534 1469 4567 :
1505 4516 1639 4567 E.G.

468 4588 487 4613 ⁷
520 4600 629 4635 azer
655 4603 667 4635 ε
704 4584 836 4635 E.G.

2095 468 2254 524 830

1590 576 1818 660 populi
1853 576 1982 640 mei
2014 577 2126 658 qui
2159 586 2262 640 est
2309 575 2372 639 in
2419 587 2672 659 egypto
2716 585 2786 640 et

1588 668 1914 748 gemitum
1987 685 2213 729 eorum
2281 665 2502 728 audivi
2553 674 2620 728 et
2669 665 2786 727 de-

1590 755 1814 818 scendi
1891 752 2164 818 liberare
2243 773 2413 817 eum.
2508 753 2788 816 Indura-

1591 853 1752 907 tum.
2470 842 2683 905 Lectio
2714 841 2784 923 ij.

1590 932 1890 1063 Erant
1963 932 2164 1013 igitur
2255 950 2487 993 omnes
2561 930 2785 992 anime

1742 1040 1970 1082 eorum
2024 1021 2136 1102 qui
2186 1021 2428 1101 egressi
2491 1027 2646 1083 sunt
2697 1021 2786 1082 de

1590 1106 1842 1171 femore
1883 1108 2080 1190 jacob
2125 1109 2550 1190 septuaginta
2593 1108 2784 1190 quin-

1591 1216 1740 1279 que.
1831 1197 2080 1279 Joseph
2133 1206 2356 1259 autem
2413 1197 2478 1258 in
2528 1205 2782 1277 egypto

1592 1294 1750 1349 erat.
1843 1285 1998 1368 Quo
2047 1295 2308 1348 mortuo
2354 1293 2422 1347 et
2469 1284 2788 1347 universis

1593 1371 1901 1437 fratribus
1961 1373 2102 1455 ejus
2162 1374 2477 1456 omnique
2541 1392 2786 1454 cogna-

1591 1463 1776 1526 tione
1806 1484 1926 1526 sua
1956 1462 2071 1525 filii
2105 1462 2294 1524 israel
2325 1470 2671 1525 creverunt
2719 1469 2788 1524 et

1593 1552 1784 1633 quasi
1857 1551 2304 1634 germinantes
2367 1550 2788 1631 multiplicati

1592 1649 1748 1703 sunt
1780 1660 1857 1703 ac
1887 1640 2176 1703 roborati
2231 1639 2426 1701 nimis
2473 1637 2790 1720 impleve-

1594 1737 1746 1792 runt
1776 1738 2035 1792 terram.
2125 1728 2238 1792 Re.
2274 1728 2478 1792 Stetit
2524 1747 2792 1808 moyses

1593 1837 1819 1881 coram
1849 1815 2186 1898 pharaone
2216 1825 2284 1878 et
2315 1816 2489 1878 dixit
2535 1815 2656 1878 hec
2687 1815 2789 1877 di-

1592 1907 1684 1969 cit
1715 1905 2039 1969 dominus,
2136 1905 2419 1967 Dimitte
2467 1903 2789 1985 populum

1595 2013 1818 2057 meum
1852 2003 1926 2056 ut
1969 1993 2290 2056 sacrificet
2345 1991 2506 2054 mihi
2553 1992 2622 2054 in
2675 1991 2791 2054 de-

1594 2092 1788 2146 serto,
1880 2099 1927 2168 y
1973 2082 2302 2144 Dominus
2347 2081 2512 2144 deus
2555 2079 2792 2142 hebre-

1594 2190 1784 2234 orum
1836 2172 2016 2234 misit
2069 2189 2178 2232 me
2224 2169 2309 2232 ad
2357 2177 2426 2232 te
2468 2177 2542 2231 ut
2571 2168 2790 2230 dicam

1597 2261 1736 2324 tibi.
1828 2259 2132 2323 Dimitte.
2446 2255 2660 2318 Lectio
2691 2257 2790 2338 iij.

1591 2349 1974 2484 Surrexit
2034 2349 2101 2411 in
2162 2354 2336 2410 terra
2394 2365 2515 2408 rex
2577 2364 2788 2408 novus

1725 2457 1921 2519 super
1951 2445 2272 2518 egyptum
2297 2434 2410 2516 qui
2443 2432 2794 2516 ignorabat

1589 2525 1830 2609 joseph
1859 2547 1874 2591 ε
1906 2534 1975 2589 et
2006 2525 2100 2588 ait
2132 2525 2215 2588 ad
2247 2522 2567 2605 populum
2593 2543 2788 2586 suum

1599 2616 1776 2679 Ecce
1866 2613 2148 2697 populus
2227 2611 2512 2675 filiorum
2589 2610 2784 2674 israel

1596 2705 1845 2768 multus
1875 2713 1943 2766 et
1972 2702 2200 2765 fortior
2230 2702 2420 2765 nobis
2451 2708 2570 2764 est.
2659 2700 2794 2764 Ve-

1596 2794 1734 2857 nite
1766 2792 2097 2875 sapienter
2119 2790 2573 2873 opprimamus
2605 2808 2789 2852 eum:

1596 2901 1680 2946 ne
1727 2881 1896 2946 forte
1949 2879 2424 2962 multiplicetur
2470 2886 2539 2941 et
2583 2878 2641 2940 si
2693 2878 2794 2940 in-

1593 2971 1843 3053 gruerit
1889 2978 2124 3033 contra
2167 2987 2290 3031 nos
2336 2965 2628 3029 bellum:
2676 2965 2794 3029 ad-

1596 3063 1795 3125 datur
1839 3058 2118 3121 inimicis
2163 3056 2402 3119 nostris
2448 3074 2793 3137 expugna·

1595 3149 1815 3231 tisque
1863 3147 2053 3210 nobis
2103 3145 2479 3227 egrediatur
2523 3163 2560 3205 e
2600 3152 2792 3207 terra.

1598 3237 1947 3319 Preposuit
1999 3235 2224 3317 itaque
2284 3233 2378 3295 eis
2437 3232 2792 3313 magistros

1594 3345 1872 3408 operum
1919 3332 1996 3386 ut
2037 3320 2406 3403 affligerent
2435 3340 2549 3384 eos
2579 3321 2792 3383 oneri-

1595 3414 1740 3478 bus,
1893 3411 2520 3490 Edificaveruntque
2594 3408 2790 3471 urbes

1594 3499 2170 3566 tabernaculorum
2231 3496 2586 3579 pharaonis
2645 3494 2790 3578 phi-

1595 3600 1713 3655 ton
1763 3600 1834 3654 et
1884 3606 2206 3651 ramesses
2257 3594 2642 3668 quantoque
2672 3604 2790 3666 op-

1596 3675 2098 3762 primabantur⁸
2129 3674 2538 3755 tantomagis
2569 3672 2791 3735 multi-

1595 3767 2016 3851 plicabantur
2066 3772 2134 3827 et
2179 3761 2578 3826 crescebant.
2670 3761 2788 3825 Re.

1597 3856 1964 3922 Cantemus
2070 3851 2348 3915 domino
2397 3872 2413 3914 :
2503 3849 2790 3932 gloriose

1592 3945 1772 4008 enim
1803 3940 2276 4005 honorificatus
2307 3948 2409 4002 est
2438 3958 2688 4021 equum
2719 3948 2788 4003 et

1593 4050 2010 4097 ascensorem
2095 4028 2372 4111 projecit
2449 4028 2514 4091 in
2591 4047 2787 4090 mare.

1597 4121 1893 4202 Adjutor
1921 4127 1990 4181 et
2037 4126 2371 4201 protector
2422 4115 2636 4180 factus
2688 4124 2791 4179 est

1597 4209 1760 4274 mihi
1821 4209 2130 4271 dominus
2205 4207 2273 4269 in
2347 4204 2650 4268 salutern.
2743 4222 2788 4291 φ

1598 4300 1846 4364 Currus
1899 4295 2252 4379 pharaonis
2305 4303 2374 4358 et
2421 4296 2788 4356 exercitum

2041 4447 2068 4542 ⁸·
2091 4442 2638 4577 ffiffiiffifssvgw.

1258 4586 1277 4615 ⁸
1308 4583 1749 4648 opprimebantur:
1786 4580 1910 4631 E.G.
1985 4578 2431 4645 opprimabentur:
2468 4576 2548 4625 W.
