3375 5100
628 0 1790 12 Ἦή-Ἷ-ᾑ--ὴνῂήῇ--Ἶ

1280 368 1384 424 ΙΝ
1425 367 1839 422 CRASTJNO
1888 366 2203 422 SANCT!

1027 477 1148 532 131

507 587 778 718 Deus
808 581 920 665 qui
957 582 1188 647 salutis
1231 593 1456 647 eterne
1499 582 1697 646 beate

665 673 867 735 marie
879 673 1256 754 virginitate
1275 671 1557 736 secunda
1575 672 1696 734 hu-

507 781 710 825 mano
753 761 978 842 generi
1021 761 1274 842 premia
1322 760 1697 842 prestitisti:

507 851 726 914 tribue
767 869 1164 930 quesumus:
1211 857 1286 912 ut
1327 850 1540 931 ipsam
1575 867 1699 930 pro

507 939 703 1001 nobis
735 937 1140 1000 intercedere
1160 937 1550 1000 sentiamus:
1581 956 1700 1018 per

511 1047 720 1109 quam
775 1026 1134 1089 meruimus
1187 1035 1523 1089 auctorem
1563 1026 1700 1089 vite

513 1115 886 1196 suscipere:
950 1114 1316 1177 Dominum
1401 1123 1699 1177 nostrum

522 1204 742 1267 lesum
806 1202 1142 1267 Christum
1206 1201 1416 1265 filium
1489 1211 1701 1266 tuum.

513 1291 646 1374 Qui
678 1300 918 1355 tecum.
1008 1291 1338 1353 Memoria
1377 1290 1458 1352 de
1487 1299 1704 1353 sancto

509 1379 812 1460 stephano
839 1387 946 1442 aii.
1039 1379 1330 1462 Lapides
1361 1387 1701 1442 torrentes.

515 1467 844 1530 Memoria
889 1467 970 1530 de
1012 1477 1230 1530 sancto
1259 1467 1559 1548 johanne
1596 1475 1703 1530 an.

517 1557 629 1621 Sic
667 1576 818 1620 eum
849 1554 1018 1620 volo,
1107 1555 1438 1618 Memoria
1481 1555 1564 1618 de
1605 1555 1707 1618 in-

513 1645 886 1708 nocentibus.
978 1644 1346 1726 antiphona.
1435 1643 1594 1707 Vox
1637 1645 1705 1707 in

514 1754 714 1796 rama.

603 1823 663 1884 A
675 1821 728 1884 d
733 1821 1031 1903 primam
1061 1829 1164 1883 aii.
1237 1820 1482 1885 Genuit
1513 1841 1705 1903 puer-

517 1931 692 1992 pera.
763 1919 864 1990 pff.
941 1909 1128 1973 Deus
1157 1909 1224 1972 in
1258 1909 1540 1972 nomine.
1602 1917 1703 1990 pf.

517 1999 912 2082 Quicunque
931 1998 1092 2061 vult.
1139 1997 1259 2060 sub
1285 1999 1508 2060 eadem
1529 1998 1706 2060 anti·

503 2090 738 2168 pleona.
830 2087 943 2150 Re.
1032 2086 1191 2167 Jesu
1250 2085 1510 2152 Christe
1559 2107 1703 2149 cum

517 2176 797 2242 alleluia.
867 2193 913 2263 γ
959 2174 1094 2258 Qui
1125 2176 1213 2239 de
1241 2177 1512 2258 virgine.
1587 2174 1715 2238 Ad

515 2265 689 2328 alias
745 2265 940 2326 horas
997 2263 1340 2344 antiphone
1384 2273 1711 2344 sequentes

515 2354 595 2416 de
636 2353 942 2416 laudibus
976 2352 1276 2433 Capitula
1324 2362 1389 2414 et
1427 2351 1707 2433 Respon-

515 2443 692 2506 soria
725 2451 800 2504 ut
829 2441 900 2504 in
930 2441 1035 2503 die
1054 2441 1430 2504 nativitatis
1456 2440 1713 2503 domini

516 2552 660 2597 cum
685 2530 970 2593 oratione
990 2529 1299 2595 Concede
1330 2549 1706 2612 quesumus,

519 2620 578 2684 S
581 2621 609 2681 i
653 2620 722 2681 in
765 2618 1047 2682 crastino
1089 2618 1300 2680 sancti
1347 2618 1554 2681 thome
1599 2619 1707 2680 do-

518 2708 758 2773 minica
779 2707 997 2787 suen't
1014 2717 1264 2787 vespere
1283 2706 1351 2768 in
1374 2706 1480 2768 die
1498 2706 1714 2770 sancti

519 2797 726 2860 thome
757 2804 950 2857 erunt
977 2794 1058 2857 de
1081 2804 1296 2856 sancto
1341 2795 1555 2857 thoma
1581 2817 1604 2858 .·
1650 2804 1713 2858 et

520 2883 831 2949 memoria
883 2883 964 2945 de
1013 2883 1359 2945 nativitate
1407 2904 1550 2945 cum
1601 2892 1709 2947 an.

519 2975 728 3054 Virgo
759 2970 975 3035 hodie.
1029 2972 1360 3034 Memoria
1388 2972 1469 3034 de
1494 2982 1712 3035 sancto

519 3060 834 3142 stephano,
955 3068 1059 3123 αῆ.
1197 3060 1709 3141 Lapidaverunt.

524 3149 853 3215 Memoria
883 3148 964 3211 de
987 3158 1203 3211 sancto
1219 3149 1525 3230 johanne.
1601 3159 1707 3213 an.

524 3239 700 3304 Sunt
731 3239 816 3301 de
846 3237 970 3300 hie.
1057 3237 1388 3299 Memoria
1417 3237 1494 3300 de
1530 3237 1711 3301 inno·-

524 3326 818 3391 centibus.
909 3333 1015 3389 αῆ.
1105 3325 1174 3389 Α
1233 3326 1506 3389 bimatu.
1596 3327 1723 3390 Ad

527 3416 887 3480 matutinas
899 3414 1350 3478 invitatorium
1369 3424 1431 3476 et
1439 3415 1717 3495 hymnus

524 3516 604 3571 ut
659 3516 860 3585 snpra
918 3524 1062 3565 cum
1115 3503 1192 3566 ix
1235 3502 1606 3584 antiphonis
1655 3514 1720 3566 et

514 3593 796 3677 psalmis
839 3592 921 3655 de
967 3602 1138 3655 nocte
1182 3591 1556 3655 nativitatis·
1604 3593 1716 3655 do-

527 3683 700 3747 mini
738 3693 802 3745 et
829 3680 1178 3745 versiculis.
1271 3680 1503 3745 Sermo
1549 3680 1721 3745 beati

525 3770 872 3853 augustini
897 3770 1175 3852 episcopi.
1425 3769 1642 3833 Lectio
1651 3771 1713 3852 j.

530 3862 875 3993 Hodie
914 3861 1157 3922 veritas
1209 3858 1292 3921 de
1345 3866 1518 3921 terra
1570 3870 1718 3922 orta

691 3976 708 3998 ·
725 3958 858 4012 est:
893 3947 1286 4013 Christusde
1306 3967 1502 4010 carne
1520 3958 1718 4011 natus

531 4047 652 4102 est.
705 4036 1007 4100 Gaudete
1025 4036 1386 4099 solenniter
1411 4058 1426 4099 :
1458 4046 1526 4100 et
1544 4057 1717 4099 sern-

528 4126 862 4209 piternum
905 4125 1082 4188 diem
1129 4124 1519 4187 hodiernum
1552 4146 1719 4207 quo-

525 4234 662 4297 que
681 4213 1001 4277 admoniti
1021 4234 1035 4275 :
1059 4213 1348 4294 cogitate
1361 4224 1587 4276 eterna
1601 4215 1717 4276 do-

529 4324 654 4367 na:
695 4322 814 4384 spe
837 4300 1211 4364 firmissima
1240 4303 1715 4383 concupiscite:

525 4394 644 4457 filii
696 4392 802 4453 dei
852 4409 994 4452 esse
1049 4398 1321 4471 accepta
1381 4399 1715 4471 potestate

525 4480 901 4566 presumite.
990 4478 1106 4541 Re.
1187 4478 1406 4561 Quem
1437 4480 1710 4544 vidistis,

527 4590 574 4661 γ
625 4569 862 4634 Dicite.
1393 4566 1610 4630 Lectio
1642 4568 1709 4649 ij.

2340 477 2479 534 182

1810 585 2189 716 Propter
2216 601 2335 646 vos
2380 582 2765 666 temporalis
2810 581 3009 647 effee-

1964 680 2073 733 tus
2120 681 2223 735 est
2271 679 2646 754 temporum
2694 671 3005 736 effector:

1810 769 2083 842 propter
2133 779 2251 823 vos
2312 761 2379 823 in
2440 779 2637 824 carne
2696 761 3004 844 apparuit

1812 849 2043 912 mundi
2076 847 2417 912 conditor:
2458 857 2731 932 propter
2744 869 2863 912 vos
2886 869 3004 912 na-

1810 945 1921 1000 tus
1980 945 2083 1000 est
2148 936 2482 1002 salvator:
2544 937 2725 1020 Quid
2784 937 3005 1001 adhuc

1814 1025 2125 1088 mortales
2156 1025 2349 1088 rebus
2374 1025 2763 1090 mortalibus
2784 1025 3003 1090 oblec-

1814 1113 2087 1176 tamini:
2150 1122 2220 1177 et
2278 1113 2625 1196 fugitivam
2676 1115 2885 1178 vitam
2944 1113 3003 1176 si

1814 1201 1929 1283 figi
2003 1211 2272 1284 posset:
2346 1209 2573 1266 tenere
2650 1202 3005 1266 conamini.

1815 1291 1929 1354 Re.
2022 1289 2085 1356 Ο
2163 1309 2498 1372 magnum.
2589 1307 2638 1377 γ
2713 1291 3005 1354 Domine

1816 1379 2055 1443 audivi.
2673 1379 2887 1442 Lectio
2908 1379 3009 1460 iij.

1816 1469 2065 1602 Spes
2117 1465 2313 1548 longe
2360 1465 2597 1530 clarior
2642 1467 2889 1532 effulsit
2934 1468 3005 1529 in

1945 1556 2174 1620 terris:
2222 1563 2296 1619 ut
2346 1557 2621 1620 terrenis
2668 1558 2809 1619 vita
2855 1576 3007 1638 pro-

1820 1646 2189 1708 mitteretur
2218 1645 2285 1706 in
2318 1644 2489 1708 celis.
2585 1644 2739 1708 Hoc
2770 1654 2843 1708 ut
2867 1664 3008 1708 cre·

1822 1733 2129 1797 deretur:
2184 1752 2285 1795 res
2318 1732 2755 1796 incredibilior
2784 1753 3008 1814 prero-

1817 1831 1978 1904 gata
2054 1830 2171 1885 est.
2266 1821 2449 1884 Deos
2524 1821 2815 1886 facturus
2891 1821 3004 1903 qui

1817 1909 2119 1973 homines
2150 1919 2373 1973 erant:
2416 1909 2620 1973 homo
2650 1909 2864 1974 factus
2904 1918 3009 1972 est

1819 2001 1931 2080 qui
1953 1999 2113 2061 deus
2132 2009 2273 2062 erat
2296 2020 2311 2061 :
2350 2017 2471 2060 nec
2492 1999 2805 2061 amittens
2824 1997 3009 2080 quod

1820 2097 1961 2150 erat
2008 2085 2145 2150 fieri
2177 2086 2385 2150 voluit
2430 2088 2570 2168 ipse
2615 2087 2781 2150 deus
2825 2087 3005 2169 quod

1820 2175 2101 2238 fecerat:
2147 2177 2305 2258 quia
2332 2174 2671 2238 hominem
2718 2176 2846 2238 deo
2890 2175 3011 2238 ad-

1819 2264 2029 2328 didit:
2077 2284 2206 2327 non
2241 2266 2443 2328 deum
2474 2265 2539 2326 in
2562 2264 2832 2327 homine
2864 2283 3011 2346 per-

1819 2353 2007 2416 didit.
2073 2353 2187 2416 Re.
2248 2353 2545 2416 Verbum
2575 2373 2728 2416 caro
2758 2351 3007 2416 factum

1822 2451 1939 2504 est.
2018 2458 2063 2526 y
2099 2441 2177 2504 In
2209 2441 2533 2524 principio
2554 2450 2695 2504 erat
2714 2441 3007 2504 verbum.

1819 2530 1960 2593 sine
1984 2541 2202 2611 prosa.

1820 2620 2270 2751 Miramur
2290 2620 2559 2701 virginis
2592 2630 2895 2701 partum:
2942 2628 3012 2683 et

2026 2728 2271 2770 novum
2378 2709 2595 2789 ipsum
2698 2708 3009 2771 nascendi

1824 2796 2095 2859 modum
2129 2806 2196 2859 et
2228 2796 2577 2871 incredulis
2618 2797 3013 2878 persuadere

1823 2903 2179 2948 conamur:
2242 2885 2424 2967 quod
2485 2886 2551 2947 in
2628 2894 2815 2948 utero
2875 2904 3010 2947 non

1824 2974 2220 3036 seminatum
2259 2993 2529 3055 germen
2570 2974 2773 3055 prolis
2816 2993 3012 3036 exor-

1824 3070 1967 3124 tum
2000 3071 2117 3125 est.
2212 3062 2303 3125 Et
2334 3083 2373 3125 a
2404 3061 2760 3143 complexu
2796 3063 3013 3125 carnis

1823 3152 2072 3213 viscera
2103 3152 2448 3213 innumera
2478 3149 2683 3213 filium
2726 3149 3013 3213 hominis

1825 3239 2279 3320 protulerunt:
2335 3238 2519 3319 cujus
2578 3242 2855 3321 patrem'
2894 3237 3013 3301 ho-

1827 3328 2072 3390 minem
2138 3347 2268 3390 non
2344 3328 2650 3390 tulerunt.
2741 3327 2857 3390 Re.
2948 3326 3011 3391 Ο

1830 3436 2051 3497 regem
2084 3415 2224 3479 celi.
2308 3427 2384 3478 ut
2408 3426 2605 3497 snpra
2636 3426 2789 3497 post
2827 3426 3007 3497 expo-

1823 3505 2139 3567 sitionem.
2717 3504 2931 3567 Lectio
2952 3524 3013 3567 v.

1826 3594 2346 3727 sempiternus
2364 3613 2515 3657 cum
2530 3602 2737 3676 patre:
2757 3593 3019 3656 hodier—

1958 3702 2079 3745 nus
2112 3702 2199 3745 ex
2233 3690 2459 3745 matre.
2544 3682 2701 3745 Post
2731 3690 3013 3744 matrem

1829 3770 1914 3833 de
1945 3780 2155 3834 matre
2188 3769 2397 3834 factus
2430 3778 2564 3833 est:
2606 3780 2761 3833 ante
2790 3770 3017 3832 omnia

1828 3860 1915 3921 de
1933 3869 2120 3941 patre
2140 3868 2334 3923 natus
2352 3869 2485 3923 est:
2510 3860 2651 3922 sine
2668 3879 2803 3941 quo
2826 3866 3019 3939 pater

1831 3966 2171 4030 nunquam
2221 3947 2383 4011 fuit:
2428 3948 2570 4010 sine
2620 3967 2752 4029 quo
2803 3958 3018 4009 mater

1832 4056 2171 4129 nunqpam
2203 4036 2449 4100 fuisset.
2542 4036 2866 4099 Exultate
2889 4036 3019 4098 vir-

1829 4126 2017 4206 gines
2052 4125 2294 4189 Christi
2324 4145 2592 4189 consors
2621 4133 2838 4187 vestra
2876 4144 3019 4186 ma·-

1831 4223 1932 4276 ter
1958 4225 2061 4277 est
2094 4213 2379 4279 Christi:
2425 4213 2760 4278 Christum
2786 4232 3017 4295 parere

1830 4323 1959 4365 non
1984 4304 2326 4384 potuistis:
2358 4304 2475 4365 sed
2500 4312 2771 4385 propter
2796 4301 3017 4366 Chris-

1827 4400 1971 4454 tum
2017 4412 2244 4473 parere
2290 4391 2607 4455 noluistis
2700 4389 2833 4472 Qui
2880 4410 3019 4453 non

1826 4501 1915 4541 ex
1964 4481 2151 4543 vobis
2205 4491 2399 4543 natus
2453 4489 2595 4543 est:
2660 4480 2775 4541 sed
2827 4479 3017 4541 vobis

1826 4570 2020 4632 datus
2106 4579 2221 4633 est.
2335 4569 2451 4633 Re.
2557 4569 2659 4631 Te
2738 4567 3015 4631 laudant
