3375 5100
1098 311 1515 368 DOMINICA
1565 310 1669 365 IN
1709 310 1982 365 RAMJS
2024 310 2524 367 PALMARUM.

1106 420 1231 475 871

572 532 797 599 cadet¹
822 551 955 596 non
982 538 1311 611 resurget:
1348 538 1413 592 et
1433 528 1545 612 qui
1577 548 1764 591 aver·

570 646 683 687 sus
696 632 797 687 est
818 641 949 685 non
970 628 1359 683 revertetur:
1380 638 1582 699 quare
1602 636 1762 698 ergo

568 732 835 776 aversus
876 719 977 773 est
1022 707 1305 791 populus
1355 706 1479 769 iste
1523 707 1589 768 in
1621 706 1758 768 hie·

569 801 853 865 rusalem
914 797 1252 860 aversione
1298 794 1756 858 contentiosa?

566 886 1175 971 Apprehenderunt
1199 884 1613 946 mendacium
1640 904 1655 945 :
1687 892 1757 945 et

566 977 915 1040 noluerunt
977 974 1227 1036 reverti.
1330 970 1610 1034 Attendi
1687 980 1755 1034 et

562 1063 976 1129 auscultavi:
1030 1082 1228 1124 nemo
1276 1059 1453 1142 quod
1502 1060 1752 1121 bonum

562 1163 664 1217 est
738 1152 1075 1233 loquitur:
1167 1148 1386 1211 nullus
1461 1158 1562 1211 est
1636 1149 1751 1229 qui

558 1251 718 1325 agat
762 1239 1194 1324 penitentiam
1243 1257 1440 1319 super
1477 1246 1752 1317 peccato

554 1352 676 1395 suo
706 1331 971 1393 dicens:
1018 1326 1195 1409 Quid
1229 1326 1403 1388 feci?
1494 1324 1750 1389 Omnes

555 1419 851 1483 conversi
900 1425 1053 1480 sunt
1103 1415 1186 1477 ad
1238 1434 1497 1477 cursum
1552 1434 1744 1477 suum

554 1509 741 1591 quasi
792 1526 1000 1589 equus
1052 1504 1301 1585 impetu
1355 1502 1604 1565 vadens
1657 1504 1743 1565 ad

551 1596 849 1679 prelium.
899 1591 1406 1674 Responson'um.
1448 1591 1589 1654 Viri
1622 1591 1744 1653 im-

550 1685 641 1767 pii
718 1685 1035 1747 dixerunt
1112 1681 1564 1761 opprimamus
1645 1680 1740 1741 vi-

550 1794 694 1836 rum
764 1772 1017 1853 justum
1080 1768 1321 1850 injuste
1383 1776 1451 1830 et
1509 1766 1739 1850 deglu-

548 1863 793 1925 tiamus
888 1880 1041 1922 eum
1146 1868 1467 1939 tanquam
1547 1855 1736 1919 inferi

545 1952 807 2013 vivum:
895 1947 1268 2011 auferamus
1345 1946 1734 2008 memoriam

546 2038 719 2101 illius
749 2040 834 2102 de
866 2047 1038 2101 terra
1075 2057 1089 2099 :
1120 2044 1188 2098 et
1217 2035 1303 2098 de
1334 2033 1558 2115 spoliis
1590 2032 1733 2113 ejus

543 2138 789 2191 sortem
832 2128 1172 2189 mittamus
1216 2124 1387 2185 inter
1417 2141 1574 2185 nos:
1634 2122 1732 2203 ip-

544 2218 598 2279 si
632 2218 809 2279 enim
858 2213 1188 2277 homicide
1247 2212 1730 2274 thezaurisave-

546 2315 699 2368 runt
774 2303 897 2367 sibi
968 2300 1238 2365 malum.
1332 2300 1728 2381 Insipientes

538 2404 606 2457 et
640 2392 909 2474 maligni
963 2390 1247 2453 oderunt
1292 2388 1724 2469 sapientiam:

532 2492 600 2545 et
623 2483 711 2545 rei
746 2482 901 2544 facti
932 2487 1086 2542 sunt
1117 2479 1182 2540 in
1215 2475 1726 2557 cogitationibus

536 2573 687 2634 suis,
768 2588 817 2657 γ
901 2570 1237 2632 Dixerunt
1297 2565 1478 2647 impii
1542 2567 1720 2646 apud

530 2681 603 2724 se
665 2679 796 2723 non
864 2667 1039 2720 recte
1105 2654 1517 2736 cogitantes:
1598 2654 1720 2714 cir-

531 2747 1001 2811 cunveniamus
1072 2743 1326 2824 justum
1402 2741 1718 2824 quoniam

526 2835 892 2899 contrarius
951 2841 1053 2896 est
1102 2830 1409 2913 operibus
1458 2831 1718 2892 nostris,

532 2924 945 3006 InsipienteS.
1372 2916 1588 2980 Lectio
1619 2917 1716 2998 iij.

521 3011 893 3145 Milvus
926 3011 991 3073 in
1024 3007 1166 3072 celo
1205 3006 1519 3088 cognovit
1549 3015 1717 3069 tem-

725 3121 849 3184 pus
909 3118 1145 3163 suum:
1193 3105 1405 3158 turtur
1466 3103 1533 3157 et
1592 3094 1715 3176 hy-

522 3190 736 3252 rundo
783 3197 851 3252 et
904 3183 1227 3269 cyconia²
1263 3182 1716 3248 custodierunt

521 3287 786 3362 tempus
840 3277 1165 3341 adventus
1224 3274 1363 3336 sui:
1427 3271 1715 3354 populus

519 3378 745 3446 autem
793 3386 979 3429 meus
1028 3384 1160 3427 non
1203 3362 1514 3444 cognovit
1538 3360 1714 3440 judi-

519 3458 693 3519 cium
734 3455 1002 3518 domini.
1095 3449 1451 3534 Quomodo
1494 3449 1714 3513 dicitis

516 3547 851 3628 sapientes
896 3563 1019 3607 nos
1064 3559 1290 3604 sumus
1337 3547 1404 3600 et
1436 3537 1549 3600 lex
1594 3537 1712 3599 do-

518 3634 677 3698 mini
726 3633 1069 3696 nobiscum
1101 3638 1219 3694 est.
1308 3627 1482 3691 Vere
1530 3645 1712 3688 men-

516 3722 781 3786 dacium
818 3729 1130 3804 operatus
1176 3725 1277 3780 est
1308 3714 1496 3778 stilus
1529 3734 1711 3778 men-

515 3813 655 3874 dax
738 3811 1097 3874 scribarum
1134 3829 1148 3871 :
1225 3803 1477 3869 confusi
1556 3813 1712 3867 sunt

514 3900 845 3980 sapientes
950 3895 1274 3979 perterriti
1374 3901 1443 3956 et
1532 3893 1709 3973 capti

514 3997 719 4051 sunt:
825 3987 1101 4050 verbum
1191 3982 1369 4046 enim
1460 3980 1709 4042 domini

514 4075 970 4158 projecerunt:
1017 4083 1085 4137 et
1144 4069 1469 4154 sapientia
1528 4068 1710 4131 nulla

514 4173 615 4227 est
648 4165 713 4226 in
743 4163 853 4227 εἰς.
922 4160 1434 4243 Responsorium.
1508 4156 1705 4238 Cogi-

2383 419 2530 475 872

1881 527 2139 659 Vide
2217 529 2486 592 domine
2565 536 2635 592 et
2713 530 3059 597 considera

2031 618 2346 699 quoniam
2408 617 2686 681 tribulor
2742 620 3060 685 velociter

1861 705 2106 767 exaudi
2175 726 2300 769 me.
2374 714 2474 787 pf.
2539 707 2868 772 Miserere.
2943 720 3052 775 aa.

1863 790 2178 856 Discerne
2217 814 2486 858 causam
2535 814 2752 858 meam
2785 797 3054 861 domine

1859 880 1945 943 ab
2020 882 2286 945 homine
2364 884 2590 965 iniquo
2673 894 2741 947 et
2817 886 3052 949 doloso

1857 970 2034 1051 eripe
2068 990 2188 1033 me.
2253 979 2352 1051 pff.
2397 971 2648 1052 Judica.
2709 982 2814 1037 αῆ.
2867 974 3046 1037 Dum

1855 1057 2202 1121 tribularer
2243 1059 2522 1122 clamavi
2568 1061 2653 1122 ad
2701 1061 3046 1126 dominum

1854 1145 1940 1207 de
1969 1157 2198 1209 ventre
2230 1147 2413 1210 inferi
2447 1158 2514 1210 et
2543 1151 2888 1213 exaudivit
2919 1172 3046 1216 me.

1837 1242 1939 1314 pf.
2035 1234 2219 1298 Deus
2250 1238 2412 1299 deus
2445 1252 2668 1301 meus·
2735 1248 2839 1301 ανῖ.
2904 1239 3046 1304 Do-

1853 1323 2031 1386 mine
2089 1326 2222 1387 vim
2272 1326 2490 1407 patior
2539 1329 2862 1408 responde
2923 1348 3046 1410 pro

1851 1430 1960 1473 me
2049 1413 2205 1493 quia
2282 1414 2502 1477 nescio
2576 1416 2735 1497 quid
2817 1417 3040 1481 dicam

1850 1498 2129 1563 inimicis
2191 1502 2368 1565 meis,
2444 1512 2544 1585 pff.
2641 1504 2790 1586 Ego
2873 1507 3038 1572 dixi.

1845 1596 1951 1651 αῆ.
2057 1588 2392 1653 Dixerunt
2474 1593 2712 1673 impii:
2815 1598 3040 1678 oppri-

1847 1695 2104 1740 mamus
2156 1679 2368 1742 virum
2416 1679 2672 1761 justum
2719 1686 3036 1763 quoniam

1843 1767 2204 1829 contrarius
2262 1777 2363 1831 est
2417 1769 2726 1851 operibus
2774 1775 3035 1837 nostriS.

1824 1860 1924 1932 pi
1993 1853 2310 1918 Laudate.
2407 1857 2554 1938 Cap.
2600 1858 2898 1923 Christus
2930 1882 3036 1924 as-

1839 1942 2095 2006 sistens.
2185 1944 2508 2023 Hymnus.
2605 1945 2845 2012 Lustra
2904 1970 3028 2014 sex

1836 2030 1966 2111 qui.
2057 2049 2104 2116 y
2153 2032 2354 2115 Eripe
2387 2054 2508 2097 me.
2591 2035 2674 2097 In
2703 2040 3030 2119 evangelio

1831 2126 1938 2181 αῆ.
1993 2119 2212 2183 Nemo
2267 2121 2454 2185 tollet
2493 2144 2534 2185 a
2580 2144 2685 2186 me
2731 2127 3026 2190 animam

1833 2225 2096 2270 meam:
2149 2210 2266 2271 sed
2319 2230 2446 2291 ego
2506 2231 2683 2293 pono
2741 2234 2892 2277 eam
2954 2226 3025 2280 et

1831 2295 2066 2358 iterum
2128 2318 2320 2361 sumo
2378 2319 2544 2364 eam.
2619 2310 2721 2383 pf.
2813 2302 3022 2368 Bene-

1826 2384 2060 2449 dictus
2772 2391 3022 2457 Oratio.

1837 2472 2338 2608 Omnipotens
2397 2477 2793 2560 sempiterne
2853 2480 3020 2544 deus

1959 2564 2046 2626 da
2088 2564 2279 2628 nobis
2341 2565 2431 2628 ita
2480 2568 2810 2631 dominice
2863 2590 3019 2652 pas-

1823 2649 2025 2713 sionis
2073 2663 2485 2718 sacramenta
2531 2676 2844 2739 peragere
2879 2681 2894 2721 :
2941 2669 3017 2723 ut

1823 2738 2303 2822 indulgentiam
2365 2745 2701 2825 percipere
2763 2766 3014 2810 merea-

1822 2846 1984 2891 mur.
2101 2829 2222 2892 Per
2285 2833 2570 2894 eundem
2647 2833 3012 2900 dominum.

1817 2915 1944 2977 Ad
1983 2928 2271 2999 vesperas
2314 2920 2384 2981 in
2431 2941 2678 3001 evange.
2711 2931 2816 2986 aii.
2889 2924 3012 2987 Po-

1819 3013 2130 3068 testatem
2155 3005 2371 3070 habeo
2395 3010 2682 3091 ponendi
2715 3013 3009 3076 animam

1819 3111 2090 3158 meam:
2166 3104 2233 3158 et
2315 3097 2551 3160 iterum
2630 3101 3015 3164 assumendi

1817 3200 1983 3244 eam.
2059 3192 2161 3264 pf.
2211 3185 2614 3266 Magnificat.
2762 3189 3011 3253 Oratio,

1836 3271 2070 3401 Tua
2109 3291 2230 3334 nos
2277 3274 2718 3339 misericordia
2749 3278 2912 3340 deus
2943 3288 3012 3342 et

1982 3360 2068 3422 ab
2106 3361 2288 3424 omni
2335 3365 2743 3446 surreptione
2791 3376 3012 3429 vetus-

1815 3447 1974 3510 tatis
1999 3459 2361 3531 expurget:
2395 3461 2462 3515 et
2487 3472 2762 3534 capaces
2779 3465 3009 3518 sancte

1816 3536 2129 3600 novitatis
2161 3537 2414 3603 efficiat.
2490 3540 2614 3603 Per
2643 3540 3006 3608 dominum.

1817 3627 1882 3701 (1
1925 3623 2122 3687 Ferta
2156 3626 2238 3691 iv.
2328 3628 2453 3690 Ad
2489 3630 2850 3692 matutinas
2892 3632 3008 3694 In-

1817 3713 2031 3777 vitato.
2127 3715 2206 3776 In
2278 3736 2494 3781 manu.
2573 3727 2672 3799 pf.
2762 3720 3005 3783 Venite

1811 3801 2015 3881 Hym.
2107 3802 2332 3885 Pange
2384 3805 2623 3888 lingua.
2713 3807 2799 3870 In
2847 3819 3002 3872 noct.

1810 3898 1915 3951 aii.
1976 3891 2256 3955 Avertet
2290 3894 2617 3959 dominuS.
2654 3905 2756 3976 pf.
2805 3896 3003 3960 Dixit

1811 3976 2140 4060 insipiens,
2235 3997 2278 4067 y
2327 3981 2503 4046 Erue
2534 4004 2574 4046 a
2605 3983 2870 4049 framea.

1965 4068 2095 4130 abo
2129 4070 2430 4133 mulieres
2478 4092 2704 4135 eorum
2735 4073 2927 4158 ·[Lec.
2940 4073 3002 4156 j.

1963 4160 2208 4220 exteris
2233 4159 2285 4222 ³:
2347 4180 2541 4241 agros
2601 4181 2828 4224 eorum
2890 4163 3004 4226 he-

511 4261 818 4316 taverunt
850 4260 926 4313 ut
949 4260 1145 4331 supra
1178 4249 1247 4311 in
1276 4245 1616 4310 dominica.
1655 4264 1703 4331 y
1805 4244 2072 4308 redibus
2148 4246 2377 4310 alienis
2413 4269 2426 4312 :
2492 4251 2649 4331 quia
2708 4271 2748 4312 a
2811 4250 3004 4313 mini-

512 4340 813 4405 Intende.
880 4339 967 4402 In
996 4337 1302 4402 laudibus
1329 4333 1699 4416 antiphona.
1803 4353 1915 4396 mo
1948 4336 2287 4417 usquead
2343 4338 2712 4401 maximum
2768 4359 3002 4403 omnes

740 4503 753 4532 ¹
790 4499 961 4551 cadit:
996 4499 1060 4549 G.

1411 4496 1431 4526 ¹
1464 4495 1679 4545 hirundo
1701 4501 1751 4545 et
1775 4494 2000 4547 ciconia:
2034 4496 2099 4548 G.

2471 4503 2491 4531 ⁸
2524 4509 2636 4551 exte
2659 4521 2671 4551 ε
2709 4501 2790 4552 W.
