3375 5100
1535 341 1790 397 FERJA
1847 340 2125 395 SEXTA

1096 450 1245 507 837

570 567 641 623 et
733 556 1129 639 babylonis:
1218 556 1568 621 scientium
1646 574 1772 620 me.

572 647 757 711 Ecce
776 646 1146 728 alienigene
1168 654 1235 709 et
1254 656 1443 727 tyrus
1460 654 1529 709 et
1562 666 1774 729 popu-

577 736 681 799 lus
712 735 1127 817 ethyopum:
1205 733 1271 796 hi
1304 734 1569 797 suerunt
1622 733 1772 797 illic.

575 824 907 907 Nunquid
970 842 1139 904 syon
1200 824 1379 888 dicet
1431 821 1637 885 homo
1705 830 1774 885 et

574 912 779 975 homo
833 922 1029 975 natus
1070 921 1174 975 est
1228 912 1294 975 in
1350 930 1469 975 ea:
1514 920 1583 973 et
1632 909 1774 992 ipse

576 1000 880 1064 fundavit
900 1020 1049 1063 eam
1069 999 1445 1063 altissimus,
1536 998 1777 1063 Domi-

576 1110 701 1153 nus
730 1088 1026 1152 narrabit
1070 1088 1137 1151 in
1192 1088 1530 1170 scripturis
1563 1107 1776 1170 popu-

575 1178 791 1241 lorum
820 1200 835 1241 :
882 1186 951 1239 et
983 1177 1352 1259 principum
1388 1175 1625 1239 horum
1659 1176 1774 1258 qui

578 1266 847 1329 fuerunt
877 1267 942 1328 in
976 1285 1071 1329 ea.
1168 1266 1363 1327 Sicut
1382 1264 1775 1327 letantium:

574 1356 875 1417 omnium
908 1353 1233 1417 habitatio
1262 1353 1278 1389 ¹
1314 1354 1379 1415 in
1407 1362 1496 1416 te.
1640 1352 1776 1433 pf!

572 1444 955 1575 Domine
998 1444 1164 1505 deus
1208 1440 1441 1505 salutis
1472 1460 1657 1505 mee:
1706 1442 1774 1504 in

730 1532 837 1595 die
884 1529 1164 1595 clamavi
1210 1538 1279 1594 et
1322 1538 1521 1593 nocte
1548 1550 1774 1593 coram

572 1628 661 1683 te.
735 1620 953 1683 Intret
987 1620 1053 1681 in
1084 1627 1443 1703 conspectu
1476 1628 1594 1682 tuo
1625 1638 1775 1682 ora-

574 1708 675 1771 tio
698 1728 885 1772 mea:
932 1708 1179 1772 inclina
1208 1726 1435 1771 aurem
1466 1716 1653 1771 tuam
1688 1707 1774 1771 ad

575 1816 841 1878 precem
865 1817 1105 1860 meam.
1202 1796 1371 1875 Quia
1395 1795 1649 1878 repleta
1671 1804 1776 1859 est

574 1886 765 1949 malis
814 1886 1039 1949 anima
1088 1904 1271 1949 mea:
1316 1893 1388 1949 et
1424 1884 1565 1947 vita
1622 1903 1777 1947 mea

574 1974 641 2036 in
660 1976 687 2012 ³
710 1974 968 2037 inferno
980 1974 1554 2057 appropinquavit.
1588 1972 1656 2035 E
1658 1972 1775 2035 sti-

572 2072 791 2127 matus
838 2083 985 2126 sum
1032 2082 1185 2125 cum
1215 2060 1774 2126 descendentibus

572 2152 641 2214 in
667 2152 885 2215 lacum
916 2172 931 2214 :
964 2151 1180 2215 sactus
1202 2170 1351 2214 sum
1370 2150 1543 2213 sicut
1563 2148 1772 2212 homo

567 2240 713 2303 sine
743 2241 1073 2321 adjutorio
1122 2240 1294 2302 inter
1346 2247 1642 2301 mortuos
1696 2236 1773 2299 li-

574 2328 709 2393 ber.
807 2329 1002 2393 Sicut
1020 2326 1345 2392 vulnerati
1364 2326 1771 2390 dormientes

570 2418 639 2480 in
686 2417 1091 2500 sepulchris:
1169 2435 1449 2499 quorum
1501 2434 1637 2479 non
1699 2434 1772 2477 es

568 2526 826 2570 memor
855 2505 1139 2589 amplius
1166 2526 1181 2570 :
1228 2513 1298 2570 et
1316 2504 1441 2588 ipsi
1461 2504 1547 2568 de
1568 2524 1770 2568 manu

569 2605 688 2659 tua
718 2595 959 2678 repulsi
992 2605 1164 2660 sunt.
1254 2595 1639 2658 Posuerunt
1662 2613 1770 2656 me

568 2684 636 2746 in
685 2683 831 2748 lacu
878 2683 1203 2747 inferiori:
1280 2681 1349 2746 in
1402 2682 1770 2745 tenebrosis

568 2781 639 2835 et
682 2774 748 2836 in
782 2772 1018 2836 umbra
1063 2772 1313 2836 mortis,
1407 2769 1629 2852 Super
1660 2789 1770 2834 me

569 2860 1003 2925 confirmatus
1062 2869 1166 2923 est
1227 2859 1407 2922 furor
1452 2868 1651 2922 tuus:
1701 2867 1769 2923 et

568 2969 804 3013 omnes
880 2949 1121 3012 fluctus
1196 2957 1347 3011 tuos
1436 2947 1767 3011 induxisti

566 3057 767 3120 super
815 3057 940 3102 me.
1029 3037 1264 3119 Longe
1308 3035 1520 3099 fecisti
1570 3044 1769 3099 notos

568 3147 753 3190 meos
846 3147 885 3189 a
975 3146 1123 3190 me:
1227 3133 1592 3208 posuerunt
1660 3144 1769 3188 me

566 3215 1133 3280 abominationem
1194 3214 1338 3278 sibi.
1459 3212 1770 3276 Traditus

564 3325 713 3368 sum
767 3314 837 3368 et
896 3324 1031 3367 non
1090 3302 1517 3386 egrediebar:
1594 3299 1768 3364 oculi

566 3395 697 3456 mei
724 3393 1120 3474 languerunt
1139 3413 1255 3475 pre
1278 3391 1519 3473 inopia.
1616 3388 1675 3455 C
1674 3389 1768 3452 la-

570 3483 743 3545 mavi
808 3481 931 3544 ad⁴
980 3491 1050 3544 te
1108 3481 1419 3544 domine:
1466 3487 1613 3542 tota
1656 3478 1768 3542 die

568 3572 865 3653 expandi
941 3571 1027 3634 ad
1106 3579 1173 3633 te
1250 3587 1488 3632 manus
1562 3586 1766 3632 meas..

566 3659 894 3741 Nunquid
943 3658 1220 3722 mortuis
1268 3657 1468 3720 facies
1501 3654 1766 3719 mirabi-

568 3749 695 3812 lia:
742 3756 860 3811 aut
920 3748 1159 3811 medici
1220 3744 1639 3809 suscitabunt
1697 3752 1769 3807 et

566 3837 1061 3900 confitebuntur
1162 3834 1302 3900 tibi.
1437 3831 1766 3916 Nunquid

568 3925 861 3989 narrabit
936 3925 1175 4008 aliquis
1264 3923 1333 3986 in
1416 3919 1768 4004 sepulchro

568 4015 1086 4078 misericordiam
1141 4023 1367 4075 tuam:
1412 4020 1483 4074 et
1527 4010 1768 4074 verita-

568 4113 705 4167 tem
726 4113 909 4167 tuam
939 4104 1003 4165 in
1024 4098 1510 4186 perditionem!⁵
1570 4099 1770 4163 Nun-

568 4193 729 4275 quid
784 4199 1269 4273 cognoscentur
1330 4189 1397 4252 in
1471 4188 1770 4252 tenebris

566 4280 893 4345 mirabilia
938 4289 1091 4344 tua:
1138 4287 1207 4344 et
1245 4277 1507 4362 justitia
1536 4285 1655 4340 tua
1699 4277 1768 4340 in

802 4445 817 4476 ¹
860 4443 991 4493 ‘est’
1015 4443 1151 4492 add:
1186 4441 1320 4492 E.G.

800 4513 822 4543 ⁸
843 4517 923 4575 pf.
955 4509 1016 4572 87
1036 4529 1053 4559 .·
1096 4509 1221 4559 ΕΟ.
1295 4507 1513 4574 lxxxvij.
1533 4525 1551 4558 .·
1574 4507 1629 4556 S.

800 4580 821 4608 ⁸
861 4577 975 4625 ‘in’
999 4593 1097 4625 om.
1132 4593 1144 4626 ι
1182 4575 1233 4626 S.

802 4646 821 4675 ⁴
854 4659 945 4709 pro
976 4643 1189 4692 ‘ad’az
1226 4643 1280 4693 S.

2399 446 2558 505 838

1873 562 2051 618 terra
2095 552 2465 619 oblivionis
2555 554 2652 618 Et
2699 574 2832 637 ego
2879 556 2974 619 ad
3027 566 3098 620 te

1873 641 2146 706 domine
2175 642 2459 707 clamavi
2491 666 2506 707 :
2553 652 2619 707 et
2645 664 2847 707 mane
2869 647 3100 708 oratio

1877 751 2028 794 mea
2087 734 2432 814 preveniet
2527 742 2612 795 te.
2742 733 2840 798 Ut
2921 735 3092 816 quid

1873 820 2140 883 domine
2201 821 2462 902 repellis
2519 821 2895 885 orationem
2947 844 3094 885 me-

1873 928 1984 971 am
2039 910 2282 971 avertis
2335 910 2572 972 faciem
2617 919 2802 973 tuam
2859 932 2898 973 a
2957 932 3090 975 me.

1871 996 2147 1080 Pauper
2189 1019 2338 1061 sum
2371 1018 2498 1079 ego
2523 1009 2591 1060 et
2636 998 2703 1060 in
2735 997 3090 1063 laboribus

1873 1106 1916 1147 a
1970 1086 2317 1167 juventute
2349 1106 2542 1150 mea:
2589 1086 2936 1150 exaltatus
2969 1110 3092 1151 au-

1874 1182 2012 1236 tem
2045 1174 2434 1238 humiliatus
2451 1196 2596 1237 sum
2619 1184 2686 1238 et
2719 1179 3094 1240 conturba-

1873 1270 2000 1326 tuS.
2090 1262 2174 1325 In
2211 1284 2317 1327 me
2371 1265 2769 1327 transierunt
2821 1266 2914 1328 ire
2967 1276 3090 1329 tue

1872 1360 1944 1413 et
1993 1361 2278 1415 terrores
2337 1353 2434 1415 tui
2511 1354 3093 1418 conturbaverunt

1875 1458 2000 1503 me.
2113 1438 2679 1505 circundederunt
2737 1462 2848 1505 me
2907 1444 3091 1507 sicut

1873 1548 2052 1609 aqua
2111 1538 2259 1592 tota
2316 1529 2460 1593 die:
2524 1531 3092 1595 circundederunt

1875 1636 1984 1679 me
2016 1616 2228 1681 simul.
2317 1618 2390 1681 E
2393 1618 2675 1701 longasti
2698 1640 2741 1681 a
2771 1639 2882 1682 me
2912 1622 3092 1683 ami-

1885 1724 2034 1769 cum
2053 1714 2121 1768 et
2141 1706 2524 1788 proximum
2555 1730 2571 1770 :
2591 1716 2660 1770 et
2678 1718 2877 1771 notos
2889 1730 3089 1773 meos

1873 1814 1916 1857 a
1977 1793 2284 1858 miseriaf'
2381 1795 2514 1859 Αῆ.
2607 1796 3090 1861 Fundamenta

1872 1880 2016 1963 ejus
2049 1884 2114 1945 in
2148 1885 2488 1947 montibus
2519 1885 2784 1949 sanctis
2947 1886 3084 1967 pff

1871 1972 2072 2103 M
2089 1972 2499 2036 isericordias
2617 1974 2918 2036 domini:
3015 1977 3086 2037 in

2085 2070 2386 2123 eternum
2431 2062 2735 2125 cantab0.
2827 2062 2916 2125 In
2965 2084 3088 2145 ge*

1872 2149 2213 2211 neratione
2247 2159 2315 2212 et
2373 2152 2915 2231 generationem:
2965 2173 3086 2215 an·

1871 2237 2202 2300 nunciabo
2231 2238 2578 2301 veritatem
2627 2248 2811 2302 tuam
2863 2242 2932 2302 in
2966 2262 3086 2305 ore

1871 2344 2040 2389 meo,
2136 2325 2466 2403 Quoniam
2528 2328 2759 2391 dixisti
2807 2329 2875 2390 in
2907 2338 3085 2392 eter-

1870 2432 2031 2476 num
2067 2416 2514 2479 misericordia
2557 2415 2983 2481 edificabitur
3012 2420 3082 2481 in

1869 2502 2070 2566 celis:
2138 2506 2597 2587 preparabitur
2651 2507 2897 2570 veritas
2959 2516 3084 2571 tua

1869 2591 1938 2653 in
2013 2593 2124 2656 eis,
2217 2595 2536 2677 Disposui
2590 2604 3080 2659 testamentum

1869 2679 2096 2744 electis
2149 2683 2316 2745 meis
2371 2683 2586 2764 juravi
2639 2685 2840 2747 david
2883 2705 3082 2749 servo

1869 2788 2021 2832 meo
2047 2790 2062 2833 ε
2107 2790 2317 2852 usque
2350 2772 2414 2833 in
2437 2783 2737 2835 eternum
2759 2793 3078 2855 prepara-

1869 2857 1959 2921 bo
2017 2877 2245 2922 semen
2308 2870 2516 2926 tuum.
2607 2861 2705 2924 Et
2745 2862 3078 2925 edificabo

1867 2945 1936 3008 in
1968 2949 2395 3027 generatione
2425 2958 2496 3012 et
2525 2951 3030 3031 generationem
3059 2974 3075 3014 :

1867 3035 2097 3098 sedem
2207 3045 2409 3100 tuam.
2553 3037 3077 3104 Confitebuntur

1870 3122 1994 3186 celi
2041 3124 2368 3188 mirabilia
2401 3135 2518 3189 tua
2570 3125 2887 3191 domine:
2933 3139 3076 3192 ete-

1869 3212 2008 3274 nim
2037 3214 2388 3277 veritatem
2433 3225 2622 3278 tuam
2671 3217 2738 3278 in
2793 3215 3076 3280 ecclesia

1865 3309 2271 3366 sanctorum.
2398 3302 2728 3380 Quoniam
2791 3306 2943 3386 quis
3005 3307 3075 3368 in

1865 3388 2154 3453 nubibus
2219 3392 2576 3472 equabitur
2622 3393 2939 3456 domino:
2988 3396 3076 3457 si-

1868 3477 2040 3540 milis
2103 3479 2224 3542 erit
2277 3481 2553 3543 domino
2607 3482 2672 3544 in
2739 3481 2892 3545 filiis
2945 3483 3074 3546 dei.

1865 3565 2057 3630 Deus
2086 3569 2199 3651 qui
2231 3568 2635 3650 glorificatur
2663 3571 2730 3632 in
2779 3571 3077 3634 conciliis

1864 3664 2251 3719 sanctorum
2281 3678 2298 3720 :
2345 3677 2630 3740 magnus
2661 3669 2729 3722 et
2761 3659 3075 3723 terribilis

1867 3763 2070 3826 super
2099 3764 2336 3809 omnes
2377 3747 2491 3829 qui
2525 3749 2591 3810 in
2618 3747 2897 3811 circuitu
2929 3749 3076 3830 ejus

1867 3842 2041 3897 sunt.
2161 3833 2462 3898 Domine
2519 3837 2688 3898 deus
2744 3837 3073 3900 virtutum

1869 3921 2018 4004 quis
2065 3921 2300 3986 similis
2343 3923 2506 3987 tibi:
2553 3933 2794 4005 potens
2849 3945 2924 3988 es
2955 3927 3077 3989 do-

1869 4010 2048 4073 mine
2097 4021 2166 4074 et
2213 4011 2454 4074 veritas
2503 4021 2620 4075 tua
2673 4013 2740 4075 in
2796 4013 3076 4078 circuitu

1868 4107 2003 4161 tuo.
2151 4099 2251 4163 Tu
2329 4099 2695 4164 dominaris
2749 4105 3078 4183 potestati

1873 4187 2104 4252 maris:
2170 4197 2428 4252 motum
2470 4199 2694 4253 autem
2751 4190 3079 4256 fluctuum

1871 4275 2014 4357 ejus
2059 4285 2133 4340 tu
2180 4278 2464 4358 mitigas,
2569 4279 2666 4342 Tu
2712 4278 3080 4346 humiliasti

1971 4442 1992 4471 ⁸
2022 4439 2338 4518 perditione:
2373 4439 2512 4530 WUS
2647 4507 2662 4522 ,
2715 4508 2732 4524 ἱ

1971 4505 2392 4637 &fiir-²2:³53
2450 4507 2816 4640 :maj-ff..
