3375 5100
1211 368 1335 423 AD
1381 366 1510 421 MA
1526 368 1908 423 TUTJNAS.

825 476 978 533 783

299 579 796 643 delectaverunt
848 588 918 643 te
969 580 1102 644 filie
1149 601 1378 664 regum
1429 584 1496 647 in

299 669 550 732 honore
611 676 748 732 tuo,
853 669 1096 732 Astitit
1173 673 1401 753 regina
1461 694 1504 737 a

299 757 556 820 dextris
589 757 759 821 tuis:
807 758 874 820 in
906 760 1146 822 vestitu
1181 760 1504 824 deaurato

299 846 686 910 circundata
725 847 1057 910 varietate.
1131 848 1320 913 Audi
1369 849 1504 913 filia

301 944 370 998 et
407 935 560 997 vide
608 934 666 998 &
715 934 958 998 inclina
1004 956 1228 999 aurem
1277 947 1504 1003 tuam:

303 1032 371 1086 et
403 1022 783 1086 obliviscere
831 1022 1152 1105 populum
1201 1035 1390 1089 tuum
1435 1035 1503 1089 et

303 1113 578 1174 domum
641 1113 848 1193 patris
902 1112 1012 1175 tui.
1110 1113 1210 1177 Et
1262 1134 1503 1179 concu—

305 1201 513 1281 piscet
559 1220 678 1263 rex
720 1201 1024 1264 decorem
1057 1210 1292 1266 tuum:
1339 1224 1503 1285 quo·

307 1289 482 1351 niam
517 1289 657 1369 ipse
689 1298 788 1351 est
813 1290 1124 1352 dominus
1155 1290 1320 1355 deus
1351 1302 1504 1356 tuus

303 1387 372 1439 et
404 1376 777 1440 adorabunt
809 1397 978 1441 eum.
1070 1378 1169 1443 Et
1212 1379 1344 1442 filie
1373 1383 1504 1462 tyri

305 1467 371 1527 in
407 1466 817 1529 muneribus:
863 1466 1120 1529 vultum
1156 1476 1344 1531 tuum
1391 1470 1508 1533 de-

305 1554 752 1636 precabuntur
797 1574 1032 1617 omnes
1081 1556 1320 1621 divites
1367 1558 1507 1639 ple-

307 1643 422 1705 bis,
490 1642 722 1706 Omnis
754 1642 966 1724 gloria
997 1643 1140 1724 ejus
1173 1643 1304 1708 filie
1335 1647 1508 1728 regis

305 1730 610 1793 abintus:
677 1731 742 1793 in
787 1730 1100 1795 fimbriis¹
1135 1734 1346 1797 aureis
1389 1736 1510 1797 cir-

309 1820 708 1882 cumamicta
736 1820 1182 1885 varietatibus,
1266 1823 1331 1886 A
1341 1823 1510 1886 ddu-

308 1919 540 1970 centur
593 1908 728 1989 regi
773 1909 1058 1990 virgines
1108 1918 1263 1992 post
1313 1931 1508 1976 eam:

309 1997 616 2079 proxime
647 1997 788 2077 ejus
819 1996 1174 2062 afferentur
1195 2000 1332 2063 tibi.
1381 2000 1510 2063 Af-

311 2085 602 2148 ferentur
632 2086 696 2147 in
723 2085 944 2149 leticia
973 2097 1042 2150 et
1066 2088 1511 2152 exultatione:

311 2174 724 2237 adducentur
785 2173 848 2237 in
919 2176 1246 2258 templum
1320 2178 1510 2259 regis.

311 2262 452 2325 Pro
498 2263 794 2343 patribus
839 2264 974 2327 tuis
1018 2264 1158 2328 nati
1201 2274 1359 2328 sunt
1389 2265 1511 2329 tibi

315 2350 473 2414 filii:
549 2352 911 2415 constitues
994 2373 1109 2416 eos
1183 2354 1514 2437 principes

313 2459 512 2520 super
539 2460 805 2503 omnem
843 2450 1102 2505 terram.
1165 2442 1514 2506 Memores

315 2537 506 2592 erunt
568 2529 854 2592 nominis
913 2530 1008 2595 tui
1071 2530 1384 2596 domine:
1447 2533 1514 2597 in

315 2618 498 2680 omni
547 2620 974 2700 generatione
1023 2629 1091 2684 et
1139 2623 1514 2703 generatio-

318 2726 490 2769 nem.
595 2707 966 2789 Propterea
1014 2709 1246 2791 populi
1310 2708 1516 2774 confi-

319 2795 636 2858 tebuntur
695 2795 860 2860 tibi:
941 2797 1006 2859 in
1070 2808 1374 2862 eternum
1447 2806 1515 2862 et

321 2884 386 2945 in
440 2883 735 2947 seculum
781 2885 1030 2948 seculi.²
1101 2886 1234 2950 Αῆ.
1307 2887 1514 2950 Eruc-

320 2971 489 3034 tavit
570 2991 684 3034 cor
761 2992 986 3037 meum
1053 2974 1328 3038 verbum
1395 2975 1516 3040 bo-

321 3079 500 3123 num.
1157 3063 1519 3129 Psalmus.⁸

319 3151 594 3280 Deus
691 3158 916 3214 noster
1021 3150 1349 3233 refugium
1450 3162 1517 3216 et

476 3238 724 3302 virtus:
789 3238 1058 3321 adjutor
1117 3240 1186 3303 in
1244 3239 1519 3305 tribula-

320 3326 616 3390 tionibus
701 3347 830 3410 que
923 3327 1317 3392 invenerunt
1399 3349 1520 3394 nos

322 3416 535 3478 nimis.
635 3415 1004 3498 Propterea
1065 3436 1198 3480 non
1259 3417 1520 3484 timebi-

325 3523 472 3567 mus
530 3504 692 3567 dum
755 3505 1126 3568 turbabitur
1182 3515 1392 3571 terra:
1455 3517 1524 3572 et

325 3592 800 3657 transferentur
831 3603 1092 3658 montes
1141 3595 1208 3660 in
1239 3615 1352 3660 cor
1383 3615 1522 3660 ma-

327 3681 429 3744 ris.
527 3681 909 3745 Sonuerunt
953 3692 1018 3746 et
1060 3683 1326 3748 turbate
1369 3692 1525 3748 sunt

325 3788 500 3851 aque
573 3789 846 3834 eorum:
921 3771 1296 3836 conturbati
1370 3781 1527 3836 sunt

327 3867 588 3921 montes
619 3859 686 3922 in
717 3858 1104 3923 fortitudine
1133 3859 1294 3941 ejus.
1356 3859 1526 3925 Flu-

326 3947 524 4010 minis
567 3948 854 4030 impetus
887 3946 1157 4012 letificat
1188 3949 1525 4012 civitatem

325 4036 474 4099 dei:
535 4035 970 4101 sanctificavit
1023 4036 1526 4101 tabernaculum

323 4143 520 4187 suum
553 4123 930 4190 altissimus.
990 4125 1180 4190 Deus
1211 4127 1280 4189 in
1303 4127 1526 4190 medio

327 4211 471 4293 ejus
520 4231 653 4275 non
709 4215 1270 4280 commovebitur:
1335 4213 1523 4296 adju-

323 4300 512 4366 vabit
559 4321 708 4365 eam
759 4301 923 4366 deus
971 4323 1167 4366 mane
1215 4304 1522 4369 dilucu10.

597 4451 610 4480 ¹
649 4449 875 4500 fimbris:
913 4451 964 4501 S.

595 4519 616 4546 ²
651 4523 666 4544 ⁴
689 4517 864 4565 Gloria
887 4517 1046 4580 patri'
1071 4517 1170 4568 add
1197 4536 1210 4568 ε
1245 4519 1310 4569 G.

597 4584 618 4612 ⁸
643 4587 720 4646 pJ.
750 4595 813 4646 45
835 4597 854 4630 .·
887 4584 1024 4632 Exi.
1098 4585 1202 4634 xlv.
1225 4600 1243 4633 .·
1275 4585 1328 4635 S.

2118 476 2269 532 784

1607 578 2013 647 Conturbate
2056 588 2213 643 sunt
2242 588 2475 662 gentes
2520 590 2589 645 et
2620 581 2805 645 incli-

1601 678 1763 732 nata
1821 678 1977 733 sunt
2024 688 2268 751 regna:
2336 669 2523 733 dedit
2570 690 2804 733 vocem

1601 778 1791 821 suam
1826 767 2013 821 mota
2057 766 2159 821 est
2192 766 2379 821 terra.
2470 758 2807 821 Dominus

1601 848 1923 910 virtutum
2002 846 2394 911 nobiscum:
2462 856 2804 929 susceptor

1603 944 1830 997 noster
1890 935 2055 997 deus
2110 934 2325 1015 jacob.
2443 933 2677 999 Venite
2738 946 2807 999 et

1602 1024 1826 1086 videte
1857 1044 2059 1105 opera
2090 1024 2343 1086 domini
2369 1044 2383 1086 :
2422 1044 2553 1105 que
2585 1026 2807 1105 posuit

1603 1112 1910 1194 prodigia
1940 1132 2138 1194 super
2168 1121 2429 1175 terram.
2471 1112 2807 1176 Auferens

1607 1200 1783 1264 bella
1826 1221 2037 1282 usque
2082 1201 2168 1264 ad
2217 1200 2417 1263 finem
2451 1211 2659 1265 terre:
2708 1221 2808 1264 ar-

1605 1309 1759 1355 cum
1812 1298 2111 1353 conteret
2164 1298 2234 1353 et
2288 1289 2657 1372 confringet
2706 1310 2808 1353 ar-

1607 1398 1757 1442 ma:
1835 1387 1903 1442 et
1972 1388 2163 1443 scuta
2238 1377 2581 1443 comburet
2653 1379 2807 1461 igni.

1625 1466 1871 1532 Vacate
1924 1476 1993 1531 et
2040 1468 2265 1531 videte
2313 1468 2631 1549 quoniam
2682 1487 2809 1549 ego

1605 1575 1755 1619 sum
1789 1556 1991 1618 deus:
2023 1555 2377 1619 exaltabor
2398 1557 2465 1619 in
2498 1557 2809 1637 gentibus

1607 1653 1674 1707 et
1708 1642 2060 1706 exaltabor
2095 1645 2161 1705 in
2208 1653 2395 1708 terra.
2474 1645 2809 1709 Dominus

1606 1732 1925 1794 virtutum
1995 1732 2391 1797 nobiscum:
2469 1744 2811 1815 susceptor

1607 1830 1835 1883 noster
1863 1820 2029 1883 deus
2053 1819 2267 1900 jacob.
2452 1820 2809 1885 Psalmus.⁴

1619 1909 1934 2043 Omnes
1979 1917 2213 1989 gentes
2258 1908 2554 1991 plaudite
2602 1912 2811 1973 mani-

1748 1996 1913 2062 bus:
1984 1996 2263 2077 jubilate
2324 1998 2453 2061 deo
2512 1998 2578 2060 in
2647 2019 2811 2062 voce

1609 2086 2059 2149 exultationis,
2140 2084 2470 2163 Quoniam
2502 2087 2811 2151 dominus

1611 2174 1916 2239 excelsus
1964 2174 2310 2237 terribilis:
2368 2196 2487 2238 rex
2530 2195 2813 2257 magnus

1611 2282 1811 2344 super
1850 2282 2119 2326 omnem
2167 2272 2427 2327 terram.
2507 2264 2815 2347 Subjecit

1611 2349 1899 2433 populos
1960 2350 2197 2415 nobis:
2265 2362 2335 2415 et
2393 2361 2627 2433 gentes
2688 2353 2813 2417 sub

1613 2440 1895 2521 pedibus
1956 2440 2211 2503 nostris.
2332 2438 2559 2522 Elegit
2620 2442 2815 2505 nobis

1609 2527 2051 2592 hereditatem
2103 2548 2336 2593 suam:
2382 2530 2669 2611 speciem
2712 2531 2815 2612 ja-

1613 2617 1740 2682 cob
1771 2637 1969 2698 quem
1995 2617 2251 2682 dilexit.
2296 2618 2627 2682 Ascendit
2649 2620 2815 2684 deus

1613 2706 1680 2770 in
1725 2705 1983 2787 jubilo:
2050 2715 2120 2770 et
2170 2707 2480 2770 dominus
2536 2708 2600 2770 in
2651 2728 2815 2772 voce

1611 2795 1793 2859 tube.
1883 2795 2165 2858 Psallite
2210 2796 2340 2860 deo
2382 2805 2610 2860 nostro
2640 2797 2815 2878 psal-

1615 2883 1773 2948 lite:
1816 2883 2077 2965 psallite
2108 2884 2243 2966 regi
2277 2894 2505 2948 nostro
2536 2885 2815 2966 psallite.

1621 2972 1953 3052 Quoniam
1984 2993 2106 3036 rex
2148 2973 2363 3036 omnis
2394 2983 2565 3037 terre
2612 2974 2815 3038 deus:

1615 3061 1880 3144 psallite
1896 3062 2243 3144 sapienter.
2293 3061 2637 3144 Regnabit
2656 3064 2817 3126 deus

1615 3169 1815 3232 super
1857 3159 2130 3232 gentes:
2175 3150 2341 3213 deus
2386 3152 2577 3214 sedet
2621 3172 2819 3234 super

1613 3238 1845 3302 sedem
1877 3247 2176 3302 sanctam
2206 3258 2415 3302 suam.
2470 3239 2819 3322 Principes

1617 3324 2019 3408 populorum
2050 3328 2433 3409 congregati
2480 3337 2635 3392 sunt
2664 3349 2817 3392 cum

1619 3416 1751 3478 deo
1794 3413 2154 3478 abraham:
2202 3416 2517 3497 quoniam
2549 3416 2643 3479 dii
2690 3418 2819 3480 for-

1620 3514 1724 3569 tes
1812 3513 1983 3567 terre
2063 3502 2492 3567 vehementer
2578 3504 2819 3569 elevati

1621 3591 1824 3656 sunt.²
1878 3592 2013 3656 Αῆ.
2085 3591 2384 3673 Adjutor
2430 3593 2497 3655 in
2546 3593 2823 3656 tribula-

1621 3679 1933 3745 tionibus·
2467 3681 2824 3744 Psalmus.³

1826 3787 2037 3851 agnus
2121 3768 2433 3833 dominus
2521 3779 2591 3832 et
2683 3769 2821 3833 lau-

1824 3856 2066 3920 dabilis
2126 3857 2359 3921 nimis:
2430 3859 2496 3920 in
2555 3857 2823 3922 civitate

1625 3947 1733 4010 dei
1824 3945 2032 4011 nostri
2118 3945 2187 4008 in
2274 3955 2501 4009 monte
2590 3957 2821 4010 sancto

1623 4035 1784 4117 ejus,
1915 4033 2268 4099 Fundatur
2359 4034 2766 4099 exaltatione
2796 4033 2823 4074 ⁶

1623 4126 1925 4188 universe
2022 4132 2194 4187 terre
2312 4143 2505 4186 mons
2601 4143 2768 4206 syon
2806 4147 2821 4188 :

1625 4213 1834 4277 latera
1922 4212 2249 4296 aquilonis
2332 4212 2565 4275 civitas
2652 4215 2824 4294 regis

1625 4301 1869 4384 magni.
1974 4301 2165 4366 Deus
2214 4303 2281 4364 in
2330 4301 2639 4365 domibus
2682 4303 2826 4383 ejus

1865 4453 1885 4546 ἶ
1918 4449 2001 4530 PJ.
2030 4449 2129 4511 46:
2163 4450 2299 4500 1226.
2370 4451 2497 4528 πὰρ’..
2520 4466 2538 4499 .·
2569 4451 2623 4533 St

1865 4585 1885 4612 ·
1908 4517 2515 4633 {;.1{{{2053?·E.'5²T3‘<›·.
2527 4521 2631 4632 [53⁸
