3375 5100
1097 352 1201 405 IN
1244 350 1567 406 OCTAVA
1620 352 1970 409 PASCHE.

861 460 1020 514 429

309 565 583 629 dikatur
619 563 901 647 singulis
949 564 1290 629 dominicis
1330 586 1529 648 usque

310 654 419 717 ad
480 653 905 717 ascensionem
962 653 1217 717 domini
1269 655 1525 737 quando

310 742 399 805 dc
423 742 747 806 domim‘ca
775 743 1017 825 agitur.
1194 742 1519 824 Hymnus.

487 850 681 893 urora
752 829 917 894 lucis
1004 830 1231 894 rutilat
1304 830 1519 896 celum

487 917 795 982 laudibus
884 918 1144 983 intonat
1235 919 1520 983 mundus

314 1006 636 1071 exultans
697 1005 943 1087 jubilat
1002 1028 1277 1091 gemens
1323 1008 1519 1071 infer-

316 1114 447 1158 nus
510 1093 739 1159 ululat.
834 1094 999 1160 Cum
1060 1116 1178 1160 rex
1224 1096 1334 1160 ille
1388 1096 1515 1159 for-

314 1183 615 1247 tissimus
644 1183 877 1247 mortis
899 1185 1249 1248 confractis
1272 1185 1516 1249 viribus

315 1271 493 1354 pede
536 1269 928 1335 conculcans
959 1282 1207 1337 tartara
1250 1273 1447 1337 solvit
1476 1293 1519 1337 a

316 1380 493 1443 pena
534 1358 822 1423 miseros
914 1360 1054 1426 Ille
1097 1362 1211 1445 qui
1257 1361 1516 1425 clausus

314 1447 542 1531 lapide
581 1448 950 1512 custoditur
992 1449 1119 1513 sub
1163 1449 1371 1513 milite
1400 1451 1515 1513 tri-

316 1536 651 1618 umphans
720 1556 969 1620 pompa
1040 1538 1246 1601 nobili
1305 1538 1517 1602 victor

313 1625 530 1707 surgit
580 1624 665 1687 de
718 1624 959 1690 funere.
1070 1624 1329 1690 Solutis
1373 1625 1512 1708 jam

312 1713 678 1796 gemitibus
740 1723 809 1778 et
867 1714 1102 1778 inferni
1177 1714 1515 1779 doloribus

310 1802 477 1885 quia
526 1803 813 1867 surrexit
863 1802 1173 1867 dominus
1225 1802 1515 1886 resplen-

307 1891 488 1954 dens
560 1890 807 1954 clamat
880 1891 1171 1973 angelus
1269 1890 1517 1955 Tristes

310 1987 510 2042 erant
552 1978 839 2062 apostoli
890 1978 977 2043 de
1027 2000 1190 2043 nece
1241 1980 1342 2043 sui
1396 1980 1513 2044 do-

310 2067 483 2130 mini
512 2087 711 2149 quem
742 2087 915 2150 pena
946 2069 1177 2131 mortis
1218 2066 1465 2132 crudeli
1492 2067 1511 2107 ¹

308 2154 490 2219 servi
523 2156 921 2220 damnarant
963 2157 1165 2240 impii.
1260 2156 1513 2235 Quesu-

310 2263 471 2307 mus
502 2253 743 2308 auctor.
832 2244 1059 2309 Gloria
1090 2244 1210 2309 tibi
1241 2243 1511 2309 domine

310 2332 434 2414 qui
492 2333 853 2397 surrexisti.
926 2333 1011 2397 In
1060 2343 1359 2396 nocturno
1402 2342 1511 2399 αῆ.

308 2418 613 2484 Alleluia
664 2421 815 2485 all’a
862 2420 1027 2486 all’a.
1100 2431 1203 2503 pf.
1264 2422 1510 2487 Beatus

310 2508 434 2573 vir.
504 2518 608 2592 pff.
653 2509 878 2594 Quare
926 2510 1345 2576 fremuerunt.
1404 2519 1507 2593 pf.

311 2597 613 2662 Domine
685 2599 847 2681 quid
916 2599 1349 2682 multiplicati.
1461 2616 1510 2686 7

312 2686 725 2752 Resurrexit.
766 2687 1131 2753 Secundum
1135 2688 1508 2770 johannem

308 2776 416 2908 l
422 2795 469 2838 n
528 2775 642 2838 illo
703 2784 1050 2859 tempore:
1126 2795 1277 2842 curn
1336 2785 1510 2840 esset

424 2882 570 2927 sero
599 2863 707 2927 die
736 2863 849 2928 illa
880 2884 1012 2929 una
1041 2864 1509 2929 sabbatorum:

307 2958 386 3014 et
429 2950 601 3015 fores
644 2961 866 3016 essent
900 2951 1121 3016 clause
1166 2954 1277 3017 ubi
1322 2962 1511 3017 erant

307 3039 619 3124 discipuli
664 3041 1042 3124 congregati
1074 3050 1343 3124 propter
1372 3060 1511 3104 me-

308 3137 462 3192 tum
532 3128 885 3210 judeorum
944 3130 1128 3193 venit
1186 3130 1379 3211 Jesus
1440 3139 1508 3194 et

307 3215 500 3280 stetit
531 3217 597 3280 in
631 3217 852 3281 medio
881 3225 949 3282 et
979 3217 1155 3281 dixit
1183 3219 1295 3283 eis.
1362 3218 1508 3282 Pax

306 3305 519 3369 vobiS.
611 3305 705 3369 Et
732 3304 1001 3388 reliqua.

313 3391 570 3458 Omelia
588 3393 761 3457 beati
766 3393 1063 3478 gregorii
1066 3404 1245 3477 pape.
1304 3395 1503 3478 Leaj.

306 3481 557 3614 Illud
604 3502 763 3566 ergo
808 3503 1043 3566 corpus
1089 3483 1342 3547 domini
1379 3484 1507 3547 fra-

417 3579 551 3634 tres
579 3571 941 3636 charissimi
975 3571 1241 3636 intravit
1262 3571 1349 3636 ad
1373 3572 1504 3636 dis·

305 3657 565 3741 cipulos
602 3659 824 3741 januis
867 3660 1147 3725 clausis:
1192 3661 1371 3742 quod
1417 3659 1504 3724 ad

306 3745 639 3812 humanos
710 3746 1016 3812 videlicet
1088 3749 1314 3812 oculos
1387 3768 1506 3833 per

308 3837 727 3901 nativitatem
784 3857 973 3901 suam
1029 3836 1253 3901 clauso
1303 3838 1467 3900 exiit
1480 3837 1505 3874 ²

308 3933 500 3989 utero
545 3924 833 4008 virginis.
920 3925 1331 4008 Palpandarn
1360 3945 1505 3989 car-

308 4033 467 4078 nem
498 4013 759 4096 prebuit
789 4033 991 4098 quam
1020 4013 1260 4077 clausis
1285 4013 1505 4096 januis

305 4102 681 4166 introduxit
710 4111 783 4165 ut
824 4102 1119 4184 profecto
1162 4121 1308 4166 esse
1351 4111 1505 4184 post

305 4190 849 4255 resurrectionem
874 4191 1249 4254 ostenderet
1268 4211 1505 4274 corpus

304 4299 499 4344 suum
530 4300 545 4343 :
592 4289 661 4342 et
689 4279 987 4361 ejusdem
1033 4288 1265 4344 nature
1310 4288 1378 4343 et
1408 4279 1505 4342 al-

304 4370 509 4433 terius
566 4366 795 4450 glorie.
882 4367 998 4432 Re.
1068 4367 1331 4451 Dignus
1390 4367 1506 4432 es⁸

710 4503 724 4534 ¹
758 4501 980 4552 creduli:
1015 4503 1096 4552 W.

702 4569 725 4600 ²
758 4569 945 4620 exivit:
980 4569 1049 4618 N.

2130 461 2290 517 430

1621 566 1889 631 domine
1931 568 2230 651 accipere
2277 567 2516 632 librum
2561 576 2631 633 et
2660 539 2818 653 ape‘-

1622 655 1746 719 rire
1791 656 2129 739 signacula
2173 656 2316 739 ejus
2360 657 2677 739 quoniam
2707 679 2819 723 oc-
2931 690 2934 693 ⁴

1622 744 1792 807 cisus
1823 765 1894 808 es
1924 754 1993 808 et
2022 743 2354 809 redemisti
2386 766 2508 809 nos
2537 746 2680 810 de0.
2733 747 2816 811 In

1619 833 1940 915 sanguine
1988 842 2120 897 tuo,
2170 832 2448 898 alleluia.
2510 851 2559 921 7
2612 835 2820 900 Parce

1620 920 1890 983 domine
1934 941 2130 1004 parce
2173 921 2425 1004 populo
2464 930 2582 985 tuo
2611 942 2812 1005 quem

1618 1008 1952 1073 redemisti
1986 1009 2263 1075 Christe.
2355 1010 2436 1074 In
2477 1012 2814 1093 sanguine.

1615 1097 1896 1230 Stans
1941 1118 2099 1180 ergo
2127 1098 2319 1181 Jesus
2364 1098 2431 1161 in
2477 1097 2713 1181 [Lectio
2744 1099 2814 1182 ij.

1625 1191 1629 1197 ’
1747 1186 1968 1249 medio
2028 1186 2498 1269 discipulorum
2531 1208 2550 1251 :
2637 1187 2816 1252 dixit

1616 1272 1728 1337 eis.
1793 1274 1936 1337 Pax
1958 1274 2164 1338 vobis,
2220 1274 2494 1339 Pulchre
2513 1296 2673 1358 ergo
2694 1276 2817 1339 do-

1615 1362 1836 1425 minus
1883 1372 2035 1445 post
2080 1364 2620 1427 resurrectionem
2679 1364 2814 1429 dis-

1615 1450 1850 1533 cipulis
1891 1452 2026 1515 suis
2069 1453 2356 1533 primum
2388 1454 2812 1517 commenda-

1614 1538 1711 1602 vit
1751 1558 2028 1620 pacem:
2091 1541 2448 1604 ostendens
2502 1540 2813 1605 nimirum

1614 1626 2010 1691 discordiam
2048 1627 2435 1709 angelorum
2483 1638 2553 1691 et
2597 1628 2810 1693 homi-

1615 1734 1776 1777 num
1838 1736 1957 1798 per
2011 1735 2200 1779 suam
2267 1717 2814 1781 resurrectionem

1613 1802 2046 1885 pacificatam.
2141 1804 2250 1867 Ex
2289 1804 2402 1867 illo
2431 1805 2608 1868 enim
2640 1815 2810 1870 tem-

1612 1911 1770 1973 pore
1802 1911 1937 1976 quo
1967 1893 2216 1974 primus
2244 1892 2448 1956 homo
2471 1895 2812 1975 peccando

1613 1999 1653 2043 a
1677 1981 2006 2043 consortio
2031 1979 2416 2062 angelorum
2439 1991 2830 2063 sequestra--s

1611 2076 1721 2130 tus
1752 2077 1851 2131 oet
1879 2090 1894 2132 :
1939 2069 2110 2131 inter
2151 2088 2266 2131 eos
2302 2089 2546 2152 magna
2579 2071 2810 2134 extitit

1611 2156 1975 2220 discordia:
2007 2156 2124 2219 sed
2144 2157 2450 2220 dominus
2474 2177 2591 2239 per
2613 2178 2814 2222 suam

1612 2245 2149 2309 resurrectionem
2195 2264 2428 2326 pacem
2480 2244 2806 2311 redditam

1611 2332 1968 2396 ostendens
1999 2334 2094 2396 ait
2114 2332 2467 2415 discipulis.
2515 2334 2658 2397 Pax
2687 2354 2806 2397 vo-

1610 2419 1729 2484 bis.
1800 2420 1988 2486 Sicut
2019 2420 2195 2485 misit
2224 2441 2332 2484 me
2361 2430 2551 2504 pater
2580 2430 2650 2486 et
2678 2442 2806 2505 ego

1611 2510 1808 2573 mitto
1852 2530 1984 2576 vos,
2073 2510 2188 2575 Re.
2260 2509 2409 2592 Eg'o
2453 2511 2626 2575 sicut
2651 2511 2808 2575 vitis

1610 2597 1996 2663 fructificavi
2083 2599 2477 2662 suavitatem
2582 2599 2806 2665 odoris

1610 2687 1775 2752 all'a.
1878 2687 2184 2751 Transite
2243 2687 2330 2752 ad
2405 2708 2513 2751 me
2571 2708 2805 2752 omnes

1609 2777 1725 2857 qui
1751 2776 2209 2859 concupiscitis
2239 2796 2347 2839 me
2371 2784 2439 2840 et
2463 2797 2504 2840 a
2531 2796 2804 2858 generaff

1607 2864 1898 2928 tionibus
1941 2865 2104 2927 meis
2155 2863 2607 2946 adimplemini
2653 2865 2808 2930 all’a

1608 2952 1780 3017 all'a.
1857 2970 1906 3040 7
1951 2953 2104 3036 Ego
2133 2953 2486 3036 diligentes
2517 2973 2624 3018 me
2655 2954 2804 3018 dili-

1608 3059 1698 3122 go
1725 3063 1741 3105 :
1787 3049 1856 3104 et
1885 3043 1998 3124 qui
2045 3061 2241 3105 mane
2269 3039 2685 3123 vigilaverint
2713 3043 2804 3107 ad

1609 3149 1718 3192 me
1751 3128 2084 3193 invenient
2114 3150 2238 3193 me.
2301 3129 2625 3194 Transite.

1606 3217 1922 3350 Misit
1951 3218 2126 3281 enim
2172 3217 2385 3282 domi-
2433 3217 2676 3301 [Lectio
2705 3218 2804 3302 iij.

1811 3326 1935 3370 nus
1957 3307 1982 3344 ⁴
2041 3315 2232 3389 pater
2289 3304 2499 3369 filium
2559 3326 2756 3370 suum
2785 3329 2802 3372 :

1606 3394 1878 3476 quando
1908 3413 2060 3457 eum
2089 3394 2410 3458 incarnari
2440 3394 2802 3460 constituit.

1609 3482 1797 3546 Misit
1827 3482 2000 3546 filius
2029 3481 2368 3564 apostolos
2412 3482 2683 3563 quando
2712 3484 2802 3547 ad

1604 3570 1886 3635 eandem
1919 3570 2434 3634 incarnationem
2457 3571 2802 3652 predican-

1604 3660 1760 3723 dam
1793 3659 1878 3724 ad
1900 3659 2272 3724 universum
2306 3657 2533 3722 orbem
2557 3677 2671 3721 eos
2701 3659 2801 3723 di-

1604 3747 1795 3812 rexit.
1862 3747 2016 3812 Hoc
2043 3766 2196 3810 curn
2226 3745 2551 3810 dixisset:
2595 3746 2804 3810 insuf-

1603 3833 1789 3899 flavit
1805 3845 1875 3900 et
1886 3835 2163 3899 dixiteis
2173 3833 2480 3916 Accipite
2495 3835 2801 3916 spiritum

1602 3933 1924 3988 sanctum.
2005 3924 2118 3988 Bis
2147 3920 2428 4006 legimus
2449 3924 2802 4005 ‚apostolos

1604 4012 1908 4095 spiritum
1927 4020 2232 4076 sanctum
2245 4011 2603 4094 accepisse:
2624 4031 2801 4077 nunc

1604 4101 1892 4183 primum
1944 4100 2218 4165 domino
2277 4101 2679 4165 consistente
2730 4102 2800 4166 in

1603 4199 1794 4254 terra.
1886 4188 2322 4253 Postmodum
2352 4209 2510 4253 vero
2541 4210 2622 4254 eo
2651 4211 2802 4273 pre-

1604 4278 1864 4342 sidente
1938 4277 2005 4342 in
2065 4277 2210 4343 celo
2266 4278 2552 4342 eundem
2612 4279 2801 4362 spiri-

1606 4376 1751 4432 tum
1799 4366 2152 4449 perfectius
2182 4375 2592 4450 acceperunt.
2680 4368 2802 4434 Re.

1833 4503 1860 4533 ⁸
1886 4508 1960 4551 est
1985 4520 1999 4551 :
2035 4501 2104 4552 N.

1837 4571 1858 4600 ⁴
1889 4583 1982 4633 pro
2013 4567 2297 4620 ‘dominus'
2324 4567 2480 4618 deus:
2515 4567 2674 4620 W.N.

3338 504 3340 511 .
3331 481 3338 489 ο
3331 308 3342 401 ,μμ
3338 286 3342 291 .
3338 224 3342 239 -
3333 124 3342 215 Δ..ω-..ι
