3375 5100
1387 343 1723 399 PRECES.

823 453 974 510 887

295 562 588 629 Domine
648 573 870 625 averte
929 560 1164 625 faciem
1219 568 1407 624 tuam
1454 580 1496 623 a

297 652 591 736 peccatis
610 652 790 715 meis.
884 650 978 715 Et
999 670 1232 713 omnes
1256 649 1494 731 iniqui-

297 752 473 805 tates
507 760 689 803 meas
735 739 904 804 dele.
999 738 1125 805 Cor
1169 738 1493 801 mundum

302 850 451 894 crea
481 830 547 894 in
595 848 702 892 me
762 830 944 891 deus,
1037 826 1130 889 Et
1188 826 1492 909 spiritum

2090 453 2248 509 888

1593 560 1801 624 vitam
1834 568 2037 623 tuam.
2128 558 2262 642 Qui
2310 565 2583 623 coronat
2613 565 2683 621 te
2713 556 2780 619 in

1595 649 2044 713 misericordia
2103 660 2171 711 et
2234 646 2779 711 miserationibus·

1599 736 1729 816 Qui
1783 736 1991 821 replet
2044 738 2111 800 in
2157 736 2351 800 bonis
2382 735 2780 800 desiderium

1594 835 1803 889 tuum.
1926 826 2381 889 Renovabitur
2430 834 2503 887 ut
2564 821 2786 905 aquile

302 928 554 981 rectum
576 918 820 980 innova
839 916 906 979 in
932 912 1286 979 visceribus
1313 915 1494 977 meis
1589 915 1901 996 juventus
1961 924 2093 977 tua.
2192 912 2612 979 Confitemini
2666 912 2789 974 do-

304 1006 416 1069 Ne
447 1005 752 1088 projicias
786 1025 892 1068 me
925 1024 965 1067 a
994 1003 1161 1067 facie
1193 1013 1326 1067 tua.
1403 1002 1498 1065 Et

304 1096 608 1177 spiritum
639 1103 943 1157 sanctum
977 1100 1166 1155 tuum
1200 1111 1284 1155 ne
1315 1090 1497 1155 aufe-

305 1203 410 1246 ras
440 1204 481 1245 a
511 1202 636 1246 me.
727 1181 964 1245 Redde
1001 1179 1160 1243 mihi
1212 1179 1495 1242 letitiam

304 1270 608 1335 salutaris
642 1271 755 1334 tui.
850 1270 946 1333 Et
976 1269 1209 1353 spiritu
1261 1268 1499 1351 princi-

303 1359 436 1443 pali
492 1358 813 1422 confirma
875 1378 998 1420 me.
1117 1356 1329 1438 Eripe
1391 1376 1500 1419 me

304 1448 576 1512 domine
637 1448 724 1511 ab
783 1447 1055 1509 homine
1112 1444 1308 1509 malo,
1430 1444 1502 1508 A

303 1539 444 1600 viro
476 1536 704 1619 iniquo
733 1536 912 1618 eripe
945 1554 1068 1598 me.
1157 1533 1364 1615 Eripe
1395 1552 1503 1595 me

307 1626 392 1689 de
425 1624 709 1688 inimicis
742 1624 907 1687 meis
937 1625 1101 1687 deus
1134 1642 1338 1685 meuS.
1409 1620 1502 1685 Et

307 1716 395 1777 ab
454 1712 946 1793 insurgentibus
1000 1712 1066 1773 in
1128 1730 1238 1773 me
1296 1708 1501 1773 libera

309 1823 434 1865 me.
522 1802 738 1883 Eripe
797 1820 904 1862 me
951 1800 1035 1862 de
1072 1797 1500 1881 operantibus

309 1889 745 1972 iniquitatem.
855 1888 948 1951 Et
1006 1888 1093 1951 de
1151 1888 1306 1951 viris
1349 1906 1500 1950 san-

309 1980 584 2060 guinum
617 1976 800 2041 salva
825 1996 950 2039 me.
1017 1976 1133 2039 Sic
1166 1973 1500 2058 psalmum

309 2069 527 2130 dicam
590 2065 840 2129 nomini
895 2072 1013 2127 tuo
1073 2064 1139 2126 in
1201 2062 1496 2128 seculum

311 2155 530 2219 seculi.
623 2154 722 2219 Ut
753 2154 1026 2217 reddam
1058 2161 1215 2216 vota
1245 2171 1396 2215 mea
1415 2153 1500 2214 de

311 2245 419 2307 die
451 2245 516 2305 in
578 2242 774 2305 diem.
863 2240 1139 2305 Exaudi
1186 2260 1308 2303 nos
1337 2240 1500 2303 deus

311 2332 616 2396 salutaris
647 2340 888 2394 noster.
983 2330 1154 2411 Spes
1199 2330 1499 2392 omnium

312 2422 544 2485 finium
604 2430 774 2483 terre
835 2428 904 2482 et
957 2419 1023 2481 in
1075 2418 1238 2481 mari
1285 2417 1503 2499 longe.

310 2511 500 2575 Deus
521 2510 586 2573 in
613 2507 1015 2589 adjutorium
1035 2526 1258 2571 meum
1285 2507 1501 2570 inten-

311 2601 413 2663 de.
524 2598 814 2661 Domine
888 2597 972 2660 ad
1051 2596 1503 2678 adjuvandum

313 2707 422 2751 me
452 2687 707 2750 festina.
757 2685 1048 2751 Sanctus
1079 2687 1283 2750 deus:
1315 2704 1506 2748 sanc-

314 2784 421 2839 tus
454 2775 638 2838 fortis
665 2796 680 2838 ε
713 2783 980 2837 sanctus
1009 2783 1079 2836 et
1097 2773 1506 2837 immortalis.

314 2865 557 2946 Agnus
617 2862 726 2926 dei
788 2863 902 2945 qui
979 2861 1157 2926 tollis
1231 2871 1508 2944 peccata

317 2953 546 3016 mundi
584 2973 598 3016 :
645 2951 954 3014 miserere
987 2949 1198 3013 nobis,
1288 2950 1507 3012 Bene-

315 3043 422 3106 dic
453 3041 677 3105 anima
697 3059 848 3102 mea
869 3039 1160 3102 domino,
1242 3038 1334 3102 Et
1366 3057 1508 3101 om-

313 3131 426 3194 nia
478 3148 608 3210 que
669 3129 841 3190 intra
887 3147 998 3190 me
1049 3134 1205 3190 sunt
1257 3126 1510 3190 nomini

315 3227 548 3281 sancto
579 3215 738 3297 ejuS.
783 3214 1080 3278 Benedic
1104 3215 1329 3278 anima
1361 3235 1512 3279 mea

314 3306 608 3371 domino,
657 3305 749 3368 Et
781 3304 915 3367 noli
949 3302 1243 3367 oblivisci
1275 3323 1508 3366 omnes

317 3394 782 3459 retributiones
842 3391 1000 3474 ejuS.
1098 3391 1226 3470 Qui
1286 3393 1510 3476 propi-

315 3485 525 3548 ciatur
539 3483 556 3520 ¹
571 3481 880 3546 omnibus
895 3479 1348 3563 iniquitatibus
1361 3481 1508 3545 tuis·

318 3571 452 3655 Qui
526 3581 718 3635 sanat
801 3590 1033 3633 omnes
1093 3567 1510 3633 infirmitates

317 3669 484 3724 tuas,
580 3659 706 3740 Qui
768 3659 1050 3722 redemit
1073 3657 1098 3696 ²
1125 3657 1212 3722 de
1240 3657 1509 3722 interitu

417 3793 807 3910 ῑρζὲιρίῑίοωέι
819 3791 962 3909 {ris

423 3931 444 3959 ⁸
417 3860 962 3976 Uchraetiedicaur,
937 3923 1104 3974 ’.·add
1136 3923 1275 3975 E..G

425 3997 444 4025 ⁴
484 3992 589 4042 ‘et’
615 4007 708 4042 om.
736 3991 868 4042 ·W.

423 4063 444 4091 ⁸
465 4063 606 4124 pro·
625 4059 682 4108 in
705 4057 1034 4122 completorio·
1051 4056 1516 4122 adcompletorium:

428 4194 449 4223 ⁸
493 4191 682 4240 Verba·
696 4189 894 4239 iudom.
906 4189 1115 4254 prado.
1133 4188 1228 4238 do!
1243 4205 1358 4240 om..
1354 4191 1445 4239 ·.E
1461 4189 1519 4239 G.

425 4260 445 4287 ’
483 4255 1228 4352 ‘Sequanturprecesltocmodo'
1243 4256 1368 4304 add:
1381 4257 1451 4306 E.
1463 4256 1520 4306 G.

425 4326 446 4354 ⁸
483 4323 728 4384 ‘Quando
744 4323 936 4370 dicitur
952 4321 1156 4387 deferta
1178 4321 1534 4373 introducatur

326 4390 406 4440 Ιιίι·
449 4389 539 4439 iste
577 4387 848 4438 versiculus
881 4387 1078 4437 Exaudi
1110 4388 1313 4437 domine
1351 4403 1528 4438 vocem

327 4471 491 4506 meam
529 4470 627 4520 qua
666 4453 878 4504 clamavi
918 4454 982 4502 ad
1020 4461 1086 4503 te.
1158 4455 1246 4502 Re.
1291 4453 1530 4504 Miserere

329 4523 429 4572 mei
450 4522 574 4571 deus
598 4527 648 4571 et
671 4520 851 4570 exaudi
873 4535 969 4570 me.
1097 4519 1392 4571 .Miserere
1429 4521 1530 4570 mei

328 4590 452 4639 deus
485 4587 774 4638 secundum.
822 4592 904 4637 etc.
978 4587 1026 4638 G
1048 4601 1154 4636 ona
1197 4587 1340 4652 patri
1423 4587 1531 4648 Quo

1595 1004 1781 1066 mino
1811 1003 2126 1085 quoniam
2159 1003 2389 1066 bonuS.
2447 1001 2785 1085 Quoniam

1596 1092 1663 1153 in
1746 1090 2043 1154 seculum
2091 1092 2540 1155 misericordia
2600 1087 2788 1171 ejus⁸

1602 1178 1943 1245 Confiteor
2018 1180 2122 1242 et*
2215 1180 2610 1243 Misereatur
2683 1177 2785 1239 et⁴

1603 1266 2121 1331 Absolutionem
2148 1277 2225 1331 ut
2252 1268 2321 1331 in
2350 1264 2787 1349 completorio!⁵

1603 1356 1674 1421 in
1706 1357 2029 1420 dominica
2057 1357 2289 1439 prima
2330 1356 2649 1419 adventus
2678 1354 2787 1416 do-

1603 1445 1816 1510 mini.⁶
1861 1445 1885 1484 ⁷
1910 1446 2207 1529 Dignare
2219 1445 2489 1509 domine
2511 1444 2621 1509 die
2641 1442 2788 1506 ist0.

1604 1534 1768 1598 Sine
1845 1543 2123 1618 peccato
2210 1554 2333 1598 nos
2440 1530 2790 1597 custodire.

1600 1620 1929 1686 Miserere
1958 1624 2163 1687 nostri
2209 1622 2497 1686 domine.
2588 1620 2795 1685 Mise-

1601 1730 1743 1773 rere
1819 1712 2042 1775 nostri.
2131 1710 2287 1774 Fiat
2348 1708 2794 1774 misericordia

1601 1808 1721 1863 tua
1743 1798 2017 1862 domine
2046 1819 2245 1901 super
2261 1820 2401 1863 nos.
2452 1796 2795 1882 Quemad-

1603 1887 1882 1951 modum
1906 1888 2315 1971 speravimus
2328 1872 2414 1950 1n
2434 1897 2519 1951 te.
2608 1886 2633 1925 ⁸
2650 1885 2795 1949 Do·

1602 1977 1781 2039 mine
1807 1976 1970 2038 deus
1992 1976 2329 2039 virtutum.
2380 1976 2471 2039 Et
2499 1972 2796 2038 ostende.

1599 2064 1897 2127 Domine
1962 2064 2228 2128 exaudi.
2366 2064 2457 2127 Et
2529 2062 2797 2127 clamor.

1601 2153 1941 2216 Dominus
2022 2152 2386 2216 vobiscum.
2489 2153 2581 2216 Et
2643 2168 2796 2215 cum

1599 2242 1833 2325 spiritu
1865 2249 2000 2304 tuo,
2091 2240 2421 2307 Oremus?

1598 2331 1615 2368 ¹
1631 2331 1657 2367 ⁰
1862 2330 2036 2393 mine
2046 2339 2275 2393 sancte
2287 2339 2478 2413 pater
2496 2329 2803 2410 omnipo-

1826 2428 1976 2481 tens
2008 2428 2232 2482 eterne
2262 2421 2470 2482 deus:
2518 2420 2631 2501 qui
2680 2437 2803 2481 nos

1606 2507 1694 2572 ad
1729 2507 2125 2591 principium
2172 2506 2371 2590 hujus
2409 2507 2538 2571 diei
2570 2526 2802 2590 perve-

1607 2599 1749 2661 nire
1781 2597 1990 2660 fecisti
2016 2618 2031 2662 :
2078 2605 2196 2660 tua
2242 2617 2361 2660 nos
2391 2597 2591 2660 hodie
2620 2595 2804 2660 salva

1610 2688 1891 2750 virtute:
1937 2695 2008 2748 et
2066 2686 2407 2750 concede:
2454 2694 2529 2748 ut
2578 2686 2644 2749 in
2678 2685 2803 2749 hac

1609 2775 1719 2838 die
1750 2775 1836 2838 ad
1870 2774 2126 2838 nullum
2147 2773 2557 2838 declinemus
2570 2793 2806 2856 pecca-

1609 2873 1795 2928 tum:
1888 2883 2009 2926 nec
2101 2863 2307 2927 ullum
2400 2863 2809 2926 incurramus

1610 2951 2019 3036 periculum:
2066 2953 2183 3016 sed
2248 2971 2514 3034 semper
2565 2950 2653 3014 ad
2704 2959 2809 3014 tu-

1611 3061 1722 3104 am
1778 3039 2107 3122 justitiam
2164 3039 2535 3104 faciendam
2590 3039 2808 3102 omnis

1615 3138 1843 3192 nostra
1918 3130 2092 3193 actio
2162 3138 2279 3193 tuo
2354 3128 2809 3192 moderamine

1615 3218 1954 3298 dirigatur.
2048 3217 2185 3282 Per.
2294 3217 2625 3280 Dominus
2694 3236 2811 3279 vo-

1614 3304 1890 3370 biscum.
1983 3303 2073 3369 Et
2126 3325 2277 3369 cum
2331 3305 2562 3390 spiritu
2624 3303 2809 3368 tuo.¹¹

1610 3393 2095 3457 Benedicamus
2168 3393 2510 3457 domino.¹²
2601 3391 2813 3456 Preci-

1609 3503 1729 3546 osa
1788 3491 1892 3546 est
1916 3482 1963 3520 ¹³
2012 3483 2079 3545 in
2122 3490 2481 3565 conspectu
2542 3479 2813 3544 domini.

1612 3571 1799 3636 Mors
1875 3581 2254 3634 sanctorum
2329 3569 2539 3652 eju5.¹⁴
2656 3567 2822 3634 Sine

1613 3659 1916 3726 OremuS.

1609 3791 1767 3858 finito
1788 3801 2018 3858 resurgat
2036 3793 2251 3843 sacerdos
2279 3799 2326 3842 et
2353 3793 2487 3842 duat
2507 3792 2707 3856 Exurge
2728 3789 2819 3840 do-

1623 3859 1773 3909 mine.
1850 3859 1915 3909 Et
1940 3861 2097 3909 libera
2115 3860 2127 3882 '
2150 3861 2287 3910 add:
2320 3860 2388 3910 E.
2402 3859 2459 3910 G.

1720 3929 1741 3957 ⁹
1781 3929 1796 3953 ‘
1820 3925 2063 3976 Oremus’
2088 3942 2229 3976 om.=
2266 3925 2349 3975 W.

1782 3993 1879 4041 ‘In
1901 3993 2127 4042 omnibus
2146 3992 2409 4042 dominicis
2439 3997 2485 4040 et
2540 3990 2649 4040 ertit
2682 4005 2822 4039 sanc·

1618 4062 1787 4106 tor-um
1812 4059 2161 4123 [⁸5implt'dbus
2181 4059 2249 4107 α’
2270 4059 2407 4108 add:
2433 4058 2490 4107 G.
2541 4057 2825 4122 duplicibus

1626 4130 1675 4174 et
1696 4125 1921 4214 inferiis
1933 4132 2077 4174 extra
2097 4125 2411 4175 ebdomadam
2422 4123 2606 4190 pasche
2626 4123 2832 4172 dicatur

1627 4189 1711 4239 laec
1730 4191 1921 4240 oratio’
1940 4191 2077 4240 add:
2112 4191 2178 4240 Ε.
2194 4191 2250 4241 G.

1734 4259 1871 4306 '‘r-t
1893 4273 2007 4306 cum
2029 4273 2103 4334 sp.
2133 4258 2249 4307 tuo’
2267 4273 2367 4307 om.
2397 4257 2527 4307 :.W
2538 4257 2590 4307 S.

1712 4325 1751 4354 ¹¹
1788 4323 1936 4372 ‘Deo
1958 4323 2155 4388 gratias.
2226 4324 2423 4374 Deinde
2454 4324 2587 4373 dri-at
2617 4321 2831 4372 sacerdos

1625 4389 1697 4438 sic
1716 4389 1728 4410 ’
1751 4389 1853 4438 add
1876 4407 1888 4440 ι
1924 4390 1983 4439 E.
1992 4391 2056 4440 G.

1715 4456 1753 4486 ¹⁸
1792 4455 1925 4505 ‘est'
1949 4470 2086 4506 om.=
2122 4456 2340 4507 G.W.S.

1687 4541 1691 4544 ·
1716 4522 1755 4554 ¹⁴
1795 4527 1809 4551 ‘
1826 4522 2023 4572 Deinde
2054 4523 2189 4572 dicat
2219 4524 2437 4574 sacerdos
2457 4524 2565 4574 sine
2587 4523 2837 4574 Dominus

1633 4587 1888 4638 vobiscum
1911 4589 1983 4638 ιε’
2007 4590 2138 4638 add:
2170 4590 2237 4640 E.
2251 4591 2309 4641 G.
