3375 5100
1243 297 1344 368 m
1384 294 1897 352 PARASCEUE.

852 407 1008 463 393

321 514 611 599 idipsum
643 513 792 598 quis
822 514 1072 577 incidat
1103 510 1524 577 incredulita-

319 607 411 668 tis
457 602 861 684 exemplum.
946 602 1154 665 Vivus
1201 611 1303 665 est
1343 601 1519 665 enim

325 713 545 756 sermo
593 689 702 755 dei
758 699 826 753 et
870 689 1147 754 efficax:
1206 702 1275 752 et
1323 709 1524 772 pene-

325 780 624 845 trabilior
680 778 861 842 omni
919 778 1141 861 gladio
1201 777 1521 860 ancipiti:

327 879 397 934 et
445 868 827 952 pertingens
870 887 1078 948 usque
1122 865 1208 929 ad
1261 865 1523 928 divisio-

329 978 486 1020 nem
547 957 766 1020 anime
825 964 892 1019 et
949 955 1230 1038 spiritus
1324 954 1524 1019 Com-

327 1065 578 1129 pagum
632 1064 897 1126 quoque
958 1052 1025 1107 et
1086 1041 1524 1107 medullarum

328 1155 406 1197 ac
453 1133 770 1196 discretor
809 1131 1285 1214 cogitationum
1332 1139 1398 1194 et
1429 1132 1526 1193 in-

327 1224 702 1286 tentionum
761 1220 1028 1284 cordis:
1103 1229 1170 1283 et
1231 1240 1364 1282 non
1425 1227 1527 1282 est

328 1311 468 1374 ulla
515 1319 816 1373 creatura
865 1307 1206 1372 invisibilis
1257 1309 1324 1371 in
1373 1326 1524 1370 con-

329 1407 565 1482 spectu
625 1397 787 1479 ejus.
873 1397 987 1461 Re.
1044 1396 1271 1478 Jesum
1325 1395 1524 1458 tradi-

331 1487 436 1550 dit
493 1486 732 1568 impius
791 1485 1066 1549 summis
1125 1484 1528 1567 principibus

333 1574 752 1638 sacerdotum
820 1581 889 1637 et
960 1573 1324 1636 senioribus
1408 1592 1528 1654 po·-

334 1662 474 1745 puli
537 1671 762 1744 petrus
833 1671 1056 1726 autem
1130 1659 1529 1744 sequebatur

334 1773 378 1814 a
421 1751 636 1833 longe.
732 1749 833 1816 Ut
869 1751 1123 1813 videret
1174 1747 1390 1813 finem.
1481 1765 1530 1834 γ

339 1840 432 1902 Et
492 1839 820 1922 ingressus
880 1847 1104 1921 petrus
1163 1838 1228 1902 in
1289 1837 1528 1900 atrium

335 1927 647 2010 principis
749 1928 1166 1990 sacerdotum
1256 1924 1532 1990 sedebat

335 2036 490 2080 cum
523 2015 850 2080 ministris,
929 2015 1044 2080 Ut.
1151 2013 1360 2078 Lectio
1390 2012 1532 2094 viij.

351 2105 657 2240 Omnia
701 2113 924 2167 autem
971 2101 1150 2166 nuda
1196 2111 1262 2164 et
1303 2111 1531 2184 aperta

475 2191 668 2256 sunt¹
731 2191 936 2255 oculis
985 2191 1128 2271 ejus
1185 2189 1271 2254 ad
1333 2209 1530 2272 quem

341 2281 534 2344 nobis
607 2299 839 2344 serm0.
955 2279 1302 2342 Habentes
1375 2296 1533 2360 ergo

338 2367 723 2452 pontificem
785 2387 1102 2450 magnum
1163 2367 1274 2449 qui
1337 2385 1534 2449 pene-

340 2457 542 2520 travit
615 2456 790 2520 celos
863 2456 1092 2538 Jesum
1160 2453 1365 2518 filium
1427 2453 1535 2516 dei

341 2556 688 2610 teneamus
771 2544 1266 2609 confessionem.
1380 2542 1534 2607 Non

341 2634 520 2697 enim
591 2634 914 2697 habemus
985 2632 1364 2716 pontificem
1425 2631 1538 2715 qui

343 2743 478 2786 non
539 2723 750 2803 possit
796 2721 1086 2803 compati
1148 2720 1541 2785 infirmitati-

343 2810 470 2875 bus
518 2810 802 2875 nostris:
860 2817 1259 2893 temptatum
1315 2819 1537 2873 autem

344 2920 464 2982 per
562 2899 786 2962 omnia
889 2918 1009 2981 pro
1114 2898 1540 2962 similitudine

345 2988 598 3069 absque
659 2994 948 3070 peccato,
1041 2983 1383 3050 Adeamus
1445 3006 1544 3048 er-

344 3096 436 3159 go
511 3096 661 3139 cum
738 3073 980 3138 fiducia
1068 3074 1154 3138 ad
1231 3074 1540 3137 thronum

346 3164 559 3245 gratie
632 3162 816 3244 ejus:
881 3171 953 3227 ut
1029 3162 1540 3226 misericordiam

347 3272 830 3333 consequamur
887 3261 956 3315 et
1023 3252 1304 3332 gratiam
1366 3252 1542 3313 inve-

349 3341 608 3403 niamus
683 3340 749 3402 in
825 3337 1076 3402 auxilio
1151 3348 1541 3421 opportuno.

349 3429 460 3491 Re.
580 3427 1047 3509 Caligaverunt
1143 3425 1315 3489 oculi
1415 3426 1542 3489 mei

349 3538 390 3579 a
469 3514 626 3579 fletu
704 3536 895 3579 meo:
972 3514 1126 3597 quia
1198 3514 1546 3597 elongatus

350 3614 453 3667 est
502 3624 542 3667 a
595 3623 702 3667 me
751 3604 864 3686 qui
924 3600 1388 3667 consolabatur
1439 3622 1546 3665 me

350 3692 572 3757 videte
647 3712 878 3755 omnes
952 3690 1197 3773 populi.
1300 3691 1370 3757 Si
1449 3700 1548 3754 est

352 3780 542 3844 dolor
593 3780 826 3843 similis
877 3781 1044 3842 sicut
1097 3778 1288 3841 dolor
1348 3799 1548 3842 meus,

353 3885 400 3956 γ
466 3869 528 3935 O
559 3890 676 3933 vos
709 3888 938 3932 omnes
968 3868 1082 3950 qui
1114 3868 1403 3930 transitis
1434 3888 1552 3949 per

351 3960 528 4020 viam
604 3957 928 4021 attendite
1003 3965 1072 4019 et
1131 3957 1366 4020 videte.
1479 3956 1551 4022 Si

353 4055 470 4109 est.
1221 4044 1435 4107 Lectio
1467 4044 1549 4108 ix.

365 4134 666 4269 Omnis
737 4153 998 4216 nanque
1081 4132 1386 4215 pontifex
1463 4152 1551 4195 ex

487 4221 866 4285 hominibus
889 4229 1268 4302 assumptus
1293 4241 1411 4303 pro
1434 4221 1552 4283 ho-

355 4311 642 4375 minibus
692 4309 1110 4373 constituitur
1157 4308 1223 4371 in
1277 4308 1378 4371 his
1424 4330 1553 4392 que

690 4446 702 4474 ¹
747 4443 1013 4494 ‘in'addt
1049 4444 1108 4493 E.

2136 403 2287 460 394

1621 511 1955 594 pertinent
2002 511 2087 575 ad
2148 510 2389 575 deum:
2454 518 2529 574 ut
2581 509 2819 573 offerat

1621 601 1800 664 dona
1858 608 1927 664 et
1978 599 2291 664 sacrificia
2340 619 2461 681 pro
2511 599 2813 680 peccatiS.
2864 671 2873 675 ,

1624 689 1757 771 Qui
1823 688 2170 753 condolere
2243 687 2448 770 possit
2522 685 2625 750 his
2700 686 2813 768 qui

1621 777 1930 860 ignorant
2004 786 2072 840 et
2144 785 2417 840 errant:
2500 774 2817 856 quoniam.

1624 875 1694 930 et
1761 867 1903 947 ipse
1974 863 2392 929 circundatus
2465 872 2564 926 est
2640 862 2817 924 infir-

1627 955 1876 1019 mitate.
2014 954 2107 1016 Et
2194 960 2541 1036 propterea
2615 949 2821 1013 debet

1625 1041 2191 1146 quemadmodum
2244 1050 2310 1104 et
2362 1060 2483 1123 pro
2528 1037 2822 1122 populo:

1625 1132 1721 1195 ita
1809 1131 2010 1195 etiam
2092 1138 2160 1193 et
2257 1149 2376 1231 pro
2464 1128 2825 1210 semetipso

1627 1219 1857 1283 offerre
1888 1240 2007 1303 pro
2039 1219 2341 1302 peccatis,
2432 1216 2545 1280 Re.
2603 1215 2825 1278 Tene-

1625 1307 1743 1371 bre
1801 1307 1974 1371 facte
2025 1316 2179 1370 sunt
2239 1307 2399 1370 dum
2460 1302 2827 1368 crucifixis-

1626 1405 1774 1460 sent
1805 1397 2033 1478 Jesum
2059 1394 2245 1477 judei
2276 1403 2343 1458 et
2374 1394 2544 1458 circa
2588 1392 2825 1457 horam

1627 1505 1872 1548 nonam
1946 1483 2351 1547 exclamavit
2407 1483 2601 1564 Jesus
2659 1501 2822 1545 voce

1629 1592 1909 1654 magna:
1954 1572 2118 1636 deus
2164 1591 2350 1634 meus
2394 1580 2467 1634 ut
2513 1568 2670 1652 quid
2715 1588 2829 1632 me

1629 1660 2051 1742 dereliquisti.
2144 1660 2235 1722 Et
2266 1658 2583 1722 inclinato
2606 1658 2825 1739 capite

1630 1749 1849 1813 emisit
1908 1749 2210 1830 spiritum
2271 1756 2429 1810 tunc
2493 1767 2659 1810 unus
2734 1765 2825 1808 ex

1631 1836 1951 1900 militibus
1998 1836 2228 1900 lancea
2270 1835 2444 1898 latus
2496 1833 2637 1914 ejus
2678 1853 2829 1916 per-

1632 1925 1869 1989 foravit
1926 1933 1996 1988 et
2044 1924 2355 1989 continuo
2415 1922 2622 1986 exivit
2674 1941 2831 1984 san-

1631 2015 1781 2096 guis
1854 2021 1921 2077 et
1996 2032 2185 2096 aqua.
2304 2027 2352 2097 y
2420 2011 2593 2074 Cum
2668 2029 2828 2090 ergo

1633 2100 1991 2184 accepisset
2020 2109 2281 2164 acetum
2317 2099 2494 2164 dixit
2522 2117 2831 2161 consum-

1634 2199 1889 2254 matum
1930 2197 2047 2253 est
2140 2189 2246 2252 Et.
2334 2187 2449 2251 Re.
2525 2186 2828 2249 Tenebre

1637 2277 2065 2360 reincipiatur.
2186 2275 2375 2341 Dicto
2433 2284 2647 2338 autem
2698 2273 2833 2336 Re·-

1633 2366 1955 2450 sponsorio
1998 2375 2199 2429 rector
2237 2363 2417 2428 chori
2454 2361 2831 2426 ebdomoda-

1639 2455 1780 2518 rius
1797 2454 2113 2536 'incipiat
2129 2453 2564 2536 antiphonam.
2694 2450 2811 2512 A-
2768 2472 2831 2513 n.

1637 2545 2008 2677 Proprio
2038 2541 2173 2607 filio
2208 2564 2329 2607 suo
2374 2562 2507 2606 non
2540 2539 2831 2624 pepercit

1791 2633 1953 2696 deus
1996 2633 2112 2696 sed
2154 2652 2275 2714 pro
2306 2631 2503 2694 nobis
2526 2628 2837 2693 omnibus

1641 2722 1916 2784 tradidit
1946 2720 2149 2785 illum.
2201 2728 2295 2802 pf.
2345 2720 2676 2783 Miserere.
2726 2724 2834 2779 ar‘i.

1642 2809 1983 2873 Anxiatus
2043 2817 2145 2872 est
2220 2808 2285 2870 in
2356 2806 2509 2870 me³
2568 2805 2839 2889 spiritus

1643 2917 1831 2961 meus
1876 2906 1944 2961 et
1975 2898 2041 2961 in
2074 2917 2179 2959 me
2224 2894 2561 2959 turbatum
2594 2903 2693 2957 est
2724 2913 2836 2957 cor

1643 3006 1883 3049 meum.
1932 2994 2030 3069 pf.
2081 2984 2370 3048 Domine
2400 2983 2659 3047 exaudi.
2713 2980 2839 3065 (ij.)

1640 3083 1745 3137 αῆ.
1810 3073 1933 3138 Ait
1986 3073 2155 3137 latro
2207 3072 2292 3136 ad
2346 3071 2671 3136 latronem
2715 3089 2837 3132 nos

1640 3162 1911 3245 quidem
1974 3163 2177 3244 digna
2236 3160 2426 3225 factis
2488 3159 2839 3241 recipimus

1641 3250 1749 3313 hic
1790 3259 2012 3319 autem
2060 3248 2218 3331 quid
2264 3248 2457 3313 fecit:
2503 3255 2841 3311 memento

1645 3338 1773 3402 mei
1807 3338 2074 3401 domine
2106 3338 2265 3399 dum
2297 3336 2550 3399 veneris
2595 3336 2661 3398 in
2694 3354 2841 3416 reg-

1645 3446 1803 3490 num
1837 3434 2043 3489 tuum.
2077 3433 2177 3506 pi.
2228 3425 2410 3488 Deus
2442 3425 2605 3486 deus
2636 3441 2838 3484 meus.

1643 3523 1749 3579 αῆ.
1800 3514 1981 3577 Dum
2028 3511 2420 3576 conturbata
2463 3510 2658 3573 fuerit
2702 3508 2841 3571 ani-

1646 3624 1759 3665 ma
1835 3622 1984 3665 mea
2058 3600 2327 3664 domine
2401 3597 2842 3662 misericordie

1647 3709 1903 3755 memor
1952 3690 2093 3753 eriS.
2167 3697 2268 3770 pff.
2325 3688 2615 3752 Domine
2659 3685 2845 3748 audi-

1645 3780 1730 3843 vi.
1804 3787 1909 3843 αῆ.
1980 3778 2323 3841 Memento
2382 3775 2513 3839 mei
2575 3774 2843 3839 domine

1648 3868 1812 3932 deus
1888 3867 2046 3929 dum
2107 3865 2364 3930 veneris
2440 3865 2505 3927 in
2568 3882 2844 3945 regnum

1649 3965 1855 4019 tuum.
1947 3962 2047 4037 ps.
2114 3952 2431 4017 Laudate.
2545 3951 2721 4017 Ordo
2774 3960 2849 4013 ut

1652 4044 1722 4107 in
1774 4062 1921 4105 cena
1968 4042 2221 4105 domini
2263 4043 2386 4105 hac
2430 4051 2601 4105 nocte
2643 4060 2772 4102 sem
2774 4061 2845 4101 e-

1653 4142 1778 4195 tur.
1868 4131 1952 4193 In
2000 4151 2253 4213 evange.
2298 4152 2403 4194 an.
2483 4131 2847 4193 Posuerunt

1653 4240 1849 4302 super
1896 4228 2094 4300 caput
2140 4218 2282 4301 ejus
2331 4240 2597 4283 causam
2645 4218 2850 4301 ipsius

1653 4310 2011 4391 scriptam:
2058 4308 2251 4389 Jesus
2306 4327 2669 4373 nazarenus
2728 4326 2848 4369 rex

1924 4446 1945 4474 ²
1978 4444 2376 4493 hebdomadarius
2389 4460 2407 4493 .·
2445 4444 2502 4493 G.

994 4514 1014 4543 ⁸
1047 4528 1136 4576 pro
1167 4511 1245 4560 ‘in
1269 4511 1378 4561 me’
1403 4528 1482 4561 me
1517 4512 1566 4560 in
1593 4530 1604 4561 :
1639 4511 1721 4561 W.
1798 4526 1886 4575 pro
1917 4516 1929 4538 ‘
1950 4510 2024 4559 in’
2048 4526 2194 4575 super
2220 4528 2231 4561 ι
2268 4512 2332 4563 G.
