3375 5100
1382 206 1804 264 DOMJNJCA
1864 204 2169 263 TERTIA

1059 316 1198 373 591

525 420 803 485 rioribus
821 420 1060 503 galilee
1082 442 1280 505 supra
1300 442 1550 487 naason
1570 431 1725 505 post

519 510 696 573 viam
749 531 880 593 que
931 510 1114 575 ducit
1162 512 1248 575 ad
1311 512 1723 575 occidentem

519 598 586 661 in
632 599 896 662 sinistro
942 598 1195 662 habens
1241 600 1574 664 civitatem
1617 620 1725 663 so-

517 687 696 768 phet.
746 687 918 752 Cum
951 697 1185 769 captus
1204 697 1378 752 esset
1398 689 1462 751 in
1491 688 1722 752 diebus

517 774 930 839 salmanasar
958 777 1130 857 regis
1164 777 1604 857 assyriorum:
1652 776 1719 839 in

515 864 904 945 captivitate
964 874 1190 927 tamen
1241 865 1494 946 positus
1542 865 1719 927 viam

517 953 814 1015 veritatis
867 972 1000 1015 non
1073 952 1400 1015 deseruit:
1475 954 1570 1015 ita
1643 962 1719 1015 ut

521 1041 747 1103 omnia
777 1060 906 1121 que
939 1038 1180 1104 habere
1210 1049 1508 1122 poterat:
1555 1059 1719 1123 quo-

522 1129 684 1191 tidie
743 1130 1148 1210 concaptivis
1222 1128 1528 1191 fratribus
1604 1129 1717 1210 qui

519 1223 707 1279 erant
737 1236 827 1279 ex
857 1236 977 1280 suo
1023 1236 1263 1298 genere
1311 1218 1715 1299 impertiret.¹

517 1304 634 1366 Re.
684 1304 847 1367 Peto
892 1305 1162 1367 domine
1215 1314 1288 1368 ut
1317 1305 1404 1369 de
1453 1303 1717 1369 vinculo

519 1392 899 1475 improperii
972 1393 1167 1474 hujus
1243 1393 1548 1457 absolvas
1611 1414 1717 1465 me

517 1490 634 1543 aut
664 1492 839 1544 certe
891 1481 1177 1564 desuper
1206 1490 1446 1544 terram
1478 1482 1718 1564 eripias

520 1588 644 1632 me.
703 1570 808 1632 Ne
841 1570 1273 1633 reminiscaris
1303 1569 1548 1634 delicta
1567 1590 1719 1634 mea

518 1657 622 1720 vel
654 1668 1001 1739 parentum
1025 1678 1320 1721 meorum
1341 1678 1556 1741 neque
1575 1660 1719 1722 vin-

517 1745 771 1810 dictam
827 1766 1052 1810 sumas
1095 1748 1180 1811 de
1210 1750 1498 1829 peccatis
1553 1748 1719 1810 meis

517 1836 673 1917 quia
704 1835 876 1899 eruis
906 1836 1308 1899 sustinentes
1338 1845 1407 1898 te
1430 1836 1717 1899 domine.

515 1940 562 2010 γ
609 1923 853 1987 Omnia
895 1916 1146 2005 judicia
1195 1932 1310 1987 tua
1353 1923 1534 2005 justa
1565 1932 1721 1988 sunt

514 2020 582 2074 et
614 2032 843 2075 omnes
865 2013 969 2075 vie
994 2022 1107 2076 tue
1133 2012 1575 2075 misericordia
1593 2011 1619 2049 ²
1647 2021 1733 2095 et·

513 2101 756 2163 veritas
780 2110 848 2164 et
869 2101 1080 2164 nunc3
1102 2100 1400 2164 domino⁴
1423 2120 1715 2163 memen-

515 2198 584 2251 to
631 2190 778 2252 mei.
871 2190 990 2252 Ne.
1401 2187 1614 2251 Lectio
1645 2188 1712 2270 ij.

515 2278 917 2409 Denique
947 2298 1099 2340 cum
1132 2278 1301 2340 irent
1349 2297 1578 2340 omnes
1625 2277 1712 2339 ad

670 2366 910 2430 vitulos
930 2386 1162 2429 aureos
1184 2386 1350 2447 quos
1365 2364 1710 2446 jeroboam

515 2453 758 2517 fecerat
834 2475 953 2517 rex
1028 2454 1263 2517 israel:
1352 2453 1458 2516 hic
1533 2453 1713 2516 solus

514 2542 810 2624 fugiebat
868 2542 1199 2606 consortia
1283 2543 1580 2605 omniurn
1641 2550 1711 2607 et

511 2634 834 2713 pergebat
863 2633 948 2694 ad
989 2630 1379 2694 hierusalem
1411 2631 1498 2693 ad
1541 2639 1713 2693 tem-

509 2719 738 2800 plum:
807 2719 1058 2782 domini
1103 2728 1172 2781 et
1219 2718 1309 2782 ibi
1340 2719 1711 2782 adorabat⁵

509 2807 853 2871 dominum
909 2807 1107 2871 deum
1160 2806 1366 2870 israel.
1460 2807 1711 2872 Omnia

507 2897 843 2978 primitiva
894 2917 1013 2959 sua
1059 2906 1127 2961 et
1202 2897 1494 2960 decimas
1555 2916 1709 2960 suas

506 2984 789 3048 fideliter
817 2984 1136 3048 offerens:
1183 2985 1277 3047 ita
1306 2993 1382 3047 ut
1413 2985 1477 3047 in
1510 2985 1709 3048 tertio

509 3093 686 3137 anno
732 3074 1059 3156 proselitis
1105 3082 1172 3137 et
1216 3073 1487 3136 advenis
1535 3074 1705 3135 min-

509 3161 769 3226 istraret
837 3182 1102 3225 omnem
1178 3161 1704 3225 decimationem.

505 3251 620 3314 Re.
656 3251 861 3316 Omni
885 3261 1184 3333 tempore
1206 3249 1478 3312 benedic
1501 3250 1704 3313 deum

505 3349 573 3403 et
599 3350 750 3422 pete
781 3339 868 3403 ab
899 3360 978 3402 eo
1010 3349 1084 3403 ut
1114 3340 1254 3401 vias
1275 3349 1424 3402 tuas
1443 3338 1701 3420 dirigat.

507 3429 596 3492 Et
626 3429 808 3492 omni
841 3437 1139 3510 ternpore
1178 3427 1449 3490 consilia
1492 3435 1606 3489 tua
1638 3427 1704 3490 in

503 3519 647 3600 ipso
678 3526 1125 3601 permaneant.
1175 3533 1222 3601 γ
1269 3516 1531 3579 Memor
1559 3525 1704 3579 esto

502 3605 595 3669 fili
672 3607 988 3688 quoniam
1065 3625 1424 3687 pauperem
1493 3604 1702 3667 vitam

502 3695 793 3777 gerimus
847 3694 1123 3758 habebis
1174 3692 1386 3756 multa
1439 3692 1616 3756 bona
1649 3693 1703 3756 si

503 3785 804 3848 timueris
831 3784 1048 3847 deum.
1099 3783 1205 3845 Et.
1369 3781 1586 3844 Lectio
1606 3781 1703 3863 iij.

506 3874 695 4004 H
712 3893 787 3935 ec
819 3881 886 3934 et
937 3872 1037 3934 his
1069 3870 1309 3934 similia
1340 3869 1702 3933 secundum

713 3960 929 4043 legem
977 3960 1083 4023 dei
1132 3957 1442 4041 puerulus
1483 3957 1704 4021 obser-

502 4048 721 4113 vabat.
815 4049 985 4113 Cum
1034 4069 1190 4111 vero
1232 4047 1444 4110 factus
1475 4045 1706 4110 fuisset

500 4138 636 4202 vir:
684 4138 938 4219 accepit
988 4157 1266 4200 uxorem
1317 4156 1563 4198 annam
1614 4137 1704 4200 de

499 4226 672 4290 tribu
699 4247 848 4290 sua:
879 4223 1240 4308 genuitque
1252 4245 1339 4287 ex
1361 4244 1439 4288 ea
1461 4223 1701 4288 filium:

602 4364 614 4394 ¹
651 4363 959 4428 impartiret:
995 4362 1154 4412 W.N.

997 4432 1014 4461 ⁴
1049 4429 1286 4478 domine:
1322 4428 1478 4477 W.N.

1371 4362 1393 4392 ²
1434 4359 1748 4412 ‘tua'add:
1784 4359 1865 4409 W.

2334 316 2491 373 592

1824 442 2067 486 nomen
2096 442 2289 487 suum
2316 423 2665 505 imponens
2686 424 2747 486 ei
2778 444 2793 488 :
2824 444 3044 506 quern

1822 511 1909 573 ab
1940 511 2219 575 infantia
2269 511 2502 576 timere
2549 512 2749 575 deum
2799 515 3041 578 docuit

1821 609 1890 662 et
1964 599 2293 662 abstinere
2342 599 2429 662 ab
2488 602 2667 663 omni
2732 613 3035 682 peccato,

1822 686 1942 750 Re.
2023 688 2285 751 Memor
2342 697 2488 751 esto
2542 687 2633 750 fili
2702 690 3031 771 quoniam

1822 795 2179 857 pauperem
2227 777 2434 840 vitam
2475 776 2783 858 gerimus
2880 779 3031 841 Ha-

1821 862 2008 927 bebis
2076 864 2287 927 multa
2360 865 2540 929 bona
2606 865 2661 927 si
2723 866 3030 930 timueris

1819 952 2036 1015 deum.
2129 968 2176 1038 γ
2268 952 2543 1017 Fiducia
2610 974 2854 1035 magna
2898 956 3031 1017 erit

1819 1060 2041 1103 coram
2118 1061 2381 1105 summo
2455 1041 2584 1104 deo
2658 1041 3026 1106 elemosina

1818 1127 2126 1191 omnibus
2150 1129 2542 1194 facientibus
2574 1149 2738 1194 eam.
2792 1131 3025 1195 Habe-

1818 1216 1934 1281 bis·
2028 1216 2270 1282 Gloria.
2366 1218 2683 1281 Habebis.

1814 1303 1899 1368 In
1913 1304 1982 1386 ij.
1997 1315 2299 1369 nocturno
2312 1315 2417 1369 αῆ.
2430 1307 2700 1369 Nature.
2718 1315 2818 1388 pff.
2842 1307 3026 1372 Con-

1816 1412 2019 1456 serva.
2042 1402 2145 1457 etc.
2178 1411 2225 1481 y
2258 1395 2484 1458 Media
2508 1403 2717 1458 nocte.
2738 1395 2872 1458 Lec.
2896 1396 3025 1477 iiij.

1815 1483 1914 1612 l
1926 1482 2105 1563 gitur
2160 1502 2311 1545 cum
2373 1503 2491 1564 per
2561 1484 3023 1566 captivitatem

1921 1570 2295 1634 devenisset
2346 1591 2497 1634 cum
2544 1590 2756 1634 uxore
2800 1592 2917 1634 sua
2950 1582 3023 1635 et

1818 1656 1954 1720 filio
2014 1658 2081 1720 in
2146 1659 2484 1722 civitatem
2536 1660 2827 1722 ninivem
2860 1680 3018 1723 cum

1816 1746 1999 1808 omni
2031 1746 2205 1810 tribu
2245 1768 2402 1811 sua:
2450 1757 2519 1812 et
2576 1768 2811 1811 omnes
2860 1750 3021 1812 ede-

1817 1842 1963 1898 rent
2021 1855 2110 1898 ex
2193 1834 2355 1898 cibis
2412 1835 2811 1917 gentilium:
2892 1838 3021 1901 iste

1816 1923 2172 1987 custodivit
2246 1925 2538 1987 animam
2622 1944 2857 1988 suam:
2946 1936 3021 1989 et

1816 2031 2156 2093 nunquam
2225 2013 2714 2075 contaminatus
2788 2021 2888 2075 est
2950 2016 3021 2077 in

1814 2100 1982 2162 escis
2011 2119 2257 2165 eorum.
2303 2102 2418 2164 Re.
2470 2100 2856 2165 Sufficiebat
2898 2122 3021 2165 no-

1814 2188 1917 2250 bis
1948 2196 2303 2270 paupertas
2349 2197 2573 2253 nostra
2622 2198 2695 2251 ut
2744 2190 3021 2253 divicias

1811 2286 2346 2358 computaremus
2392 2297 2732 2359 nunquam
2786 2276 3022 2343 fuisset

1813 2364 2095 2446 pecunia
2156 2365 2285 2427 ista
2360 2384 2480 2448 pro
2557 2386 2693 2446 qua
2773 2368 3015 2429 misisti

1812 2450 2016 2515 filium
2042 2461 2353 2517 nostrum.
2449 2453 2767 2516 Baculum
2792 2474 3021 2518 senec-

1812 2542 1971 2604 tutis
2002 2550 2239 2605 nostre.
2289 2559 2333 2628 γ
2383 2542 2537 2605 Heu
2572 2563 2679 2606 me
2710 2541 2803 2605 fili
2828 2544 2918 2606 mi
2942 2555 3019 2608 ut

1812 2630 1971 2712 quid
2012 2639 2079 2693 te
2129 2631 2429 2693 misimus
2484 2631 2879 2713 peregrinari
2916 2631 3018 2695 lu-

1811 2738 1962 2781 men
1996 2719 2337 2782 oculorum
2359 2729 2752 2784 nostrorum.
2800 2721 3015 2783 Bacu-

1810 2804 1967 2870 lum.
2702 2808 2919 2871 Lectio
2948 2831 3013 2874 v.

1812 2897 1985 3026 Et
2015 2895 2330 2976 quoniam
2365 2915 2622 2958 memor
2641 2894 2766 2959 fuit
2796 2895 3013 2960 domi-

1956 2983 2021 3046 ni
2055 2985 2121 3046 in
2170 2993 2317 3047 toto
2364 2984 2564 3048 corde
2612 3005 2775 3048 suo:
2821 2985 3013 3049 dedit

1808 3070 1907 3144 illi,
1962 3071 2127 3134 deus
2186 3072 2468 3154 gratiam
2533 3073 2599 3135 in
2648 3083 3009 3156 conspectu

1806 3159 2215 3222 salmanasar
2245 3162 2415 3242 regis
2444 3183 2457 3226 :
2505 3170 2573 3224 et
2592 3161 2779 3224 dedit
2796 3163 2857 3224 ei
2890 3181 3009 3243 po-

1804 3257 2115 3311 testatem
2163 3269 2556 3331 quocunque
2617 3249 2817 3313 vellet
2876 3251 3011 3314 ire:

1804 3335 2057 3400 habens
2147 3336 2521 3400 libertatem
2615 3357 3009 3420 quecunque

1805 3425 2018 3488 facere
2047 3424 2378 3489 voluisset.
2472 3426 2796 3508 Pergebat
2824 3428 3007 3490 enim

1806 3533 1925 3596 per
1952 3534 2183 3577 omnes
2229 3515 2562 3597 quierant
2618 3515 2683 3576 in
2732 3516 3007 3597 captivi-

1806 3611 1989 3666 tate:
2066 3612 2134 3666 et
2188 3603 2443 3665 monita
2504 3601 2737 3666 salutis
2798 3602 3009 3667 dabat

1806 3692 1916 3755 εἰς.
1965 3691 2075 3754 Re.
2127 3690 2510 3754 Benedicite
2542 3692 2741 3754 deum
2781 3692 2902 3755 celi
2938 3701 3007 3755 et

1804 3799 2030 3842 coram
2064 3778 2373 3842 omnibus
2392 3780 2769 3843 viventibus
2802 3779 3009 3843 confi-

1805 3868 2035 3931 temini
2076 3868 2151 3931 ei.
2245 3866 2421 3950 Quia
2450 3867 2605 3931 fecit
2658 3867 3002 3932 nobiscum

1809 3955 2324 4020 misericordiam
2356 3976 2562 4020 suam.
2612 3973 2659 4043 γ
2705 3957 3005 4039 Tempus

1807 4054 1907 4108 est
1941 4055 2012 4108 ut
2044 4053 2330 4108 revertar
2380 4045 2467 4108 ad
2518 4065 2673 4108 eum
2727 4047 2839 4128 qui
2895 4067 3005 4109 me

1810 4134 2037 4197 misit:
2128 4153 2246 4196 vos
2322 4143 2546 4196 autem
2616 4133 3003 4200 benedicite.

1810 4223 2027 4286 deum.
2062 4221 2253 4304 Quia.
2668 4222 2883 4293 Lectio
2912 4222 2999 4305 τῇ.

2070 4359 2090 4388 ⁸
2130 4363 2210 4408 ‘et
2236 4373 2334 4408 ver.
2365 4365 2414 4408 et
2438 4359 2598 4410 nunc’
2622 4375 2723 4410 om.
2752 4378 2766 4410 ε
2800 4359 2883 4408 W.

1984 4428 2005 4456 ⁸
2037 4425 2313 4474 adorabunt
2342 4442 2354 4474 ε
2393 4425 2460 4476 Ν.
