3375 5100
975 350 1342 403 DOMINIC
1340 350 1393 403 A
1450 348 1839 402 SECUNDA
1899 348 2237 418 QUADRA
2249 350 2517 404 GESJM
2517 350 2584 403 E.

1072 459 1221 513 307

538 566 964 700 populum
1025 574 1214 629 tuum
1276 565 1545 629 domine
1588 584 1736 648 pro-

695 656 893 740 pitius
955 655 1240 737 respice:
1322 663 1389 716 et
1434 673 1600 734 quos
1648 652 1737 715 ab

540 746 705 808 escis
788 742 1157 807 carnalibus
1245 742 1523 824 precipis
1618 742 1736 804 ab-

541 836 823 897 stinere:
870 853 909 895 a
964 832 1183 894 noxiis
1242 850 1507 913 quoque
1560 832 1736 893 vitiis

548 942 802 986 cessare
835 920 1139 984 concede.
1215 919 1342 982 Per
1371 919 1732 982 dominum.

540 1012 603 1074 A
613 1010 664 1071 a'
738 1020 1028 1091 vesperas
1092 1007 1159 1069 in
1234 1006 1558 1089 evangelio
1629 1016 1734 1071 ar't'.

538 1098 869 1162 Tradetur
898 1098 1074 1159 enim
1105 1095 1413 1178 gentibus
1460 1097 1544 1160 ad
1592 1094 1736 1157 illu-

538 1186 831 1251 dendum
880 1194 944 1247 et
979 1183 1447 1266 flagellandum
1493 1193 1561 1246 et
1590 1203 1738 1245 cru-

540 1274 957 1357 cifigendum.
1032 1282 1131 1355 pf.
1196 1272 1600 1353 Magnificat.

540 1366 811 1496 Deus
845 1361 1215 1425 innocentie
1248 1362 1431 1423 resti·
1458 1358 1732 1444 [Oratio.

697 1460 875 1514 tutor
904 1459 970 1513 et
1002 1459 1262 1513 amator
1304 1448 1511 1529 dirige
1546 1448 1632 1511 ad
1665 1458 1734 1511 te

538 1550 799 1603 tuorum
836 1538 1035 1601 corda
1064 1558 1399 1601 servorum
1436 1558 1450 1600 :
1498 1546 1571 1599 ut
1602 1538 1732 1618 spi-

541 1630 701 1691 ritus
733 1628 826 1691 tui
862 1626 1111 1689 fervore
1142 1636 1461 1707 concepto
1490 1646 1503 1689 :
1552 1634 1617 1688 et
1666 1626 1729 1687 in

542 1716 671 1779 fide
736 1716 1147 1779 inveniantur
1206 1713 1474 1777 stabiles
1534 1723 1602 1776 et
1664 1714 1728 1775 in

538 1826 738 1887 opere
796 1804 1109 1867 efficaces
1206 1802 1326 1864 Per
1385 1802 1730 1865 dominum

540 1896 604 1956 in
640 1895 891 1957 unitate
922 1891 1259 1972 ejusdem.¹

544 1987 606 2058 (J'
654 1982 851 2045 Feria
884 2003 939 2043 v.

536 2072 949 2202 Dixitque
1041 2066 1129 2129 ssli
1222 2086 1438 2144 ysaac,

692 2160 865 2222 enim
918 2178 989 2219 es
1050 2155 1173 2220 tu?
1265 2156 1395 2239 Qui
1460 2176 1729 2237 respon-

535 2250 653 2313 dit.
755 2248 902 2329 Ego
962 2265 1107 2308 sum
1172 2244 1341 2307 filius
1388 2254 1539 2307 tuus
1600 2245 1728 2327 pri—

538 2338 913 2418 mogenitus
942 2354 1117 2396 esau.
1200 2332 1497 2415 Expavit
1527 2352 1728 2414 ysaac

534 2438 803 2507 stupore
891 2422 1263 2486 vehementi
1302 2443 1315 2485 :
1400 2432 1467 2482 et
1558 2420 1729 2484 ultra

534 2534 735 2598 quarn
770 2512 943 2576 credi
994 2519 1210 2594 potest
1254 2510 1588 2574 admirans
1620 2510 1731 2574 ait.

536 2603 702 2685 Quis
754 2603 950 2683 igitur
1006 2599 1113 2662 ille
1163 2608 1263 2661 est
1312 2599 1423 2679 qui
1474 2601 1727 2663 dudum

535 2703 799 2773 captam
832 2688 1251 2752 venationem
1298 2687 1517 2750 attulit
1568 2686 1727 2750 mihi

536 2789 602 2842 et
662 2777 920 2841 comedi
983 2797 1072 2838 ex
1140 2776 1447 2838 omnibus
1521 2777 1731 2858 prius-

536 2887 738 2950 quam
782 2877 849 2928 tu
884 2864 1181 2928 venires?
1276 2865 1730 2947 Benedixique

536 2958 595 3019 ei
628 2965 695 3018 et
726 2956 848 3017 erit
881 2953 1280 3016 benedictus
1416 2953 1628 3016 Lectio
1660 2952 1730 3034 ij.

537 3043 903 3176 Auditis
952 3061 1105 3104 esau
1157 3041 1566 3104 sermonibus
1616 3061 1732 3124 pa-

701 3131 818 3195 tris
850 3131 1099 3212 irrugiit
1132 3129 1417 3192 clamore
1449 3149 1730 3210 magno:

538 3231 605 3284 et
682 3229 1136 3284 consternatus
1215 3219 1307 3280 ait
1344 3239 1357 3281 ε
1446 3217 1730 3281 Benedic

538 3313 739 3374 etiam
805 3319 870 3371 et
927 3307 1084 3370 mihi
1149 3315 1338 3388 pater
1398 3307 1506 3370 mi.
1596 3305 1728 3388 Qui

538 3402 649 3462 ait.
742 3389 949 3460 Venit
988 3415 1339 3478 germanus
1378 3404 1528 3458 tuus
1559 3394 1730 3457 frau-

537 3487 842 3551 dulenter
903 3495 966 3546 et
1029 3487 1283 3565 accepit
1330 3483 1732 3546 benedictio-

539 3598 691 3640 nem
725 3587 926 3638 tuam.
1390 3572 1604 3635 Lectio
1636 3572 1731 3653 iij.

536 3669 733 3798 At
780 3664 886 3727 ille
933 3660 1292 3742 subjunxit.
1384 3661 1573 3742 Juste
1620 3682 1732 3724 vo-

705 3763 926 3817 catum
961 3761 1060 3814 est
1095 3769 1335 3813 nomen
1358 3750 1499 3830 ejus
1517 3749 1734 3830 jacob.

540 3840 1011 3924 Subplantavit
1074 3841 1296 3902 enim²
1346 3858 1451 3900 me
1496 3859 1579 3900 en
1642 3837 1736 3900 al-

537 3942 679 3995 tera
710 3932 867 3994 vice.
923 3927 1368 4010 primogenita
1402 3947 1549 3990 mea
1579 3937 1737 3989 ante

539 4021 730 4084 tulit:
777 4028 844 4081 et
876 4037 1047 4080 nunc
1094 4015 1386 4078 secundo
1426 4015 1736 4098 surripuit

541 4105 1067 4172 benedictionem
1092 4125 1328 4168 meam.
1374 4103 1457 4166 In
1480 4124 1734 4184 evange.

540 4207 643 4261 ar‘t.
713 4195 861 4278 Ego
894 4213 1025 4256 non
1048 4193 1133 4256 ab
1152 4193 1418 4255 homine
1440 4193 1735 4254 testimo-

542 4287 723 4349 nium
760 4283 1009 4364 accipio
1040 4281 1155 4344 sed
1190 4281 1309 4343 hec
1334 4280 1483 4342 dico
1514 4289 1587 4342 ut
1617 4301 1736 4343 vos

543 4373 703 4438 salvi
726 4373 881 4434 sitis
960 4379 1059 4451 ps.
1097 4368 1504 4431 Benedictus,
1588 4367 1736 4431 Oro.

644 4513 655 4540 ¹
698 4509 781 4559 ‘in
823 4508 1011 4558 unitate
1055 4503 1306 4569 ejusdem’
1340 4519 1439 4553 om.
1468 4503 1575 4552 :.13:
1649 4519 1738 4568 per

540 4578 795 4627 dominum
821 4575 1080 4640 ejusdem:
1116 4573 1181 4622 G.

1709 1979 1730 2042 “.
1836 1984 1898 2055 (s
1947 1980 2142 2042 Feria
2175 1980 2258 2043 vi.

1442 4573 1459 4600 ³
1499 4570 1607 4618 ‘'et
1632 4585 1732 4618 om.
1761 4569 2032 4620 ‚EUGw

2343 460 2499 515 808

1835 568 2161 695 presta
2221 563 2412 627 nobis
2471 564 2740 627 domine
2791 586 3028 648 quesu-

1989 674 2136 716 mus
2209 654 2530 717 auxilium
2593 655 2806 735 gratie
2865 664 3026 719 tue:

1836 751 1911 804 ut
1965 740 2231 823 jejuniis
2291 752 2358 805 et
2405 741 2812 805 orationibus
2873 764 3026 807 con·

1837 832 2177 894 venienter
2235 830 2468 894 intenti
2533 830 2884 894 liberemur
2941 832 3028 895 ab

1837 918 2136 984 hostibus
2167 920 2410 983 mentis
2439 928 2506 982 et
2538 921 2841 1002 corporis,
2911 940 3030 1001 per

1835 1008 1942 1071 do.
2007 1008 2131 1071 Ad
2163 1019 2450 1090 vesperas
2497 1007 2568 1069 in
2607 1028 2861 1089 evang-e.
2892 1010 2955 1072 A
2964 1015 3024 1071 ᾗ.

1839 1096 2062 1179 Opera
2123 1116 2252 1178 que
2310 1116 2438 1177 ego
2499 1094 2670 1161 facio
2729 1097 3025 1159 testimo-

1838 1184 2019 1247 nium
2096 1183 2444 1267 perbibent
2517 1184 2602 1247 de
2687 1205 2794 1247 me
2869 1186 3026 1267 quia

1835 1281 2024 1353 pater
2083 1292 2190 1335 me
2253 1272 2446 1336 misit.
2524 1281 2625 1354 ps.
2719 1271 3026 1355 Magnifi-

1835 1369 1957 1423 cat.
2778 1360 3024 1426 Oratio.

2000 1448 2190 1512 desto
2250 1449 2518 1513 domine
2582 1448 2842 1513 famulis
2895 1450 3025 1513 tuis

2000 1546 2068 1599 et
2143 1547 2461 1620 perpetua
2537 1539 2716 1601 dona
2791 1538 3025 1620 largire

1835 1625 2296 1707 poscentibus:
2343 1636 2415 1689 ut
2453 1626 2554 1689 his
2601 1627 2712 1707 qui
2759 1635 2826 1690 te
2873 1646 3024 1689 auc-

1833 1722 1974 1776 tore
2017 1723 2083 1777 et
2136 1714 2572 1796 gubernatore
2620 1714 3022 1796 gloriantur:

1832 1812 1899 1865 et
1918 1814 2320 1884 congregata
2340 1814 2666 1865 restaures
2692 1812 2758 1866 et
2779 1813 3028 1867 restau-

1832 1901 1973 1954 rata
2028 1910 2389 1955 conserves,
2489 1892 2608 1953 Per
2659 1892 3021 1955 dominum.

2735 1980 2952 2043 Lectio
2961 1982 3022 2061 j.

1829 2070 2330 2199 Rursumque
2390 2088 2546 2131 esau
2609 2070 2693 2132 ad
2749 2079 3020 2149 patrem.

1981 2156 2296 2237 Nunquid
2359 2176 2488 2219 non
2543 2159 2881 2220 reservasti
2931 2158 3024 2219 ait

1831 2253 1898 2307 et
1975 2243 2132 2306 mihi
2212 2244 2782 2308 benedictionem?
2893 2246 3025 2307 Re-

1831 2334 2099 2413 spondit
2129 2353 2343 2415 ysaac.
2439 2334 2802 2397 Dominum
2835 2343 3021 2396 tuum

1832 2420 2016 2483 illum
2063 2422 2374 2484 constitui
2420 2432 2489 2486 et
2520 2442 2752 2485 omnes
2793 2420 3023 2485 fratres

1832 2508 1974 2589 ejus
2049 2511 2342 2574 servituti
2409 2510 2580 2574 illius
2657 2510 3021 2592 subjugavi.

1835 2599 2194 2662 Frumento
2232 2609 2299 2662 et
2329 2600 2482 2662 vino
2515 2599 2799 2663 stabilivi
2832 2621 2982 2662 eum
3009 2621 3023 2662 :

1832 2696 1898 2749 et
1930 2687 2048 2749 tibi
2097 2697 2248 2770 post
2278 2708 2358 2750 ea
2399 2688 2487 2750 fili
2538 2691 2626 2752 mi
2661 2689 2831 2751 ultra
2864 2688 3020 2770 quid

1832 2775 2128 2838 faciam?
2222 2776 2344 2840 Cui
2405 2797 2558 2840 esau
2623 2778 2764 2840 ait:
2845 2777 3024 2840 Num

1833 2865 1943 2927 et⁸
1988 2885 2188 2928 unam
2251 2865 2466 2946 inquit
2517 2877 2776 2928 tantum
2831 2865 3027 2928 bene-

1832 2953 2188 3017 dictionem
2251 2952 2457 3016 habes
2516 2955 2760 3036 pater?
2859 2953 3026 3016 Mihi

1835 3061 2096 3124 quoque
2126 3043 2400 3105 obsecro
2431 3051 2503 3105 ut
2535 3041 2901 3105 benedicas,

1846 3133 2189 3263 Cunque
2230 3130 2477 3213 ejulatu
2527 3151 2710 3213 mag·
2757 3129 2922 3213 [Lec.
2959 3130 3027 3212 zj.

1969 3238 2058 3282 no
2089 3219 2316 3283 fleret:
2365 3229 2584 3282 motus
2617 3239 2815 3300 ysaac
2854 3219 3028 3282 dixit

1835 3307 1918 3369 ad
1967 3327 2119 3370 eum
2185 3307 2262 3370 In
2297 3308 2698 3390 pinguedine
2742 3318 2913 3371 terre
2961 3317 3030 3370 et

1835 3397 1900 3458 in
1965 3416 2106 3459 rore
2156 3395 2275 3458 celi
2318 3397 2601 3477 desuper
2659 3397 2782 3460 erit
2831 3397 3030 3460 bene-

1834 3485 2038 3547 dictio
2111 3493 2244 3548 tua.
2334 3485 2578 3548 Vives⁴
2611 3485 2886 3566 gladio:
2963 3493 3030 3548 et

1836 3571 2016 3636 fratri
2087 3581 2203 3636 tuo
2265 3574 2555 3636 servies:
2635 3583 3029 3655 tempusque

1835 3662 2093 3725 veniet:
2151 3681 2296 3725 cum
2349 3663 2646 3725 excuties
2701 3673 2766 3726 et
2816 3662 3032 3724 solves

1831 3749 2066 3830 jugum
2099 3750 2240 3831 ejus
2272 3749 2356 3812 de
2401 3750 2762 3812 cervicibus
2795 3751 2940 3814 tuis·

1847 3838 2160 3973 Oderat
2190 3858 2347 3920 ergo
2379 3858 2640 3920 semper
2667 3836 2904 3921 [Lectio
2935 3837 3030 3921 iij.

1979 3926 2152 3989 Esau
2171 3926 2385 4008 jacob.
2438 3948 2556 4009 pro
2577 3926 3032 3989 benedictione

1837 4035 1971 4098 qua
2002 4014 2431 4078 benedixerat
2463 4017 2520 4078 ei
2555 4025 2758 4098 pater.
2809 4015 3033 4077 Dixit-

1838 4124 1968 4185 que
2015 4103 2078 4166 in
2113 4105 2308 4168 corde
2344 4124 2482 4168 suo,
2575 4104 2861 4167 Venient
2892 4103 3035 4165 dies

1839 4192 2054 4256 luctus
2115 4193 2320 4273 patris
2375 4193 2548 4256 mei:
2612 4203 2685 4256 ut
2733 4191 3032 4255 occidam

1832 4280 2032 4361 jacob
2063 4279 2329 4342 fratrem
2369 4300 2608 4343 meum.
2703 4280 3036 4343 Nunciata

1839 4377 1994 4431 sunt
2025 4367 2145 4431 hec
2171 4368 2470 4431 rebecce:
2503 4388 2632 4450 que
2665 4371 2935 4432 mittens
2967 4376 3036 4429 et

1935 4505 2079 4566 ¹pro
2109 4503 2296 4552 ‘enim’
2322 4503 2366 4552 ei
2391 4523 2402 4552 :
2439 4504 2518 4551 W.

2305 4575 2323 4602 ⁴
2364 4570 2476 4617 ‘in’
2515 4569 2651 4620 add:
2687 4571 2748 4618 (Ξ.
