3375 5100
1161 306 1284 360 EX
1281 305 1472 361 POSI
1477 304 1531 359 T
1526 304 1736 360 IONE
1737 304 1787 359 S
1834 306 1893 358 E
1903 304 2381 360 VANGELIOR
2390 304 2519 361 ΠΜ

1053 402 1064 413 ’
1103 414 1258 471 648

567 524 688 587 Per
760 520 1176 605 paraliticum
1249 541 1406 605 ergo
1481 520 1761 605 quilibet

563 622 869 695 peccator
899 610 1318 693 designatur:
1357 611 1514 693 quia
1543 610 1762 675 calore

565 701 768 764 divini
820 699 1062 763 amoris
1113 698 1424 762 recedens
1455 700 1520 763 in
1572 706 1763 782 tepo-

568 790 734 852 rem¹
756 787 860 852 vel
882 787 1085 869 frigus
1105 788 1472 869 iniquitatis
1492 806 1764 851 conver-

563 879 765 942 titur:
821 878 888 940 in
919 884 1180 939 tantum
1213 885 1289 939 ut
1317 876 1372 939 si
1405 875 1765 959 aliquando

565 964 952 1047 gravissima
997 963 1174 1027 mala
1219 974 1591 1046 perpetret:
1643 984 1765 1028 nec

563 1075 642 1117 ea
673 1053 856 1117 velut
889 1052 1164 1115 minima
1194 1052 1630 1134 pertimescat.

566 1144 886 1273 Lectus
927 1141 1104 1203 enim
1151 1140 1218 1202 in
1265 1160 1398 1222 quo
1433 1139 1594 1224 [Lec.
1626 1139 1767 1223 vig‘j.

704 1229 1084 1312 paraliticus
1113 1228 1503 1310 portabatur
1532 1248 1769 1310 corpus

571 1318 857 1381 hominis
906 1318 1194 1399 peccatis
1241 1326 1618 1381 assuetum:
1665 1317 1768 1381 vel

571 1406 1038 1471 conscientiam
1073 1405 1489 1487 desperatam
1531 1406 1773 1489 signat.

575 1496 667 1558 Hi
701 1504 925 1557 autern
957 1493 1068 1575 qui
1111 1492 1526 1575 paraliticum
1559 1494 1773 1557 domi-

571 1604 660 1647 no
722 1582 804 1645 ad
867 1581 1230 1645 curandum
1299 1582 1772 1664 optulerunt²t

573 1672 881 1735 doctores
955 1680 1024 1734 et
1085 1670 1436 1753 magistros
1497 1670 1773 1734 ecclesie

571 1758 962 1841 significant.
1433 1758 1645 1823 Lectio
1676 1760 1769 1823 ix.

583 1848 949 1984 Offerunt
978 1848 1154 1911 enim
1203 1846 1616 1930 paraliticum
1649 1845 1773 1911 do-

709 1937 890 2001 mino
913 1936 1336 2000 ecclesiastici
1357 1936 1479 1999 viri
1506 1958 1520 2000 :
1559 1955 1773 2019 quan-

571 2026 664 2088 do
695 2035 1080 2109 peccantem
1100 2025 1317 2088 verbis
1347 2024 1680 2107 corrigunt
1704 2032 1774 2087 et

575 2112 982 2178 orationibus
1029 2113 1269 2197 juvant
1330 2121 1405 2176 ut
1464 2113 1552 2177 ab
1613 2112 1773 2195 ipsis

574 2204 862 2286 peccatis
925 2202 1326 2283 resipiscant.
1419 2199 1550 2283 Qui
1602 2201 1773 2265 bene

578 2311 800 2355 marco
859 2299 1169 2354 narrante
1227 2298 1514 2373 quatuor
1573 2289 1773 2353 fuisse

575 2380 982 2443 reseruntur:
1059 2378 1216 2461 quia
1275 2387 1560 2460 quatuor
1617 2387 1774 2442 sunt

576 2469 720 2531 libri
772 2466 1096 2549 evangelii
1151 2467 1215 2529 in
1267 2466 1507 2548 quibus
1556 2468 1773 2530 omnis

574 2557 1052 2641 predicantium
1077 2556 1380 2618 doctrina
1403 2575 1536 2619 non
1557 2556 1771 2620 solum

575 2647 918 2708 instruitur
938 2645 1053 2708 sed
1076 2645 1276 2707 etiam
1300 2644 1656 2708 reboratur.
1687 2645 1771 2707 In

569 2754 823 2816 evange.
854 2741 958 2795 αῆ.
1024 2732 1218 2796 Dixit
1249 2732 1554 2796 dominus
1585 2753 1775 2814 para-

573 2823 754 2886 litico
783 2819 1042 2884 confide
1064 2820 1153 2883 fili
1176 2822 1636 2884 remittuntur⁸
1652 2821 1773 2885 tibi

576 2919 852 2994 peccata
892 2919 1022 2974 tua.
1089 2908 1253 2972 all'a.
1308 2919 1410 2991 pf.
1458 2910 1776 2974 Benedic-

576 3010 702 3063 tuS.
1525 2999 1775 3062 Oratio.

573 3087 927 3219 Dirigat
947 3085 1147 3149 corda
1169 3093 1394 3149 nostra
1419 3107 1776 3168 quesumus

733 3175 1000 3240 domine
1020 3182 1133 3237 tue
1158 3175 1596 3238 miserationis
1619 3196 1777 3258 ope-

578 3266 786 3330 ratio:
834 3264 988 3347 quia
1038 3263 1157 3327 tibi
1205 3263 1347 3325 sine
1399 3272 1469 3327 te
1517 3264 1778 3347 placere

579 3374 714 3418 non
776 3373 1145 3436 possumus,
1239 3351 1362 3415 Per
1414 3353 1778 3416 dominum.

578 3442 703 3507 Ad
727 3453 1017 3523 vesperas
1047 3440 1116 3503 in
1145 3460 1401 3522 evange.
1432 3450 1536 3505 art.
1591 3441 1779 3505 Tulit

579 3552 739 3614 ergo
786 3529 1164 3613 paraliticus
1211 3529 1454 3592 lectum
1487 3549 1678 3593 suum
1713 3531 1779 3593 in

581 3641 716 3703 quo
756 3619 1020 3701 jacebat
1063 3615 1496 3700 magnificans
1540 3620 1781 3683 deum:

581 3719 650 3772 et
711 3708 926 3771 omnis
986 3707 1177 3789 plebs
1238 3716 1313 3770 ut
1370 3707 1536 3770 vidit
1597 3708 1785 3772 dedit

585 3797 850 3861 laudem
884 3797 1027 3860 deo,
1105 3803 1204 3876 pf.
1258 3795 1663 3877 Magnificat.

587 3892 652 3964 (Ι
684 3885 1033 3949 Dominica
1056 3905 1170 3947 xx.
1250 3883 1382 3947 Sec.
1413 3885 1785 3950 mattheum.

583 3977 735 4108 ln
787 3973 902 4037 illo
951 3983 1289 4055 tempore:
1355 3973 1787 4056 Loquebatur

689 4063 887 4144 Jesus
937 4081 1090 4124 cum
1145 4061 1481 4144 discipulis
1531 4063 1663 4125 suis
1720 4065 1785 4126 in

585 4149 920 4235 parabolis
951 4151 1178 4215 dicens
1207 4171 1222 4214 :
1270 4149 1504 4215 Simile
1534 4150 1785 4218 factum

587 4248 688 4304 est
722 4257 996 4322 regnum
1027 4238 1320 4302 celorum
1352 4239 1602 4303 homini
1652 4243 1788 4322 regi

588 4329 698 4411 qui
729 4328 916 4394 -secit
969 4327 1236 4408 nuptias
1284 4326 1420 4391 filio
1463 4349 1599 4392 su0.
1695 4331 1785 4393 Et

887 4465 898 4492 ¹
937 4471 1188 4527 tempore:
1226 4463 1292 4512 N.

881 4531 902 4560 ²
935 4529 1218 4578 obtulerunt
1247 4547 1258 4579 ε
1299 4529 1454 4579 W.N.

2374 414 2527 469 644

1860 519 2041 585 misit
2086 542 2309 585 servos
2354 540 2508 585 suos
2553 539 2791 583 vocare
2828 518 3089 581 invita-

1860 619 1967 673 tos
2012 610 2099 673 ad
2146 610 2459 692 nuptias:
2504 620 2573 673 et
2604 608 2933 672 nolebant
2966 628 3086 670 ve-

1862 699 2015 763 nire.
2097 699 2188 762 Et
2218 698 2489 781 reliqua.

1868 786 2123 853 Omelia
2152 786 2325 851 beati
2340 785 2639 869 grgorii
2648 796 2833 868 pape.
2896 784 3083 847 Lect.

1864 878 2256 1007 Regnum
2306 874 2598 939 celorum
2646 876 2713 937 in
2757 874 2889 936 hoc
2928 873 3081 956 [νῇ.

2016 964 2161 1028 loco
2199 972 2575 1046 presentem
2606 963 2827 1045 signat
2856 961 3081 1025 eccle-

1865 1052 2032 1116 siam
2066 1053 2131 1116 id
2168 1061 2270 1116 est
2314 1051 2899 1135 congregationem
2928 1051 3081 1132 jus-

1868 1150 2086 1205 torum
2168 1141 2233 1203 in
2312 1161 2445 1223 qua
2528 1140 2838 1202 dominus
2932 1160 3075 1201 non

1868 1229 2081 1293 solum
2130 1239 2404 1311 regnat:
2450 1228 2567 1291 sed
2614 1229 2816 1292 etiam
2848 1227 3079 1308 quies-

1868 1318 1975 1381 cit.
2073 1318 2303 1381 Homo
2354 1317 2463 1381 ille
2515 1336 2636 1380 rex
2690 1316 3081 1399 spiritaliter

1868 1407 2033 1470 deus
2082 1407 2505 1488 omnipotens
2562 1414 2703 1469 est:
2766 1414 2837 1467 et
2894 1402 3078 1466 filius

1870 1496 2015 1576 ejus
2094 1495 2403 1558 dominus
2475 1492 2673 1575 Jesus
2748 1492 3075 1557 Christus.

1872 1582 2006 1666 Qui
2098 1582 2252 1646 fecit
2334 1583 2601 1665 nuptias
2692 1580 2857 1644 filio·
2908 1602 3077 1643 suo:

1870 1673 2141 1755 quando
2192 1691 2311 1755 per
2362 1670 2829 1735 incarnationis
2892 1691 3076 1751 mys-

1871 1761 2107 1824 terium
2142 1761 2199 1823 ei
2248 1769 2547 1823 sanctam
2586 1758 2935 1823 ecclesiam
2968 1780 3074 1821 so-

1870 1850 2088 1912 ciavit.
2685 1846 2903 1910 Lectio
2930 1847 3074 1929 viij.

1872 1936 2185 2071 Misit
2209 1956 2368 2019 ergo
2398 1955 2619 1999 servos
2648 1954 2805 1999 suos
2834 1956 3075 1999 vocare

2078 2026 2387 2088 invitatos
2432 2024 2517 2087 ad
2560 2025 2871 2107 nuptias:
2918 2026 3078 2107 quia

1873 2114 2343 2177 incarnationis
2387 2134 2505 2177 sue
2536 2113 2929 2194 mysterium
2966 2132 3081 2195 per

1874 2202 2280 2284 patriarchas
2338 2210 2409 2265 et
2454 2200 2814 2285 prophetas
2878 2200 3080 2283 longe

1872 2301 2029 2354 ante
2062 2292 2279 2355 dicere
2309 2290 2532 2353 voluit.
2594 2288 2709 2373 qui
2754 2289 3081 2372 plurimos

1872 2379 1959 2443 ad
2023 2380 2288 2461 nuptias
2338 2378 2582 2444 Christi
2631 2387 3079 2442 vocaverunt:

1872 2468 1989 2531 sed
2012 2468 2270 2549 reprobi
2290 2468 2512 2531 venire
2536 2466 2891 2529 nolebant:
2924 2468 3081 2549 quia

1874 2557 2015 2639 ejus
2041 2557 2447 2638 jussionibus
2476 2555 2847 2639 permulta⁴
2872 2577 3081 2638 opera

1874 2646 2437 2709 contradixerunt.
2736 2643 2961 2707 Lectio
2992 2648 3077 2707 ix.

1872 2735 1968 2867 l
1983 2742 2198 2797 terum
2232 2733 2411 2797 misit
2432 2732 2597 2796 alios
2627 2753 2851 2796 servos
2882 2753 3079 2814 apos-

1962 2823 2135 2886 tolos
2160 2821 2465 2886 videlicet
2496 2821 2607 2904 qui
2640 2830 2793 2904 post
2816 2821 3076 2884 domini

1876 2913 2394 2974 incarnationem
2448 2911 2534 2974 ad
2595 2910 3077 2993 predicandum

1875 3000 2291 3081 evangelium
2323 3008 2479 3062 sunt
2512 2999 2689 3060 missi
2720 3019 2736 3061 :
2782 2999 2897 3081 qui
2929 3008 3077 3062 tan—

1875 3099 1949 3153 to
1980 3088 2269 3152 securius
2300 3088 2657 3151 adventum
2684 3085 2931 3151 Christi
2960 3107 3079 3150 an-

1878 3177 2353 3240 nunciaverunt
2384 3186 2637 3258 quanto
2668 3176 2757 3239 ab
2788 3177 2933 3257 ipso
2963 3195 3079 3238 ore

1875 3265 2173 3329 veritatis
2198 3265 2459 3328 uberius
2482 3263 2756 3328 verbum
2777 3265 3079 3327 divinum

1878 3355 2244 3418 audierunt.
2306 3353 2387 3416 In
2417 3372 2671 3434 evange.
2694 3362 2801 3416 αῆ.
2857 3352 3081 3416 Dicite

1880 3443 2173 3507 invitatis
2234 3462 2387 3506 ecce
2446 3442 2797 3524 prandium
2854 3461 3077 3504 meum

1878 3532 2103 3615 paravi
2131 3553 2148 3597 :
2194 3532 2364 3594 tauri
2396 3531 2525 3593 mei
2558 3539 2628 3594 et
2657 3529 2867 3593 altilia
2908 3531 3079 3593 occi·

1881 3642 1955 3684 sa
1998 3621 2225 3684 omnia
2267 3617 2503 3702 parata
2547 3629 2701 3682 sunt
2729 3619 2951 3682 venite
2992 3619 3077 3682 ad

1883 3710 2149 3792 nuptias
2180 3708 2345 3771 all'a.
2420 3717 2523 3789 pff.
2571 3707 2986 3770 Benedictus

1894 3798 2397 3932 Omnipotens
2428 3806 2494 3861 et
2526 3797 2774 3858 miseri·
2802 3795 3083 3879 [Oratio.

2018 3907 2162 3950 cors
2190 3887 2358 3949 deus
2388 3887 2691 3950 universa
2735 3885 2927 3948 nobis
2965 3885 3085 3946 ad-

1882 3975 2212 4039 versantia
2272 3973 2675 4057 propiciatus
2746 3972 3033 4036 exclude
3068 3995 3085 4036 :

1886 4073 1959 4128 ut
1992 4072 2215 4127 mente
2260 4073 2327 4127 et
2358 4083 2631 4146 corpore
2675 4063 2919 4143 pariter
2964 4081 3085 4124 ex-

1886 4154 2093 4236 pediti
2124 4173 2255 4235 que
2286 4161 2401 4216 tua
2446 4162 2603 4215 sunt
2632 4149 2853 4215 liberis
2898 4169 3085 4213 men-

1886 4243 2063 4305 tibus
2140 4259 2567 4324 exequamur.
2676 4241 2801 4302 Per
2867 4239 3083 4301 domi-

1888 4351 2066 4394 num.
2125 4330 2250 4393 Ad
2272 4341 2562 4412 vesperas
2589 4328 2659 4392 in
2690 4348 2942 4408 evange.
2972 4335 3079 4390 αῆ.

2149 4469 2167 4496 ³
2202 4467 2551 4516 remittantur:
2588 4463 2653 4514 N.

2150 4539 2167 4565 ⁴
2202 4549 2291 4597 per
2314 4533 2469 4582 multa
2496 4552 2509 4582 :
2546 4531 2704 4582 W.N.
