3375 5100
1114 326 1534 385 DOMJNJCA
1587 316 1873 399 QUART
1863 327 1919 381 A
1973 325 2479 382 NOVEM'BRIS.

1082 435 1220 490 615

555 543 619 605 in
645 541 1196 608 amaritudinibus
1228 543 1621 627 ingemisces
1644 563 1752 608 co-

555 651 694 694 ram
727 631 837 694 eiS.
898 632 1179 715 Cunque
1209 633 1500 696 dixerint
1530 632 1618 696 ad
1648 639 1748 696 te:

552 739 754 802 quare
785 721 1013 803 gemis,
1073 721 1289 785 DiceS.
1362 723 1485 785 Pro
1518 721 1748 786 auditu

552 808 709 889 quia
736 809 917 872 venit
958 816 1025 872 et
1070 809 1365 873 tabescet
1394 827 1593 873 omne
1638 830 1752 874 cor

551 904 619 958 et
672 896 1115 961 dissolventur
1162 899 1458 961 universe
1512 918 1747 962 manus

550 993 619 1047 et
649 983 1086 1049 infirmabitur
1113 987 1329 1049 omnis
1376 986 1642 1068 spiritus
1680 994 1748 1050 et

551 1092 669 1154 per
715 1083 954 1137 cuncta
1006 1093 1225 1156 genua
1270 1073 1477 1137 fluent
1532 1095 1745 1156 aque:

552 1169 619 1224 et
649 1180 801 1224 ecce
830 1163 1011 1227 venit
1039 1171 1109 1225 et
1139 1161 1290 1226 fiet:
1324 1162 1416 1225 ait
1438 1163 1746 1226 dominus

550 1250 731 1313 deus,
1377 1251 1589 1314 Lectio
1621 1251 1742 1335 iiij.

704 1345 731 1400 t
760 1335 972 1401 factus
1004 1346 1105 1402 est
1126 1358 1345 1401 sermo
1376 1339 1625 1402 domini
1656 1339 1744 1402 ad

704 1445 811 1488 me
840 1425 1079 1491 dicens.
1142 1427 1264 1490 Fili
1290 1426 1573 1490 hominis
1596 1447 1746 1511 pro-

552 1512 757 1595 pheta
806 1521 873 1576 et
920 1515 1114 1578 dices.
1214 1515 1359 1578 Hec
1415 1517 1573 1580 dicit
1626 1518 1745 1580 do-

554 1602 770 1664 minus
800 1602 977 1666 deus.
1072 1603 1389 1686 Loquere.
1466 1603 1743 1668 Gladius

551 1690 813 1771 gladius
845 1699 1167 1754 exacutus
1209 1701 1309 1756 est
1340 1701 1407 1756 et
1437 1690 1742 1757 limatus:

552 1785 626 1840 ut
655 1779 850 1841 cedat
878 1779 1181 1843 victimas
1210 1791 1532 1844 exacutus
1563 1782 1696 1845 est¹
1727 1803 1742 1845 :

553 1875 627 1929 ut
656 1867 1003 1948 splendeat
1035 1867 1301 1932 limatus
1332 1878 1449 1934 est.
1508 1870 1649 1934 Lec.
1682 1891 1741 1934 v.

560 1955 751 2120 Qui
799 1975 1025 2018 moves
1072 1967 1400 2038 sceptrum
1448 1957 1566 2021 filii
1612 1959 1744 2021 mei

685 2044 1017 2109 succidisti
1048 2064 1245 2108 omne
1288 2045 1556 2127 lignum.
1652 2046 1744 2109 Et

549 2132 703 2194 dedi
749 2151 901 2195 eum
935 2132 1019 2197 ad
1067 2133 1489 2216 levigandum
1521 2143 1598 2198 ut
1642 2144 1743 2198 te-

550 2229 783 2284 neatur
812 2241 1029 2285 manu.
1124 2223 1261 2286 Iste
1292 2233 1612 2286 exacutus
1643 2231 1746 2287 est

546 2308 807 2390 gladius
853 2317 919 2372 et
966 2309 1133 2372 iste²
1163 2309 1429 2374 limatus
1476 2320 1613 2375 est:
1668 2320 1745 2375 ut

549 2398 635 2459 sit
660 2399 725 2460 in
750 2418 949 2461 manu
984 2398 1447 2463 interficientis
1496 2400 1633 2463 Lec.
1657 2401 1740 2482 ψ’.

689 2485 865 2549 lama
923 2495 992 2549 et
1050 2486 1232 2552 ulula
1292 2487 1381 2550 fili
1456 2487 1744 2552 hominis

689 2576 842 2657 quia
874 2572 979 2637 hic
1011 2574 1223 2639 factus
1264 2585 1363 2640 est
1396 2577 1462 2639 in
1495 2577 1745 2659 populo

551 2682 718 2725 meo,
830 2663 963 2726 Hic
1024 2664 1091 2726 in
1152 2666 1403 2728 cunctis
1466 2666 1744 2730 ducibus

550 2750 755 2814 israel.
850 2750 982 2833 Qui
1029 2751 1331 2833 fugerant
1358 2751 1583 2835 gladio
1615 2763 1744 2817 tra-

549 2839 670 2902 diti
714 2848 869 2901 sunt
899 2859 1047 2903 cum
1080 2840 1326 2922 populo
1375 2860 1537 2905 meo.
1634 2844 1744 2905 Id-

549 2928 723 2991 circo
771 2926 1015 3010 plaude
1074 2948 1271 3010 super
1324 2929 1537 2992 femur
1586 2931 1744 3013 quia

548 3014 865 3098 probatus
912 3024 1055 3079 est:
1102 3025 1169 3080 et
1200 3017 1323 3082 hoc
1369 3038 1521 3081 curn
1558 3040 1743 3101 scep-

548 3113 724 3166 trum
784 3104 1176 3168 subverterit
1248 3114 1314 3169 et
1374 3126 1507 3169 non
1581 3108 1743 3173 erit:

548 3192 708 3255 dicit
740 3190 1048 3255 dominus
1080 3193 1259 3259 deus,

551 3284 614 3357 (1
661 3280 1007 3344 Dominica
1038 3281 1159 3363 iiij.
1454 3282 1670 3347 Lectio
1679 3284 1741 3368 j.

699 3378 726 3431 t
772 3368 1019 3433 factum
1052 3378 1151 3433 est
1182 3371 1453 3434 verbum
1488 3372 1740 3436 domini

696 3458 780 3520 ad
815 3478 923 3521 me
953 3459 1194 3523 dicens,
1287 3460 1411 3523 Fili
1458 3459 1745 3524 hominis

546 3545 873 3628 propheta
932 3548 1016 3610 de
1077 3548 1448 3629 pastoribus
1508 3550 1742 3613 israel:

550 3635 874 3718 propheta
948 3644 1017 3699 et
1090 3636 1270 3700 dices
1353 3637 1742 3719 pastoribus,

553 3722 699 3787 Hec
766 3724 927 3788 dicit
986 3724 1295 3789 dominus
1368 3726 1549 3790 deus.
1638 3726 1744 3791 Ve

548 3812 921 3893 pastoribus
960 3812 1188 3877 israel:
1235 3814 1347 3897 qui
1380 3814 1744 3897 pascebant

544 3902 953 3982 semetipsos,
1044 3902 1286 3966 Nonne
1328 3922 1559 3985 greges
1591 3923 1742 3985 pas-

544 3996 781 4055 cuntur
810 4008 851 4051 a
881 3990 1268 4071 pastoribus.
1425 3992 1639 4055 Lectio
1669 3992 1737 4075 ij.

543 4078 758 4209 Lac
786 4078 1236 4143 comedebatis
1283 4086 1350 4143 et
1381 4078 1549 4143 lanis
1581 4100 1740 4163 ope-

682 4163 1066 4229 riebamini:
1112 4177 1179 4231 et
1219 4168 1399 4251 quod
1445 4190 1736 4233 crassum

546 4262 686 4315 erat
717 4251 1159 4319 occidebatis:
1204 4276 1473 4339 gregem
1513 4268 1736 4322 autem

546 4361 765 4405 meum
800 4362 930 4405 non
955 4345 1340 4425 pascebatis,
1406 4343 1605 4428 Quod
1638 4346 1736 4410 in-

639 4520 652 4548 ¹
696 4522 709 4544 ‘
728 4524 781 4568 ut
804 4516 909 4566 ced.
942 4516 1055 4567 vict.
1085 4534 1158 4567 ex.
1188 4518 1291 4568 est'
1318 4535 1415 4568 om.
1441 4535 1453 4567 :
1492 4518 1556 4569 N.

2365 435 2504 489 616

1844 541 2106 608 firmum
2153 541 2276 605 suit
2296 543 2322 581 ³
2351 561 2485 606 non
2529 542 2990 606 consolidastis
3019 565 3040 607 :

1845 640 1912 694 et
1940 630 2120 714 quod
2159 640 2461 713 egrotum
2491 650 2624 694 non
2655 633 2936 695 sanastis
2967 642 3042 694 et

1844 721 2022 803 quod
2069 719 2348 783 fractum
2380 728 2482 784 est
2510 740 2645 784 non
2677 719 3040 802 alligastis:

1843 817 1913 871 et
1971 809 2148 890 quod
2200 808 2532 890 abjectum
2593 817 2694 872 est
2743 829 2875 872 non
2937 829 3040 871 re-

1842 897 2172 961 duxistis:
2217 897 2394 978 quod
2441 897 2724 979 perierat
2763 917 2894 960 non
2937 917 3042 959 re-

1843 985 2134 1066 quisistis
2163 1006 2176 1048 :
2251 983 2367 1048 sed
2443 1005 2592 1048 cum
2655 986 3040 1048 austeritate

1845 1072 2271 1155 imperabatis
2313 1075 2406 1136 eis
2435 1082 2506 1136 et
2536 1092 2686 1136 cum
2718 1075 3038 1156 potentia.

2052 1161 2346 1243 disperse
2375 1170 2529 1224 sunt
2557 1181 2714 1224 oves
2747 1161 2907 1244 [Lec.
2938 1163 3038 1244 iij.

1995 1269 2140 1313 mee
2169 1269 2250 1312 eo
2287 1250 2470 1334 quod
2517 1269 2648 1312 non
2683 1259 2854 1313 esset
2885 1271 3038 1333 pas-

1842 1346 1985 1402 tor:
2030 1347 2098 1402 et
2142 1337 2314 1402 facte
2361 1346 2516 1402 sunt
2552 1338 2619 1400 in
2665 1338 3038 1402 devoratio·

1845 1445 1996 1490 nem
2043 1427 2340 1490 omnium
2377 1426 2734 1490 bestiarum
2783 1428 2918 1509 agri
2967 1439 3040 1491 et

1843 1515 2136 1597 disperse
2159 1524 2328 1579 sunt.
2374 1514 2777 1579 Erraverunt
2799 1535 3039 1598 greges

1843 1605 1972 1666 mei
2033 1604 2100 1666 in
2153 1603 2404 1667 cunctis
2465 1604 2798 1668 montibus
2851 1611 2918 1667 et
2967 1605 3038 1666 in

1844 1692 2146 1755 universo
2192 1692 2360 1755 colle
2407 1691 2673 1756 excelso
2725 1701 2795 1756 et
2837 1713 3042 1774 super

1843 1799 2108 1843 omnem
2188 1778 2420 1843 faciem
2505 1789 2678 1844 terre
2756 1782 3035 1864 dispersi

1843 1877 1995 1931 sunt
2026 1888 2258 1951 greges
2302 1869 2432 1932 mei
2479 1877 2546 1932 et
2579 1888 2710 1932 non
2749 1879 2889 1932 erat
2919 1871 3036 1951 qui

1842 1957 2236 2039 requireret:
2282 1977 2414 2021 non
2445 1966 2588 2021 erat
2617 1958 2886 2039 inquam
2918 1959 3034 2040 qui

1842 2046 2210 2128 requireret.
2671 2046 2881 2109 Lectio
2911 2045 3040 2128 iiij.

1841 2135 2291 2264 Propterea
2320 2143 2617 2215 pastores
2647 2133 2871 2197 audite
2893 2155 3038 2197 ver-

1944 2221 1954 2238 '
1994 2221 2152 2284 bum
2183 2223 2452 2286 domini.
2515 2223 2688 2286 Vivo
2717 2243 2844 2305 ego
2859 2223 3038 2305 dicit

1842 2310 2149 2374 dominus
2179 2309 2341 2374 deus
2369 2332 2384 2375 :
2431 2311 2588 2393 quia
2609 2330 2729 2392 pro
2749 2331 2830 2374 eo
2852 2313 3034 2393 quod

1843 2399 1998 2462 facti
2025 2407 2178 2462 sunt
2200 2419 2432 2482 greges
2457 2400 2584 2462 mei
2610 2401 2676 2462 in
2701 2401 3036 2482 rapinam:

1842 2496 1910 2549 et
1933 2507 2088 2550 oves
2113 2507 2260 2550 mee
2290 2489 2355 2550 in
2375 2488 2868 2552 devorationem
2891 2508 3039 2550 om-

1844 2576 2023 2639 nium
2073 2576 2426 2641 bestiarum
2477 2578 2659 2660 agri:
2723 2596 2804 2641 eo
2853 2579 3034 2660 quod

1843 2684 1975 2727 non
1987 2674 2160 2729 esset
2173 2674 2412 2747 pastor.
2435 2665 2672 2748 Neque
2683 2666 2860 2728 enim
2874 2686 3038 2747 que-

1842 2754 2092 2817 sierunt
2145 2763 2441 2837 pastores
2490 2773 2758 2837 gregem
2809 2773 3032 2817 meum

1843 2842 1960 2904 sed
2007 2843 2367 2923 pascebant
2395 2853 2692 2926 pastores
2723 2842 3036 2925 semetip-

1842 2950 1951 2993 sos
1998 2938 2068 2993 et
2109 2950 2341 3014 greges
2395 2950 2576 2994 meos
2629 2951 2762 2995 non
2808 2950 3038 3013 pasce-

1843 3016 2022 3082 bant.
2731 3020 2946 3083 Lectio
2974 3040 3036 3083 v.

1997 3115 2297 3189 ropterea
2321 3115 2616 3189 pastores
2645 3108 2870 3171 audite
2891 3128 3036 3171 ver-

1991 3193 2150 3259 bum
2181 3195 2450 3259 domini.
2544 3196 2692 3259 Hec
2726 3196 2888 3260 dicit
2917 3196 3038 3261 do-

1843 3283 2058 3348 minus
2081 3284 2260 3348 deus.
2313 3284 2487 3348 Ecce
2517 3305 2642 3367 ego
2671 3284 2812 3367 ipse
2843 3305 3042 3368 super

1843 3379 2136 3455 pastores
2169 3373 2494 3455 requiram
2523 3392 2792 3455 gregem
2814 3392 3036 3436 meum

1841 3462 1927 3524 de
1975 3480 2174 3524 manu
2223 3480 2448 3524 eorum
2499 3471 2566 3525 et
2615 3482 2868 3526 cessare
2920 3482 3039 3525 eos

1842 3547 2080 3613 faciam
2111 3557 2187 3611 ut
2215 3548 2387 3613 ultra
2419 3569 2548 3613 non
2585 3559 2860 3631 pascant
2888 3570 3036 3632 gre-

1841 3656 1992 3719 gem
2028 3656 2248 3701 meum
2281 3658 2400 3701 nec
2447 3616 2722 3721 pascant
2752 3638 3039 3720 amplius

1841 3735 2137 3807 pastores
2168 3726 2596 3808 semetipsos:
2643 3737 2711 3792 et
2742 3726 3040 3790 liberabo

1839 3833 2107 3897 gregem
2156 3835 2376 3880 meum
2423 3816 2509 3879 de
2553 3836 2666 3879 ore
2710 3835 2936 3879 eorum
2967 3826 3040 3880 et

1843 3923 1975 3966 non
2009 3904 2132 3967 erit
2161 3904 2254 3967 eis
2287 3903 2458 3967 ultra
2491 3904 2556 3966 in
2589 3923 2828 3967 escam.
2990 3970 2998 3975 ,

1836 3994 2026 4124 H
2035 4013 2109 4055 ec
2144 3992 2304 4055 dicit
2335 3992 2641 4056 dominus
2675 3992 2918 4076 [Lectio
2947 3993 3035 4075 vj.

2033 4081 2212 4144 deus.
2310 4080 2485 4145 Ecce
2547 4100 2673 4163 ego
2735 4082 2874 4163 ipse
2935 4102 3039 4144 re-

1840 4168 2094 4250 quiram
2144 4188 2302 4235 oves
2351 4188 2576 4233 meas:
2630 4179 2699 4234 et
2750 4168 3040 4233 visitabo

1840 4278 1968 4321 eas.
2039 4257 2226 4324 Sicut
2256 4257 2480 4322 visitat
2509 4266 2735 4341 pastor
2761 4276 3036 4340 gregem

1839 4366 2031 4409 suum
2093 4347 2160 4409 in
2221 4346 2329 4410 die
2389 4347 2658 4429 quando
2717 4346 2914 4411 fuerit
2967 4348 3036 4411 in

1817 4522 1836 4550 ²
1873 4519 1956 4569 ille
1987 4537 1997 4568 :
2035 4518 2120 4570 W.
2359 4522 2378 4549 ⁸
2419 4519 2538 4569 ‘suit
2561 4519 2573 4542 ’
2597 4536 2723 4569 om.:
2761 4518 2825 4569 N.
