3375 5100
1253 403 1378 458 AD
1425 404 1555 458 MA
1569 404 1954 461 TUTJNAS.

899 510 1018 569 811

365 620 496 684 scis
540 620 1011 703 improperium
1059 640 1282 684 meum
1313 627 1381 684 et
1411 640 1567 685 con-

368 708 694 772 fusionem
731 730 992 773 meam:
1039 718 1107 773 et
1131 710 1566 774 reverentiam

369 817 628 862 meam:
688 798 773 861 In
823 806 1180 880 conspectu
1234 805 1352 861 tuo
1412 806 1568 861 sunt

367 906 598 949 omnes
661 888 774 968 qui
835 886 1154 951 tribulant
1216 907 1372 951 me:
1443 886 1565 950 im·

367 974 746 1056 properium
777 975 1160 1057 expectavit
1191 996 1304 1038 cor
1341 994 1564 1038 meum

366 1069 436 1126 et
497 1062 849 1127 miseriam.
954 1064 1053 1127 Et
1111 1064 1390 1127 sustinui
1451 1064 1564 1145 qui

364 1150 560 1214 simul
607 1152 1104 1216 contristaretur
1137 1161 1206 1216 et
1237 1172 1370 1215 non
1401 1151 1565 1217 fuit:

363 1247 434 1303 et
457 1239 570 1322 qui
601 1240 1051 1304 consolaretur
1071 1250 1139 1304 et
1162 1260 1294 1304 non
1328 1241 1567 1305 inveni.

363 1328 462 1391 Et
491 1328 816 1393 dederunt
840 1328 906 1391 in
939 1349 1160 1393 escam
1187 1349 1404 1392 meam
1438 1328 1524 1393 sel
1550 1350 1565 1393 :

363 1425 432 1480 et
492 1416 558 1479 in
619 1418 728 1481 siti
790 1438 941 1481 mea
999 1426 1398 1500 potaverunt
1458 1437 1567 1481 me

364 1515 572 1570 acet0.
638 1506 806 1569 Fiat
828 1525 1062 1569 mensa
1091 1526 1318 1569 eorum
1341 1526 1564 1570 coram

365 1594 526 1675 ipsis
572 1594 638 1657 in
669 1593 1021 1677 laqueum:
1069 1604 1138 1658 et
1183 1595 1250 1657 in
1289 1594 1568 1658 retribu-

365 1684 585 1745 tiones
616 1692 684 1747 et
713 1683 781 1745 in
813 1682 1218 1747 scandalum.
1316 1682 1566 1747 Obscu-

365 1780 589 1835 rentur
633 1770 804 1834 oculi
853 1792 1078 1834 eorum
1126 1792 1213 1835 ne
1249 1772 1566 1837 videant:

383 1868 434 1923 :t
464 1858 736 1923 dorsum
774 1880 1002 1923 eorum
1047 1880 1310 1944 semper
1353 1862 1565 1925 incur-

369 1968 462 2011 va.
568 1948 864 2011 Effunde
938 1969 1136 2031 super
1209 1970 1324 2012 eos
1399 1950 1564 2012 iram

363 2044 594 2100 tuam:
640 2046 710 2100 et
755 2036 935 2100 furor
979 2038 1070 2101 ire
1107 2048 1220 2101 tue
1269 2058 1566 2121 compre-

363 2124 616 2188 hendat
662 2146 792 2189 eos,
869 2126 1032 2189 Fiat
1080 2125 1406 2189 habitatio
1455 2146 1568 2189 eo-

363 2233 510 2276 rum
549 2214 850 2277 deserta:
896 2223 963 2278 et
1009 2215 1076 2278 in
1123 2215 1566 2279 tabernaculis

363 2322 594 2365 eorum
670 2322 804 2367 non
879 2304 968 2367 sit
1032 2304 1146 2385 qui
1221 2303 1566 2369 inhabitet.

371 2390 698 2469 Quoniam
776 2411 975 2473 quem
1041 2402 1112 2456 tu
1190 2394 1566 2474 percussisti

363 2479 688 2561 persecuti
749 2489 943 2545 sunt:
993 2489 1061 2543 et
1119 2501 1318 2564 super
1377 2481 1566 2545 dolo-

362 2588 504 2631 rem
550 2569 894 2633 vulnerum
946 2590 1244 2634 meorum
1291 2570 1566 2634 addide-

364 2665 535 2720 runt.
596 2658 892 2739 Appone
923 2659 1342 2742 iniquitatem
1368 2680 1568 2742 super

365 2745 784 2826 iniquitatem
834 2767 1108 2813 eorum:
1163 2759 1230 2812 et
1281 2768 1413 2810 non
1469 2749 1565 2811 in-

361 2843 542 2897 trent
590 2834 1026 2916 injustitiam
1081 2846 1283 2900 tuam.
1361 2836 1566 2899 Dele-

364 2929 561 2985 antur
621 2922 707 2985 de
782 2923 949 2986 libro
1008 2925 1422 2989 viventium:
1499 2935 1566 2988 et

363 3029 516 3073 cum
543 3008 740 3091 justis
770 3032 904 3075 non
945 3014 1328 3078 scribantur.
1405 3015 1566 3096 Ego

365 3118 513 3161 sum
545 3119 801 3182 pauper
829 3110 897 3165 et
927 3101 1193 3166 dolens:
1239 3101 1418 3166 salus
1449 3112 1565 3166 tua

365 3189 530 3250 deus
560 3189 852 3272 suscepit
884 3210 1007 3254 me.
1085 3190 1416 3254 Laudabo
1447 3211 1566 3254 no·

367 3296 521 3339 men
577 3277 684 3340 dei
736 3278 910 3342 mei¹
945 3299 1095 3342 cum
1143 3281 1442 3344 cantico:
1497 3289 1566 3343 et

365 3365 807 3448 magnificabo
853 3387 1005 3431 eum
1053 3369 1119 3430 in
1168 3368 1380 3432 laude.
1469 3369 1566 3432 Et

363 3453 654 3537 placebit
683 3455 852 3520 deo:
897 3476 1095 3538 super
1124 3456 1404 3520 vitulum
1447 3477 1565 3520 no·

363 3541 608 3606 vellum
667 3563 917 3607 cornua
969 3545 1442 3626 producentem
1498 3554 1567 3609 et

366 3631 666 3712 ungulas,
774 3633 1073 3697 Videant
1120 3654 1445 3715 pauperes
1498 3643 1568 3697 et

364 3719 690 3785 letentur:
737 3722 992 3803 querite
1037 3722 1236 3785 deum
1284 3731 1353 3786 et
1391 3724 1568 3786 vivet

367 3809 594 3872 anima
644 3820 879 3875 vestra.
979 3808 1306 3887 Quoniam
1363 3831 1567 3874 exau-

367 3897 534 3960 divit
565 3917 890 3981 pauperes
922 3897 1266 3962 dominus:
1299 3909 1366 3963 et
1387 3901 1566 3963 vinc-

368 3993 473 4047 tos
505 4006 659 4048 suos
691 4007 825 4050 non
858 3986 1187 4069 despexit.
1255 3987 1567 4051 Laudent

367 4072 554 4135 illum
587 4073 708 4138 celi
741 4085 809 4138 et
840 4086 1012 4140 terra
1040 4098 1053 4139 :
1103 4096 1284 4139 mare
1327 4085 1395 4138 et
1425 4096 1567 4139 om-

367 4161 479 4223 nia
503 4163 759 4243 reptilia
792 4164 857 4227 in
884 4165 997 4230 eis·
1049 4164 1378 4244 Quoniam
1403 4165 1568 4228 deus

365 4248 620 4312 salvam
673 4250 868 4316 faciet
915 4272 1128 4334 syon:
1175 4262 1244 4317 et
1297 4252 1567 4316 edifica-

364 4339 617 4402 buntur
644 4341 946 4404 civitates
983 4341 1162 4423 jude.
1240 4342 1336 4407 Et
1381 4341 1567 4408 inha-

571 4499 586 4530 ¹
627 4498 789 4549 ‘mei’
813 4516 950 4551 om.:
987 4502 1121 4553 E.G.

569 4567 590 4597 ²
622 4565 1008 4617 inhabitabunt-z
1045 4569 1177 4619 E.G.

569 4633 590 4662 ⁸
611 4638 693 4698 pi.
723 4633 788 4696 69
811 4649 821 4660 ·
843 4635 982 4685 E.G.
1055 4635 1185 4686 lxix.
1205 4650 1224 4684 .·
1258 4637 1310 4685 S.

2193 515 2335 572 812

1669 620 1980 685 bitabunt
2038 619 2173 686 ibi:
2233 630 2300 685 et
2345 619 2714 685 hereditate
2758 641 2869 685 ac-

1667 710 1932 792 quirent
1950 730 2115 774 eam.
2164 710 2262 774 Et
2282 730 2509 773 semen
2528 730 2865 773 servorum

1666 800 1810 880 ejus
1854 797 2222 882 possidebit
2251 818 2444 862 eam:
2492 808 2559 862 et
2605 799 2719 880 qui
2767 799 2866 861 di-

1667 888 1883 969 ligunt
1926 906 2170 951 nomen
2232 887 2375 969 ejus
2424 886 2869 951 habitabunt²

1664 976 1732 1039 in
1766 996 1862 1042 ea.
2507 975 2869 1039 Psalmus.⁸

1659 1068 1938 1197 Deus
1979 1064 2045 1128 in
2076 1064 2477 1146 adjutorium
2512 1083 2735 1127 meum
2768 1065 2865 1127 in-

1821 1152 2061 1217 tende:
2105 1154 2377 1217 domine
2422 1153 2507 1215 ad
2546 1151 2866 1233 adjuvan-

1663 1242 1826 1306 dum
1874 1262 1982 1305 me
2027 1241 2285 1307 festina.
2364 1240 2869 1306 Confundantur

1665 1340 1735 1395 et
1767 1342 2221 1395 revereantur:
2266 1330 2381 1413 qui
2412 1340 2697 1412 querunt
2727 1330 2867 1393 ani-

1667 1440 1847 1483 mam
1882 1438 2119 1485 meam.
2186 1419 2600 1483 Avertantur
2629 1426 2865 1481 retror-

1665 1529 1816 1572 sum
1865 1518 1933 1572 et
1980 1508 2411 1573 erubescant:
2472 1508 2586 1589 qui
2634 1507 2867 1571 volunt

1667 1597 1827 1660 mihi
1889 1596 2079 1662 mala.
2170 1597 2585 1661 Avertantur
2635 1596 2863 1659 statim

1666 1686 2165 1749 erubescentes:
2219 1686 2332 1767 qui
2402 1684 2635 1748 dicunt
2703 1684 2863 1748 mihi

1665 1793 1836 1855 euge
1866 1794 2050 1857 euge.
2114 1774 2449 1837 Exultent
2481 1782 2549 1835 et
2580 1772 2868 1837 letentur

1665 1862 1733 1926 in
1766 1872 1833 1925 te
1879 1882 2112 1926 omnes
2156 1863 2269 1944 qui
2315 1870 2599 1943 querunt
2645 1870 2750 1925 te:
2798 1871 2868 1925 et

1665 1950 1889 2015 dicant
1922 1972 2185 2033 semper
2214 1949 2673 2032 magnificetur
2702 1950 2867 2013 deus

1666 2042 1780 2123 qui
1812 2040 2096 2121 diligunt
2125 2039 2412 2103 salutare
2442 2048 2651 2101 tuum.
2711 2039 2867 2120 Ego

1663 2148 1823 2192 vero
1841 2148 2089 2211 egenus
2113 2137 2181 2192 et
2194 2148 2447 2210 pauper
2463 2147 2635 2190 sum:
2666 2127 2827 2189 deus
2842 2128 2866 2164 ⁴

1665 2217 1910 2299 adjuva
1948 2237 2071 2280 me.
2145 2218 2207 2280 Α
2219 2216 2442 2298 djutor
2472 2234 2660 2278 meus
2693 2224 2759 2278 et
2790 2213 2866 2277 li-

1665 2306 1933 2370 berator
1960 2326 2147 2369 meus
2192 2325 2265 2367 es
2310 2315 2419 2368 tu:
2470 2303 2740 2368 domine
2781 2323 2867 2365 ne

1665 2394 1983 2459 moreris?
2039 2395 2173 2457 Αῆ.
2244 2392 2535 2457 Domine
2582 2392 2748 2455 deus
2800 2392 2867 2455 in

1666 2483 2069 2565 adjutorium
2102 2502 2325 2545 meum
2359 2483 2647 2545 intende.

1663 2575 1770 2705 l
1772 2594 1816 2636 n
1863 2582 1932 2636 te
1980 2571 2249 2636 domine
2303 2592 2452 2653 spe·
2486 2569 2867 2654 [Psalmusff⁵

1771 2661 1908 2724 ravi
1960 2680 2093 2724 non
2154 2659 2525 2724 confundar
2578 2659 2643 2722 in
2696 2669 2866 2722 eter-

1666 2769 1866 2815 num:
1914 2749 1979 2812 in
2022 2749 2284 2832 justitia
2335 2758 2454 2812 tua
2504 2747 2709 2810 libera
2757 2767 2865 2810 me

1665 2848 1733 2902 et
1764 2839 1943 2920 eripe
1989 2859 2113 2903 me.
2187 2836 2455 2902 Inclina
2494 2837 2581 2900 ad
2613 2856 2721 2900 me
2753 2856 2866 2898 au-

1667 2947 1805 2990 rem
1856 2938 2086 2991 tuam:
2136 2936 2205 2991 et
2248 2927 2433 2990 salva
2479 2945 2604 2988 me.
2692 2925 2867 2988 Esto

1666 3015 1826 3078 mihi
1901 3016 1968 3080 in
2039 3015 2240 3078 deum
2300 3023 2743 3098 protectorem
2798 3021 2867 3076 et

1665 3104 1733 3166 in
1793 3103 2011 3168 locum
2076 3104 2405 3167 munitum
2468 3112 2543 3166 ut
2608 3101 2865 3164 salvum

1667 3213 1775 3256 me
1806 3175 2025 3256 iacias,
2126 3191 2455 3270 Quoniam
2489 3190 2868 3253 firmamen-

1664 3291 1810 3344 tum
1860 3301 2123 3344 meum:
2168 3290 2237 3343 et
2272 3279 2593 3362 refugium
2641 3298 2866 3341 meum

1664 3390 1737 3432 es
1768 3379 1856 3433 tu.
1934 3370 2123 3433 Deus
2170 3389 2357 3432 meus
2402 3368 2582 3450 eripe
2628 3387 2735 3430 me
2780 3367 2867 3430 de

1667 3478 1867 3521 manu
1930 3457 2329 3540 peccatoris:
2391 3465 2459 3518 et
2518 3456 2605 3518 de
2666 3474 2867 3518 manu

1667 3556 1898 3610 contra
1950 3547 2167 3628 legem
2217 3545 2477 3628 agentis
2524 3553 2594 3607 et
2643 3543 2867 3624 iniqui.

1672 3634 2000 3713 Quoniam
2063 3643 2135 3697 tu
2195 3654 2267 3697 es
2327 3632 2651 3716 patientia
2716 3651 2870 3694 mea

1665 3724 1987 3787 domine:
2062 3723 2334 3786 domine
2402 3741 2554 3803 spes
2616 3739 2768 3782 mea
2827 3740 2869 3783 a

1660 3810 2009 3894 juventute
2042 3832 2207 3875 mea.
2298 3811 2383 3874 In
2414 3819 2484 3873 te
2520 3808 2868 3873 confirma-

1668 3911 1777 3964 tus
1836 3921 1983 3964 sum
2045 3921 2133 3964 ex
2184 3909 2424 3963 utero:
2498 3897 2585 3960 de
2636 3905 2869 3960 ventre

1669 3989 1898 4053 matris
1930 4009 2076 4053 mee
2104 3997 2172 4053 tu
2202 4009 2274 4051 es
2298 3995 2633 4070 protector
2662 4005 2867 4049 meus·

1665 4077 1752 4140 In
1786 4087 1853 4140 te
1884 4078 2177 4142 cantatio
2208 4097 2359 4140 mea
2390 4095 2689 4157 semper:
2720 4083 2869 4136 tan-

1668 4186 1869 4247 quam
1894 4167 2269 4249 prodigium
2294 4165 2509 4228 sactus
2531 4183 2677 4226 sum
2700 4161 2867 4226 mul-

1667 4255 1755 4318 tis
1785 4264 1853 4318 et
1884 4264 1957 4318 tu
1991 4255 2258 4337 adjutor
2284 4253 2488 4316 fortis.
2579 4250 2869 4334 Replea-

1668 4351 1779 4407 tur
1806 4363 1881 4408 os
1928 4363 2151 4407 meum
2198 4341 2439 4406 laude:
2484 4349 2560 4404 ut
2604 4349 2868 4404 cantem

1769 4507 1793 4601 t
1827 4519 1919 4599 {³¹⁰
1947 4501 2129 4581 ‘deus’
2149 4501 2417 4592 dominus:
2452 4499 2675 4550 E.G.w.
