3375 5100
604 350 728 408 ET
767 351 1150 407 SEPTIMA
1202 350 1425 409 POST
1466 350 1675 409 OCTA
1693 351 1852 407 VAS
1893 350 2572 408 PENTHECOSTES.

858 460 1007 516 573

338 562 760 629 interfectos:
822 574 892 629 et
944 565 1335 629 invenerunt
1384 563 1531 630 saul

334 663 407 718 et
467 662 599 717 tres
658 651 827 717 filios
900 654 1043 737 ejus
1088 652 1389 736 jacentes
1462 654 1531 718 in

336 751 567 805 monte
595 741 849 824 gelboe.
941 742 1033 806 Et
1077 742 1531 825 prosciderunt

335 838 541 913 caput
611 830 794 895 saul:
884 838 954 894 et
1027 831 1534 914 expoliaverunt

334 938 491 981 eum
522 919 758 983 armis:
806 927 876 982 et
906 920 1225 983 miserunt
1242 939 1395 983 eum
1418 920 1435 957 ¹
1462 920 1531 983 in

334 1015 581 1071 terram
612 1006 1095 1090 philistinorum
1126 1028 1245 1092 per
1274 1008 1533 1072 circuit-

336 1114 451 1158 um
478 1116 495 1159 :
541 1102 615 1157 ut
646 1096 1151 1161 annunciaretur
1179 1098 1249 1160 in
1278 1096 1533 1180 templo

337 1182 665 1247 idolorum
695 1191 766 1247 et
796 1185 863 1248 in
884 1184 1163 1267 populis.
1212 1186 1305 1249 Et
1334 1205 1534 1268 posu-

333 1281 529 1335 erunt
578 1291 762 1336 arma
792 1272 935 1355 ejus
978 1274 1047 1336 in
1078 1272 1329 1356 templo
1358 1282 1535 1337 asta-

339 1359 507 1424 roth.
562 1360 822 1443 Corpus
865 1382 1023 1425 vero
1069 1362 1214 1446 ejus
1259 1382 1536 1445 suspen-

339 1448 578 1512 derunt
590 1449 657 1512 in
669 1468 856 1512 muro
869 1448 1166 1514 bethsan.
1184 1450 1311 1514 Tu.
1331 1450 1414 1515 L.
1446 1450 1531 1532 vj.

477 1536 609 1601 uod
668 1557 822 1603 curn
884 1538 1226 1603 audissent
1272 1537 1529 1602 habita-

475 1633 653 1689 tores
668 1625 1129 1708 jabesgalaad²
1139 1646 1533 1711 quecunque

338 1711 629 1777 fecerant
658 1713 997 1796 philistiim
1017 1714 1200 1779 saul:
1230 1735 1532 1779 surrexe-

340 1810 491 1864 runt
520 1801 640 1864 viri
670 1800 1005 1866 fortissimi
1034 1823 1266 1868 omnes
1295 1813 1365 1867 et
1394 1823 1535 1866 am-

338 1888 733 1954 bulaverunt
779 1897 920 1955 tota
971 1900 1209 1955 nocte:
1256 1900 1325 1955 et
1366 1888 1535 1955 tule-

341 1987 495 2042 runt
524 1978 807 2041 cadaver
838 1978 1023 2044 saul:
1082 1987 1153 2044 et
1210 1980 1533 2044 cadavera

342 2064 624 2129 filiorum
670 2066 815 2148 ejus
862 2066 949 2130 de
990 2087 1182 2132 muro
1228 2068 1531 2133 bethsan.

341 2153 813 2237 Veneruntque
820 2154 1039 2237 jabes:
1070 2165 1139 2220 et
1156 2155 1537 2220 combusse-

340 2242 729 2306 runteaibi.³
740 2243 829 2306 Et
843 2243 1136 2308 tulerunt
1146 2263 1297 2308 ossa
1307 2264 1534 2308 eorum

342 2337 411 2394 et
458 2329 859 2413 sepelierunt
890 2332 957 2395 in
1010 2352 1283 2396 nemore
1320 2332 1535 2414 jabes:

342 2426 410 2483 et
435 2416 902 2501 jejunaverunt
929 2430 1190 2504 septem
1222 2421 1473 2499 diebus.

344 2510 409 2586 {1
455 2506 800 2573 Dominica
856 2529 987 2592 qua
1058 2518 1365 2575 cantatur
1429 2516 1538 2575 aii.

344 2597 498 2660 Rex
532 2605 753 2661 autem
783 2597 1002 2663 david.
1250 2597 1466 2663 Lectio
1474 2599 1537 2682 j.

341 2687 439 2817 J
459 2684 635 2767 gitur
661 2685 1079 2750 considerato
1107 2686 1306 2752 david
1328 2707 1540 2771 popu-

461 2772 529 2837 lo
557 2793 715 2837 suo:
763 2775 1105 2840 constituit
1134 2795 1331 2859 super
1383 2795 1535 2839 eum

340 2859 642 2926 tribunos
670 2871 738 2926 et
768 2863 1220 2928 centuriones:
1251 2871 1321 2928 et
1350 2862 1539 2928 dedit

342 2949 569 3034 populi
599 2951 863 3015 tertiam
894 2962 1149 3034 partem
1180 2951 1305 3016 sub
1336 2972 1538 3016 manu

334 3037 539 3120 joab:
584 3047 653 3102 et
695 3040 960 3103 tertiam
991 3041 1116 3104 sub
1155 3059 1357 3104 manu
1396 3041 1536 3104 abi-

342 3127 441 3190 sai
528 3125 648 3190 filii
732 3128 948 3192 saruie
1023 3127 1241 3192 fratris
1325 3129 1536 3210 joab:

342 3222 413 3278 et
457 3215 719 3279 tertiam
767 3217 890 3280 sub
940 3236 1141 3281 manu
1194 3215 1374 3280 ethai
1420 3217 1535 3301 qui

341 3311 483 3365 erat
501 3302 587 3366 de
616 3303 791 3386 geth.
1228 3305 1437 3369 Lectio
1466 3306 1537 3389 ᾔ.

343 3391 758 3522 Dixitque
832 3411 951 3455 rex
1032 3392 1119 3457 ad
1212 3394 1531 3477 populum

498 3499 709 3544 suum.
802 3479 1126 3562 Egrediar
1153 3491 1221 3545 et
1264 3501 1391 3564 ego
1420 3502 1536 3546 vo-

342 3567 614 3632 biscum.
707 3567 800 3632 Et
846 3569 1185 3651 respondit
1230 3569 1537 3652 populus,

346 3656 504 3719 Non
534 3655 765 3720 exibis
859 3656 1015 3722 Sive
1067 3657 1244 3721 enim
1298 3657 1537 3741 sugeri-

344 3764 493 3806 mus
520 3766 535 3807 :
582 3764 715 3807 non
746 3764 1147 3828 magnopere
1192 3745 1279 3809 ad
1310 3767 1425 3811 eos
1454 3746 1539 3811 de

346 3832 537 3896 nobis
558 3832 914 3916 pertinebit
938 3854 953 3896 :
984 3834 1122 3898 sive
1147 3835 1363 3898 media
1387 3855 1539 3918 pars

344 3921 653 3986 ceciderit
682 3943 720 3984 e
752 3921 943 3986 nobis
964 3943 980 3986 :
1005 3943 1137 3986 non
1168 3924 1331 3987 satis
1350 3944 1539 3988 cura-

344 4009 555 4074 bunt:
602 4011 758 4093 quia
788 4019 861 4074 tu
916 4030 1087 4074 unus
1134 4030 1256 4094 pro
1307 4011 1539 4076 decem

344 4097 611 4162 milibus
641 4101 1061 4182 computaris
1152 4100 1394 4164 Melius
1440 4110 1544 4165 est

342 4185 544 4268 igitur
572 4195 648 4250 ut
675 4188 766 4250 sis
806 4186 1000 4251 nobis
1041 4189 1108 4252 in
1149 4188 1313 4253 urbe
1342 4189 1543 4273 presi-

344 4275 575 4338 dium.⁴
663 4275 781 4339 Ad
802 4295 967 4358 quos
994 4296 1113 4341 rex
1133 4278 1243 4342 ait.
1334 4276 1542 4360 Quod

547 4464 561 4492 ¹
604 4463 783 4511 ‘eum’
808 4477 950 4513 om.:
985 4462 1143 4514 W.N.

544 4529 566 4558 ⁸
592 4527 881 4593 jabesgala:
918 4529 1074 4580 W.N.

2157 462 2299 516 574

1631 564 1823 629 vobis
1911 572 2162 630 rectum
2224 564 2488 631 videtur
2543 564 2671 630 hoc
2733 564 2832 630 sa-

1634 654 1824 718 ciam.
2481 653 2702 718 Lectio
2724 654 2828 738 iz).

1631 740 1926 875 Stetit
1999 761 2158 824 ergo
2232 761 2350 805 rex
2433 740 2635 825 juxta
2680 762 2830 826 por-

1774 839 1932 895 tam.
1985 828 2600 913 Egrediebaturque
2618 851 2833 914 popu-

1632 917 1737 981 lus
1795 938 1915 1002 per
2000 928 2253 982 turmas
2349 938 2503 982 suas
2568 919 2832 983 centeni

1636 1014 1706 1071 et
1726 1006 1990 1071 milleni.
2081 1006 2173 1071 Et
2205 1008 2498 1090 precepit
2527 1028 2646 1071 rex
2665 1008 2832 1089 joab

1632 1101 1705 1159 et
1741 1094 1981 1158 Abisai
2024 1103 2093 1159 et
2139 1094 2317 1159 ethai
2364 1096 2633 1160 dicens:
2679 1094 2834 1161 Ser-

1633 1191 1789 1247 vate
1878 1182 2040 1247 mihi
2149 1203 2426 1267 puerum
2536 1184 2833 1249 absalon.

1636 1271 1730 1336 Et
1759 1271 1974 1335 omnis
2009 1272 2294 1355 populus
2323 1272 2638 1337 audiebat
2681 1292 2834 1355 pre-

1634 1359 1988 1442 cipientem
2039 1380 2264 1443 regem
2309 1362 2560 1426 cunctis
2593 1360 2833 1444 princi·-

1634 1446 1830 1530 pibus
1859 1467 1981 1530 pro
1998 1448 2290 1513 absalon.
2465 1448 2681 1512 Lectio
2705 1448 2831 1532 iiij.

1632 1539 1735 1668 l
1753 1544 1956 1618 taque
1986 1556 2286 1619 egressus
2317 1546 2419 1601 est
2441 1536 2729 1621 populus
2761 1538 2830 1601 in

1753 1643 2064 1707 campum
2141 1634 2370 1690 contra
2444 1626 2636 1689 israel
2671 1648 2688 1691 z
2763 1634 2834 1689 et

1636 1712 1884 1776 factum
1916 1720 2018 1777 est
2066 1711 2346 1797 prelium
2391 1712 2459 1776 in
2511 1714 2686 1777 saltu
2737 1712 2834 1777 ef-

1634 1798 1867 1865 fraim:
1913 1810 1981 1865 et
2029 1820 2214 1865 cesus
2262 1810 2365 1865 est
2415 1801 2506 1865 ibi
2546 1801 2836 1884 populus

1636 1888 1826 1953 israel
1857 1888 1946 1953 ab
1969 1890 2262 1955 exercitu
2286 1889 2502 1953 david.
2595 1889 2833 1954 Facta-

1634 1997 1766 2059 que
1797 1983 1899 2040 est
1928 1976 2127 2059 plaga
2155 1997 2402 2061 magna
2446 1978 2512 2042 in
2537 1975 2650 2041 illa
2679 1977 2788 2041 die
2815 1998 2836 2043 :

1633 2064 1870 2148 viginti
1901 2064 2173 2130 milium.
2525 2064 2742 2129 Lectio
2771 2060 2844 2130 νζ

1635 2154 1897 2286 Fuit
1925 2160 2148 2217 autem
2172 2152 2262 2217 ibi
2281 2151 2558 2237 prelium
2584 2152 2834 2237 disper-

1798 2261 1946 2306 sum
1975 2261 2172 2325 super
2201 2240 2434 2306 faciem
2459 2242 2674 2305 omnis
2706 2251 2836 2305 ter-

1636 2348 1725 2394 re.
1817 2330 1911 2395 Et
1953 2329 2168 2394 multo
2212 2328 2435 2413 plures
2453 2338 2640 2395 erant
2664 2349 2836 2413 quos

1637 2417 1848 2481 saltus
1877 2426 2378 2502 consumpserat
2421 2417 2509 2482 de
2537 2418 2788 2501 populo
2815 2439 2836 2484 z

1638 2526 1843 2591 quam
1873 2505 1964 2571 hii
1998 2526 2164 2590 quos
2193 2514 2540 2572 voraverat
2567 2505 2836 2590 gladius

1640 2596 1708 2659 in
1762 2593 1878 2659 illo
1922 2595 2048 2660 die.
2138 2595 2409 2661 Accidit
2467 2604 2694 2660 autem
2757 2604 2835 2659 ut

1638 2692 2008 2748 occurreret
2036 2683 2343 2750 Absalon
2396 2683 2600 2748 servis
2630 2683 2833 2749 david

1638 2771 1947 2836 insedens
1980 2773 2178 2837 mulo.
2269 2773 2550 2856 Cunque
2580 2773 2832 2855 ingres-

1638 2881 1753 2924 sus
1781 2859 2012 2924 fuisset
2041 2860 2259 2925 mulus
2287 2860 2514 2926 subter
2544 2861 2836 2925 conden-

1637 2968 1783 3012 sam
1835 2967 2150 3032 quercum
2203 2958 2272 3014 et
2319 2969 2672 3032 magnam:
2717 2949 2837 3014 ad-

1635 3036 1810 3100 hesit
1839 3047 2040 3120 caput
2069 3037 2211 3120 ejus
2251 3038 2563 3121 quercui:
2607 3047 2675 3102 et
2721 3035 2839 3102 illo

1637 3145 1959 3208 suspenso
1989 3125 2159 3191 inter
2204 3127 2418 3191 celum
2479 3135 2546 3190 et
2591 3135 2836 3191 terram

1638 3213 1860 3277 mulus
1889 3214 1994 3276 cui
2026 3215 2357 3280 insederat
2380 3215 2816 3298 pertransivit.

1654 3303 1803 3435 V
1817 3301 1941 3366 idit
1952 3313 2176 3368 autem
2189 3304 2516 3386 quispiam
2529 3311 2599 3366 et
2625 3301 2732 3386 [L.
2745 3302 2833 3384 vj.

1816 3393 2155 3456 nunciavit
2180 3392 2343 3475 joab
2361 3391 2626 3455 dicens:
2674 3390 2833 3453 Vidi

1636 3478 1911 3544 absalon
1933 3482 2220 3563 pendere
2239 3481 2324 3544 de
2345 3498 2606 3563 quercu.
2653 3477 2841 3543 Tulit

1636 3587 1796 3651 ergo
1837 3569 2000 3652 joab
2039 3579 2172 3633 tres
2202 3569 2466 3632 lanceas
2514 3567 2582 3630 in
2635 3571 2858 3630 manu'

1637 3677 1797 3722 sua:
1843 3669 1911 3722 et
1940 3657 2164 3725 infixit
2193 3678 2306 3721 eas
2326 3657 2392 3719 in
2415 3653 2614 3718 corde
2646 3654 2839 3717 absa-

1638 3744 1769 3811 lon.
1885 3748 2167 3830 Cunque
2215 3743 2432 3809 adhuc
2485 3741 2840 3826 palpitaret

1638 3833 1876 3898 herens
1935 3837 2004 3900 in
2058 3853 2340 3917 quercu:
2416 3841 2840 3896 cucurrerunt

1639 3923 1870 3988 decem
1927 3924 2204 4008 juvenes
2262 3919 2566 4003 armigeri
2635 3919 2838 4001 joab:

1641 4021 1711 4076 et
1796 4012 2238 4095 percutientes
2373 4007 2840 4074 interfecerunt

1642 4119 1814 4166 eum.
1911 4101 2106 4166 Dixit
2153 4107 2377 4162 autem
2409 4118 2530 4160 rex
2564 4094 2648 4158 ad
2681 4097 2840 4161 chu-

1642 4189 1738 4254 si:
1807 4198 1994 4253 estne
2045 4208 2184 4272 pax
2238 4205 2442 4270 puero
2493 4183 2840 4250 Absalon?

1648 4275 1774 4342 cui
1848 4276 2256 4362 respondens
2327 4273 2531 4340 chusi.
2647 4277 2841 4341 Fiant

1747 4465 1766 4494 ⁸
1799 4479 1892 4528 pro
1919 4463 2049 4513 ‘ibi’
2075 4461 2214 4528 igni:
2247 4461 2409 4513 W.N.

1743 4533 1762 4561 ⁴
1797 4530 2052 4595 presidio:
2087 4529 2243 4579 N.w.
