3375 5100
1146 357 1405 415 FERIA
1456 355 1853 413 SECUNDA
1903 354 2030 413 AD
2085 352 2526 411 VESPERAS.

1113 465 1255 521 901

584 572 903 639 mandata
922 581 1037 639 tua
1056 572 1333 655 equitas,
1374 572 1535 636 Fiat
1546 590 1782 635 manus

584 674 702 727 tua
727 674 801 727 ut
832 663 1044 725 salvet
1070 682 1217 725 me:
1250 661 1566 743 quoniam
1592 680 1780 723 man-

587 754 753 817 data
782 761 899 815 tua
928 750 1115 831 elegi.
1213 748 1574 833 Concupivi
1606 748 1782 812 salu—

586 850 728 905 tare
783 850 972 904 tuum
1034 838 1341 901 domine:
1388 846 1457 901 et
1518 837 1631 900 lex
1662 846 1782 901 tua

590 929 940 993 meditatio
990 946 1139 990 mea
1171 936 1288 991 est.
1406 926 1607 989 Vivet
1636 925 1781 988 ani-

587 1038 701 1081 ma
732 1038 883 1081 mea
910 1024 979 1079 et
1019 1014 1321 1079 laudabit
1358 1022 1466 1078 te:
1512 1023 1579 1078 et
1604 1012 1784 1095 judi-

586 1107 690 1170 cia
710 1115 831 1170 tua
860 1104 1274 1187 adjuvabunt
1323 1123 1448 1167 me.
1538 1102 1780 1165 Erravi

586 1194 758 1259 sicut
786 1194 929 1257 ovis
970 1212 1102 1276 que
1132 1192 1325 1275 periit
1352 1214 1367 1255 :
1413 1211 1617 1274 quere
1646 1211 1782 1253 ser-

585 1304 744 1347 vum
765 1291 953 1346 tuum
972 1281 1158 1363 :quia
1172 1279 1493 1343 mandata
1510 1288 1629 1343 tua
1643 1297 1779 1342 non

583 1390 733 1435 sum
764 1370 1049 1434 oblitus,¹
1080 1370 1213 1433 Αῆ.
1250 1369 1360 1431 Ex
1392 1387 1525 1451 quo
1556 1368 1783 1431 omnia

588 1480 711 1543 per
740 1478 940 1541 quern
971 1456 1197 1521 omnia
1252 1458 1318 1520 in
1367 1476 1501 1539 quo
1554 1456 1783 1519 omnia

492 1591 499 1597 -
590 1547 716 1632 ipsi
746 1546 959 1629 gloria
988 1546 1056 1609 in
1082 1544 1320 1609 secula.
1390 1544 1782 1626 Capitulum.

754 1656 857 1699 res
918 1643 1073 1698 sunt
1134 1634 1246 1716 qui
1323 1634 1780 1696 testimonium

725 1724 893 1787 dant
940 1723 1007 1785 in
1052 1722 1229 1786 celo:
1276 1730 1469 1804 pater
1500 1730 1569 1785 et
1609 1721 1783 1784 filius

590 1821 659 1877 et
718 1812 985 1895 spiritus
1052 1818 1357 1873 sanctus:
1392 1820 1459 1874 et
1520 1808 1585 1873 hi
1649 1819 1783 1873 tres

584 1922 793 1966 unum
824 1910 997 1964 sunt.
1041 1900 1158 1962 Re.
1205 1898 1505 1963 Clamavi
1538 1900 1605 1962 in
1638 1907 1784 1962 toto

590 1992 809 2054 corde.
901 1988 1172 2052 Exaudi
1204 2007 1312 2050 me
1358 1987 1643 2051 domine.
1737 2003 1786 2072 γ

584 2078 1104 2162 justificationes
1187 2084 1337 2139 tuas
1437 2075 1785 2157 requiram.

586 2167 878 2230 Exaudi.
973 2164 1219 2232 Gloria.
1323 2163 1644 2228 Clamavi.
1737 2182 1784 2251 γ

582 2256 701 2319 Ab
732 2254 1005 2318 occultis
1036 2254 1199 2316 meis
1232 2253 1483 2315 munda
1516 2273 1621 2315 me
1666 2253 1786 2317 do-

585 2344 810 2407 mine?
902 2344 994 2406 Et
1024 2344 1110 2405 ab
1141 2342 1373 2404 alienis
1426 2361 1623 2425 parce
1654 2361 1790 2403 ser-

586 2454 675 2496 vo
707 2432 869 2495 ῒιιο.8
956 2440 1064 2494 aii.
1140 2429 1394 2512 Aspice
1427 2431 1495 2493 in
1530 2451 1637 2493 me
1667 2430 1787 2492 do-

591 2523 769 2585 mine
802 2529 870 2584 et
902 2520 1213 2583 miserere
1245 2520 1393 2583 mei.
1492 2518 1784 2600 Capl'm.⁴

586 2610 886 2742 Alter
914 2608 1187 2674 alterius
1226 2628 1431 2671 onera
1478 2617 1787 2690 portate:

754 2707 824 2760 et
881 2698 976 2761 sic
1034 2696 1492 2778 adimplebitis
1568 2697 1786 2778 legem

588 2787 877 2852 Christi-'³
924 2785 1034 2848 Re.
1068 2786 1354 2848 Redime
1374 2805 1480 2847 me
1500 2785 1788 2849 domine.

588 2875 684 2940 Et
744 2876 1051 2937 miserere
1105 2875 1253 2938 mei.
1309 2890 1358 2959 γ
1436 2873 1562 2937 Pes
1607 2873 1786 2937 enim

588 2985 778 3028 meus
810 2964 995 3026 stetit
1027 2963 1096 3026 in
1125 2963 1233 3026 via
1268 2970 1447 3026 recta
1478 2962 1547 3025 in
1578 2961 1789 3026 eccle-

586 3053 699 3116 siis
743 3052 1133 3115 benedicam
1197 3059 1264 3113 te
1314 3050 1602 3115 domine.
1697 3051 1789 3121 Et

588 3139 939 3205 miserere.⁶
1030 3139 1276 3203 Gloria.
1368 3138 1671 3203 Redime.
1737 3143 1790 3218 Ῡ

586 3230 707 3293 Ab
781 3227 1057 3292 occultis
1134 3229 1315 3292 meiS.
1405 3228 1540 3291 Αῆ.
1635 3227 1790 3292 Cla-

586 3316 808 3383 mavi.⁷
1470 3316 1786 3398 psalmus.

757 3406 800 3470 d
855 3405 1201 3470 dominum
1252 3425 1405 3467 cum
1438 3405 1790 3468 tribularer

756 3495 1075 3559 clamavi:
1136 3502 1204 3558 et
1258 3493 1601 3557 exaudivit
1660 3513 1787 3558 me.

584 3584 883 3648 Domine
912 3583 1119 3646 libera
1163 3583 1455 3645 animam
1482 3601 1700 3645 meam
1749 3601 1790 3646 a

589 3673 786 3737 labiis
810 3673 1089 3754 iniquis:
1121 3680 1189 3733 et
1221 3671 1506 3752 alingua
1536 3670 1786 3734 dolosa.

595 3761 771 3841 Quid
822 3761 1018 3824 detur
1068 3759 1189 3822 tibi
1238 3768 1356 3822 aut
1385 3759 1545 3842 quid
1578 3780 1789 3842 appo-

592 3859 790 3914 natur
819 3849 939 3913 tibi
966 3868 979 3912 :
1026 3849 1112 3911 ad
1140 3847 1435 3931 linguam
1462 3846 1786 3912 dolosam.

590 3939 853 4021 Sagitte
882 3937 1176 4020 potentis
1195 3945 1425 4000 acute:
1458 3955 1611 3998 cum
1642 3956 1785 4000 car-

588 4027 873 4091 bonibus
904 4026 1337 4091 desolatoriis
1428 4024 1588 4088 Heu
1621 4025 1782 4088 mihi

688 4191 703 4220 ¹
747 4193 760 4216 ‘
782 4188 1023 4238 Gloria’z
1073 4187 1269 4238 E.G.S.

584 4257 717 4306 add:
748 4255 815 4305 E.
830 4257 887 4305 (ι’.

686 4325 707 4354 ²
744 4321 1039 4372 ‘Re.’add.·
1072 4319 1211 4370 E.G.

684 4391 705 4420 ⁸
742 4387 1035 4452 ‘Inferiis’
1058 4388 1189 4436 add:
1222 4387 1360 4436 E.G.

685 4458 705 4488 ⁴
745 4455 1023 4518 ‘Adgalat.
1053 4453 1147 4518 vj.'
1167 4453 1300 4502 add:
1334 4453 1399 4502 E.
1414 4453 1471 4504 G.

683 4524 704 4553 ⁸
744 4521 882 4569 ‘Deo
904 4519 1114 4584 gratias'
1139 4519 1271 4568 add:
1308 4519 1443 4570 E.G.

682 4591 704 4617 ⁸
742 4587 1009 4636 ‘Miserere
1030 4585 1042 4608 '
1066 4601 1161 4635 om.
1192 4605 1207 4636 ε
1244 4585 1377 4636 E.G.

1349 4191 1364 4216 ⁸
1374 4187 1443 4236 In
1494 4187 1757 4238 dominicis
1769 4187 1783 4212 ’

2393 461 2556 517 902

1880 569 2040 654 quia
2070 568 2398 634 incolatus
2427 588 2618 633 meus
2651 566 3088 652 prolongatus

1883 670 2020 723 est:
2065 658 2363 722 habitavi
2427 678 2580 722 cum
2625 658 3089 721 habitantibus

1882 748 2082 813 cedar
2112 748 2398 811 multum
2443 746 2660 811 incola
2704 746 2830 810 suit
2860 748 3088 810 anima

1882 856 2050 901 mea.
2148 835 2316 902 Cum
2347 836 2451 899 his
2503 836 2616 919 qui
2649 836 2936 899 oderunt
2969 854 3085 917 pa-

1881 946 2030 989 cem
2063 944 2245 988 eram
2263 923 2579 1007 pacificus
2605 944 2620 987 z
2665 944 2822 987 cum
2854 924 3084 1005 loque-

1881 1013 2006 1079 bar
2029 1013 2156 1077 illis
2189 1014 2676 1095 impugnabant
2701 1033 2810 1075 me
2828 1011 3086 1094 gratis,⁸

1879 1111 1985 1167 aii.
2081 1101 2382 1167 Clamavi
2435 1111 2504 1166 et
2564 1101 2911 1165 exaudivit
2957 1120 3084 1165 me.

1879 1200 1986 1255 ar‘i.
2034 1190 2438 1254 Auxilium.⁹
2705 1188 3086 1271 psalmus.¹⁰

2017 1280 2204 1343 evavi
2225 1278 2451 1343 oculos
2475 1298 2659 1341 meos
2679 1278 2744 1341 in
2772 1288 3038 1341 montes
3067 1299 3084 1343 ε

2019 1368 2196 1431 unde
2247 1368 2467 1431 veniet
2527 1367 2851 1430 auxilium
2899 1366 3082 1431 mihi.

1880 1456 2234 1521 Auxilium
2269 1477 2490 1521 meum
2523 1476 2566 1519 a
2606 1456 2920 1520 domino:
2969 1457 3085 1538 qui

1880 1544 2039 1609 fecit
2069 1545 2285 1609 celum
2316 1554 2386 1609 et
2418 1553 2676 1608 terram.
2767 1544 2932 1607 Non
2966 1545 3084 1609 det

1883 1634 1953 1697 in
1997 1634 2519 1697 commotionem
2567 1632 2808 1715 pedem
2841 1640 3081 1697 tuum:

1883 1743 2100 1806 neque
2129 1722 2448 1785 dormitet
2501 1722 2614 1805 qui
2670 1722 2964 1785 custodit
2993 1732 3082 1785 te.

1882 1811 2068 1875 Ecce
2099 1831 2232 1874 non
2262 1809 2653 1874 dormitabit
2682 1830 2898 1893 neque
2931 1810 3085 1873 dor-

1886 1900 2046 1963 miet
2075 1920 2089 1963 z
2137 1900 2250 1981 qui
2313 1900 2606 1963 custodit
2637 1899 2846 1962 israel.
2939 1898 3086 1961 Do-

1885 1989 2106 2051 minus
2137 1989 2428 2051 custodit
2470 1996 2538 2050 te
2591 1988 2899 2050 dominus
2932 2008 3087 2070 pro-

1885 2078 2088 2141 tectio
2117 2084 2236 2139 tua
2264 2096 2280 2141 ε
2311 2097 2511 2159 super
2541 2096 2812 2139 manum
2845 2077 3088 2139 dexte-

1884 2186 2027 2229 ram
2073 2174 2280 2229 tuam.
2367 2166 2506 2229 Per
2551 2164 2728 2227 diem
2789 2165 2888 2227 sol
2953 2184 3091 2227 non

1885 2263 2030 2317 uret
2062 2262 2128 2316 te
2154 2276 2169 2317 :
2216 2273 2433 2336 neque
2464 2253 2621 2316 luna
2645 2274 2764 2335 per
2793 2262 3087 2316 noctem.

1884 2343 2222 2405 Dominus
2283 2343 2573 2406 custodit
2621 2353 2689 2404 te
2750 2340 2838 2404 ab
2899 2343 3085 2405 omni

1889 2430 2108 2495 malo:
2167 2431 2499 2494 custodiat
2549 2430 2842 2493 animam
2896 2439 3087 2493 tuam

1888 2520 2214 2584 dominus.
2347 2519 2682 2584 Dominus
2751 2520 3090 2583 custodiat

1889 2609 2230 2672 introitum
2263 2617 2454 2672 tuum
2475 2618 2542 2672 et
2566 2610 2826 2671 exitum
2851 2617 3044 2672 tuum
3071 2630 3088 2672 z

1889 2719 1980 2761 ex
1991 2697 2117 2761 hoc
2131 2717 2304 2760 nunc
2319 2707 2388 2760 et
2402 2717 2612 2779 usque
2623 2698 2688 2760 in
2712 2696 3084 2760 seculum.¹¹

1888 2787 1951 2849 A
1963 2795 2024 2850 ῑὶ.
2070 2785 2426 2849 Auxilium
2461 2805 2684 2848 meum
2717 2806 2757 2848 a
2787 2787 3087 2849 domino.

1897 2874 2156 2956 Capl’m.
2250 2874 2582 2938 Dominus
2635 2883 2860 2938 autem
2932 2875 3089 2937 diri-

1889 2963 2079 3046 gat.¹²
2757 2963 3088 3043 Hymnus.

1983 3071 2276 3114 mmense
2307 3050 2431 3115 celi
2457 3051 2758 3114 conditor
2774 3052 2888 3134 qui
2911 3052 3088 3114 mix-

1977 3150 2048 3204 ta
2079 3159 2162 3204 ne
2192 3139 2671 3203 confunderent
2697 3161 2714 3204 t
2759 3160 2938 3222 aque
2969 3139 3091 3202 flu-

1890 3239 2046 3293 enta
2081 3228 2387 3292 dividens
2417 3228 2630 3292 celum
2651 3229 2896 3292 dedisti
2921 3228 3092 3291 limi-

1889 3326 2044 3382 tem.
2137 3319 2206 3380 F
2207 3319 2454 3380 irmans
2485 3317 2704 3381 locum
2736 3317 3090 3380 celestibus

1888 3405 2220 3488 simulque
2276 3414 2448 3469 terre
2507 3407 2728 3470 rivulis
2789 3416 2866 3471 ut
2911 3407 3093 3470 unda

1891 3494 2196 3559 flammas
2257 3503 2584 3578 temperet
2641 3505 2813 3558 terre
2865 3495 3086 3558 solum

1888 3603 1973 3647 ne
2063 3583 2404 3666 dissipent.
2520 3582 2811 3647 Infunde
2915 3603 3090 3648 nunc

1887 3671 2183 3755 piissime
2213 3673 2466 3736 donum
2519 3673 2827 3754 perennis
2875 3673 3088 3754 gratie

1887 3761 2138 3824 fraudis
2158 3781 2330 3824 nove
2361 3781 2446 3824 ne
2475 3760 2738 3824 casibus
2765 3781 2887 3824 nos
2907 3781 3085 3825 error

1890 3859 2136 3913 atterat
2167 3859 2372 3913 vetus,
2433 3850 2686 3912 Lucem
2709 3848 2878 3912 fides
2910 3849 3087 3913 inve·

1886 3939 2026 4001 niat
2072 3939 2162 4002 sic
2212 3938 2478 4001 luminis
2523 3938 2722 4019 jubar
2765 3936 2940 4002 ferat
2969 3936 3088 4001 hec

1884 4047 2058 4090 vana
2105 4036 2345 4091 cuncta
2403 4036 2646 4091 terreat
2697 4025 2872 4092 hanc
2924 4026 3087 4091 falsa

1987 4192 2007 4219 '
2047 4190 2176 4238 ‘Aa
2207 4189 2462 4239 Clamavi’
2485 4203 2625 4238 om.:
2661 4188 2796 4239 E.G.

1987 4257 2008 4287 ⁸
2045 4260 2060 4284 ⁴
2081 4256 2258 4305 Glcria
2280 4255 2436 4320 patri’
2461 4254 2562 4304 add
2590 4272 2603 4304 ε
2638 4255 2769 4305 E.G.

1984 4325 2007 4352 ⁹
2046 4328 2061 4350 ⁸
2079 4325 2184 4372 Aa.
2215 4322 2472 4371 Auxilium
2493 4321 2505 4344 ’
2527 4337 2628 4370 om.
2657 4338 2670 4370 ε
2705 4321 2840 4372 E.G.

1969 4389 2008 4486 i:
2035 4395 2125 4503 esG
2131 4388 2451 4520 ¹23:pfi.ric{.
2461 4403 2692 4504 ad‘dxixffii.
2703 4389 2766 4504 g.

1970 4523 2010 4553 ¹¹
2049 4523 2124 4570 ‘A
2155 4523 2375 4572 Domine
2399 4537 2461 4570 ne
2483 4521 2536 4570 in
2559 4519 2630 4570 ira
2653 4537 2806 4586 usque
2835 4521 2909 4571 ad
2939 4519 3086 4586 quad·

1882 4589 2175 4653 ragesimam
2193 4589 2206 4612 ’
2229 4589 2334 4637 add
2347 4603 2366 4636 .·
2405 4588 2462 4638 G.
