3375 5100
1330 358 1337 366 ·
1355 342 1458 397 IN
1505 339 1560 394 Τ
1552 339 1662 395 RA
1668 338 1885 394 NSLA
1899 337 2158 395 TIONE

1024 449 1153 504 179

504 579 715 642 nuper
733 567 963 622 natum
990 577 1004 620 :
1032 575 1151 620 nec
1172 556 1455 620 adorant
1478 574 1702 637 regern

506 658 664 712 ante
694 666 905 711 annos
938 644 1193 726 aliquot
1225 645 1622 708 ordinatum.

508 742 574 816 ff
619 736 885 798 Festum
974 731 1426 796 translationis
1496 731 1712 795 sancti

508 823 865 889 wilhelmi:
931 831 1176 902 semper
1238 820 1310 883 in
1382 819 1710 883 dominica

498 911 807 996 proxima
839 917 993 992 post
1038 909 1211 972 diem
1254 907 1587 990 epiphanie
1639 915 1716 969 ut

511 999 803 1080 confusio
853 998 1110 1060 dierum
1140 997 1545 1077 feriatorum
1597 995 1712 1058 tol-

507 1091 694 1152 latur
716 1109 741 1150 :
753 1085 1012 1168 placuit
1034 1084 1339 1148 celebrari
1356 1107 1380 1148 .·
1400 1093 1714 1164 tanquam

522 1176 760 1258 duplex
810 1184 875 1238 et
914 1172 1280 1256 principale
1350 1171 1472 1234 sed
1520 1180 1715 1252 prop-

522 1275 623 1329 ter
661 1271 920 1326 octavas
946 1259 1277 1343 epiphanie
1302 1259 1614 1324 dicuntur
1642 1259 1714 1322 in

507 1352 755 1436 primis
824 1349 1100 1430 vesperis
1156 1359 1349 1430 super
1404 1347 1710 1430 psalmos.

516 1450 622 1505 an'.
713 1439 899 1501 Ante
961 1436 1318 1501 luciferum.
1408 1445 1474 1498 et
1526 1445 1722 1499 cetere

519 1537 856 1611 sequentes.
891 1535 993 1608 ps.
1043 1525 1239 1588 Dixit
1270 1524 1595 1589 dominus.
1656 1532 1720 1586 et

527 1617 871 1697 incipietur
896 1613 992 1677 ad
1012 1613 1366 1696 capitulum
1396 1611 1476 1674 de
1500 1621 1718 1674 sancto

520 1705 839 1768 willelmo.
939 1700 1085 1784 Cap.
1179 1701 1355 1765 Ecce
1389 1701 1714 1763 sacerdos,

525 1794 638 1857 Re.
733 1790 927 1854 Plebs
1000 1790 1300 1853 occurrit.
1388 1789 1715 1869 Hymnus.

526 1883 665 1945 Iste
694 1879 1032 1943 consessor
1078 1877 1332 1941 domini
1377 1886 1717 1941 sacratus:

524 1969 781 2033 sobrius
829 1975 1065 2032 castus,
1134 1983 1181 2052 y
1225 1964 1505 2029 Amavit
1546 1985 1720 2028 eum.

523 2059 609 2122 In
654 2055 980 2138 evangelio
1030 2063 1137 2119 an.
1230 2054 1458 2117 Nostri
1512 2054 1721 2136 patris

525 2147 593 2209 in
644 2145 938 2209 misterio
973 2143 1143 2207 letas
1195 2141 1427 2206 laudes
1476 2141 1720 2205 ducet¹

526 2235 832 2299 devotio:
880 2233 1001 2296 celi
1025 2243 1249 2314 regem
1274 2231 1477 2294 lactet
1507 2230 1722 2294 oratio

527 2331 601 2386 ut
626 2323 986 2404 jungamur
1018 2322 1162 2404 ejus
1192 2319 1542 2384 consortie.
1620 2326 1723 2399 ps.

532 2409 947 2492 Magnificat.
1476 2406 1724 2470 Oratio.

541 2499 1044 2635 Omnipotens
1065 2504 1134 2560 et
1164 2493 1533 2559 misericors
1557 2495 1724 2558 deus

668 2588 782 2668 qui
844 2585 1111 2667 gloriosi
1175 2583 1569 2647 confessoris
1623 2584 1723 2646 tui

526 2683 729 2757 atque
774 2672 1105 2756 pontificis
1152 2670 1443 2734 willelmi
1484 2690 1724 2753 corpus

520 2764 589 2826 in
622 2764 759 2825 imo
793 2760 1200 2824 reconditum
1246 2760 1522 2841 dignum
1570 2759 1724 2823 sub-

526 2851 869 2914 limatione
930 2848 1353 2911 monstrasti:
1428 2849 1722 2913 concede

522 2939 723 3003 nobis
782 2936 1286 3001 translationem
1347 2934 1490 3017 ejus
1550 2937 1721 2999 cele-

520 3027 913 3092 brantibus:
961 3024 1047 3088 ab
1086 3025 1214 3088 hac
1253 3023 1426 3087 valle
1460 3024 1719 3088 miserie

518 3115 607 3179 ad
651 3114 919 3179 celestia
962 3132 1168 3196 regna
1219 3112 1551 3177 transferri
1598 3133 1718 3195 per

519 3204 884 3267 dominum.
930 3200 1353 3266 Memoriade
1378 3199 1716 3283 epiphania

518 3302 584 3355 et
612 3292 693 3355 de
734 3290 1001 3355 domina
1044 3294 1111 3353 et
1146 3289 1227 3353 de
1251 3288 1427 3370 sesto
1474 3288 1563 3371 iij
1598 3288 1713 3353 lec-

519 3382 771 3445 tionum
797 3379 866 3443 si
890 3377 1180 3443 evenerit.

605 3469 733 3534 Ad
798 3467 1163 3532 matutinas
1236 3464 1711 3531 invitatorium.

518 3558 775 3624 Omnes
836 3558 1037 3621 deum
1098 3554 1467 3619 adoremus,
1577 3554 1714 3637 Qui

512 3647 908 3711 translatum
940 3646 1083 3730 jam
1128 3643 1430 3709 videmus
1475 3656 1720 3725 corpus

523 3738 728 3801 nostri
848 3734 1141 3818 presulis,
1260 3736 1363 3815 ps‘.
1454 3732 1716 3797 Venite:

622 3933 636 3964 ¹
670 3932 805 3981 dicat
831 3950 845 3980 ε
879 3930 940 3979 Ε.
1002 3930 1189 3981 dictet:
1224 3931 1380 3981 G.W.

620 4000 641 4028 ²
678 4002 693 4026 ⁴
715 3998 783 4046 Ut
817 4003 971 4060 supra
1005 4004 1113 4047 ant.
1169 3998 1237 4047 ὁ*
1280 3998 1389 4047 Res.
1437 4002 1493 4045 ut
1528 3998 1587 4045 in
1620 3998 1723 4046 alio

520 4064 634 4113 sisto
650 4063 664 4085 ’
687 4078 780 4111 om.
807 4079 825 4111 :
862 4062 929 4111 E.
943 4061 1001 4111 G.
1018 4064 1094 4112 W.
1164 4070 1211 4111 et
1241 4063 1298 4111 in
1320 4079 1487 4111 eorum
1508 4064 1613 4112 vice
1632 4064 1720 4113 ad·

515 4130 659 4187 dunt,
692 4133 706 4156 ‘
720 4129 786 4177 In
799 4128 963 4191 primo
984 4134 1221 4177 nocturno
1250 4135 1335 4178 an.
1428 4128 1581 4178 Ortus
1603 4129 1724 4178 clari

518 4194 753 4261 germinis
771 4193 903 4242 hunc
920 4194 1201 4242 nobilitavit
1216 4201 1264 4242 et
1290 4195 1470 4243 mentis
1487 4195 1723 4244 nobilitas

518 4276 675 4329 genus
698 4258 986 4324 geminavit.
1038 4264 1118 4323 ps.
1164 4260 1346 4309 Beatus
1376 4260 1467 4309 vir.
1506 4262 1612 4309 Aa.
1656 4260 1721 4309 In

516 4327 725 4393 agendis
742 4334 973 4388 ,strenuus
998 4324 1127 4375 fidus
1146 4325 1197 4374 in
1216 4326 1491 4375 commissis
1518 4326 1581 4375 ad
1600 4342 1716 4375 cen·

514 4409 681 4445 suram
728 4392 915 4457 rigidus
952 4390 1121 4441 firmus
1164 4392 1218 4439 in
1276 4391 1543 4455 promissis.
1629 4396 1709 4456 pff.

514 4462 683 4525 Quare
706 4458 1022 4509 fremuerunt.
1086 4459 1191 4507 Ar‘e.
1216 4457 1356 4506 Mitis
1379 4458 1435 4507 in
1457 4458 1718 4508 consortiis

512 4529 567 4577 in
603 4525 801 4592 loquela
838 4540 974 4574 rarus
1014 4523 1065 4573 in
1106 4524 1356 4589 responsis
1377 4522 1625 4588 'providus
1662 4524 1714 4572 in

2338 444 2484 502 180

1815 553 2143 634 Hymnus.
2265 553 2404 616 Iste
2479 549 2859 617 consessor:
2933 562 3010 615 ut

1801 652 2002 724 supra
2058 639 2405 722 antiphone
2475 650 2539 704 et
2582 640 3008 723 Responsoria

1809 740 1884 793 ut
1913 729 1982 792 in
2014 729 2147 792 alio
2158 728 2382 809 sesto,²
2722 729 2935 793 Lectio
2943 729 3006 812 j.

1943 818 2218 881 loriosus
2267 817 2544 881 antistes
2592 817 3010 882 eboracensis

1945 904 2287 969 willelmus
2319 915 2676 988 postquam
2697 907 3008 988 migravit

1812 1015 1853 1058 a
1885 993 2108 1058 seculo
2163 992 2390 1056 multis
2435 1015 2513 1057 ac
2560 995 2821 1076 magnis
2851 993 3011 1056 cho-

1813 1081 2132 1145 rustavit³
2193 1081 2544 1145 miraculis,
2657 1081 2861 1146 Unde
2937 1091 3005 1146 et

1812 1172 2080 1235 decreto
2133 1170 2373 1232 summi
2421 1168 2753 1252 pontificis
2784 1178 2852 1234 et
2884 1169 3010 1233 fra-

1811 1268 1988 1321 trum
2051 1275 2372 1321 assensu:
2406 1257 2764 1340 cathologo
2823 1278 3012 1322 sanc-

1810 1355 2031 1410 torum
2057 1347 2378 1428 ascriptus
2409 1355 2526 1410 est.
2621 1346 2784 1410 Dies
2807 1346 3009 1410 etiam

1813 1435 2036 1499 obitus
2118 1435 2218 1497 sui
2296 1435 2361 1498 in
2442 1443 2587 1498 tota
2647 1435 3014 1517 pronuncia

1815 1522 2126 1586 eborum⁴
2159 1543 2200 1586 a
2219 1524 2472 1588 cunctis
2504 1523 2810 1587 fidelibus
2843 1524 3012 1587 cele-

1814 1611 2096 1674 berrime
2137 1621 2239 1675 est
2284 1612 2672 1676 custoditus,
2762 1612 3013 1676 Verum

1814 1699 1969 1763 licet
2001 1720 2042 1762 a
2065 1699 2238 1763 clero
2271 1707 2336 1763 et
2379 1701 2628 1782 populo
2659 1699 2754 1763 ita
2773 1698 3014 1782 glorio-

1817 1809 1928 1851 sus
1987 1786 2400 1852 habebatur:
2470 1787 2596 1852 hoc
2648 1796 2877 1852 tamen
2927 1788 3014 1851 ad

1818 1875 2158 1940 cumulum
2190 1876 2398 1958 glorie
2446 1885 2514 1939 et
2563 1876 2779 1939 laudis
2809 1876 3016 1959 ipsius

1819 1965 2030 2027 sancti
2092 1964 2324 2027 deesse
2382 1964 2768 2028 videbatur:
2833 1964 3015 2046 quod

1821 2051 2311 2117 sanctissimum
2333 2072 2572 2134 corpus
2591 2053 2736 2136 ejus
2767 2051 2856 2116 de
2878 2072 3014 2134 quo

1821 2161 1940 2223 per
1984 2141 2223 2221 lapidis
2253 2140 2570 2205 duriciem
2616 2140 2838 2205 oleum
2893 2141 3017 2204 fre-

1821 2229 2135 2311 quentius
2167 2229 2559 2294 resudabat:
2603 2230 2670 2292 in
2724 2249 2888 2311 ymo
2917 2239 3016 2292 te-

1823 2317 2106 2381 nebatur
2128 2317 2501 2381 inclusum.1⁵
2699 2317 2918 2381 Lectio
2945 2317 3016 2400 ij.

1841 2406 2137 2542 Unde
2167 2404 2255 2468 ad
2287 2405 2503 2469 laudis
2523 2413 2590 2470 et
2620 2405 2829 2488 glorie
2859 2425 3019 2470 con-

1996 2494 2510 2558 summationem
2535 2517 2550 2560 :
2581 2494 2788 2577 ipsius
2807 2493 3018 2559 sancti

1822 2603 2058 2666 corpus
2081 2582 2426 2647 translatio
2444 2604 2484 2647 a
2507 2582 2776 2666 prelatis
2788 2584 3018 2647 ebora-

1821 2672 2034 2735 censis
2082 2672 2355 2735 ecclesie
2402 2672 2730 2737 desiderio
2760 2671 3020 2736 ardenti

1822 2760 2273 2823 affectabatur.
2373 2760 2474 2824 At
2493 2760 2606 2824 ubi
2630 2761 2812 2824 venit
2833 2760 3019 2843 plen-

1819 2848 2011 2911 itudo
2049 2848 2372 2931 temporis
2425 2870 2562 2931 quo
2593 2848 2758 2911 deus
2795 2848 2862 2912 in
2917 2848 3018 2912 sui

1819 2938 2055 2999 secreti
2088 2937 2279 3000 sinu:
2329 2946 2636 3001 sanctum
2671 2957 2863 2999 suum
2903 2936 3020 2999 de-

1817 3023 2527 3089 creverat'sublim‘ari:
2575 3026 2789 3088 erexit
2829 3026 2896 3087 in
2918 3045 3018 3087 ar-

1813 3112 2258 3195 chipresulem
2318 3112 2790 3176 eboracensem
2849 3105 3011 3176 'ven-

1813 3200 2130 3265 erabilem
2177 3210 2441 3284 patrem
2477 3202 2869 3265 willelmum
2903 3202 3019 3283 qui

1805 3290 1987 3373 prius
2000 3303 2120 3372 per
2143 3290 2353 3353 multa
2374 3299 2679 3373 tempora
2698 3291 2763 3352 in
2788 3290 3023 3353 eadem

1808 3377 2085 3442 ecclesia
2130 3378 2520 3442 cancellarie
2596 3378 2814 3442 officio
2876 3377 3022 3441 sun-

1806 3466 2127 3549 gebatur:
2158 3466 2344 3550 cujus
2365 3466 2726 3530 ministerio
2755 3466 3024 3548 gloriosi

1811 3554 2205 3619 confessoris
2265 3555 2365 3617 sui
2437 3556 2726 3638 corporis
2809 3565 3022 3619 trans-

1811 3642 2128 3707 lationem
2149 3644 2688 3726 preordinaverat
2714 3663 3020 3707 consum-

1810 3732 2022 3796 mari.⁶
2673 3731 2896 3795 Lectio
2919 3731 3022 3813 iij.

1821 3932 1971 3980 sensu
2003 3928 2264 3997 preclarus
2326 3932 2411 3995 ps'.
2441 3931 2662 3981 Domine
2696 3930 2816 3996 quid
2856 3930 3022 3979 multi-

1823 3998 2012 4062 plicati.
2085 3987 2138 4063 Ῠ
2174 3998 2380 4048 Amavit
2403 3998 2556 4049 eum!

1923 4066 1943 4095 ⁸
1975 4064 2322 4114 choruscavit:
2363 4065 2422 4113 E.
2433 4066 2520 4114 W.-
2589 4063 2865 4113 coruscavit
2891 4080 2904 4111 :
2929 4062 2994 4112 G.

1926 4131 1945 4161 ⁴
1978 4129 2262 4194 provincia:
2300 4130 2359 4181 E.
2369 4131 2524 4195 ί(ΜΝ.
2598 4129 2917 4179 eboracensi:
2953 4130 3016 4177 G.

1924 4199 1944 4227 ⁸
1976 4198 2062 4247 Re.
2103 4194 2395 4247 Voluntatis
2436 4198 2620 4246 trutina
2644 4212 2745 4245 non
2771 4195 2895 4259 legis
2918 4210 3022 4244 cas-

1822 4269 1957 4311 satus
1991 4262 2167 4311 Virum
2192 4278 2376 4312 novum
2401 4263 2562 4312 induit
2586 4262 2762 4312 celitus
2783 4268 3018 4310 mutatuS.

1822 4317 1873 4393 Ῡ
1911 4328 2196 4391 Juventutis
2237 4329 2414 4393 januas
2459 4330 2648 4379 claudit
2694 4327 2908 4377 cassatio
2953 4327 3024 4376 sic

1817 4393 2005 4443 malum
2051 4395 2216 4459 sepius
2261 4396 2380 4445 boni
2425 4396 2481 4445 fit
2538 4395 2749 4445 occasio·
2845 4393 3023 4442 Virum

1817 4475 2019 4510 novum.
2091 4461 2242 4511 Add:
2278 4462 2504 4512 E.G.W.

1915 4530 1937 4555 ⁶
1969 4528 2053 4577 Re.
2091 4526 2187 4575 Vir·
2201 4527 2265 4577 ad
2289 4528 2364 4577 sui
2379 4527 2591 4592 gloriam
2607 4527 2734 4577 redit
2761 4524 3015 4591 inglorius.
