3375 5100
1211 357 1315 414 IN
1355 355 1685 414 SEPTUA
1698 356 2038 414 GESJMA.

894 464 1049 522 288

350 579 543 634 erant
571 569 769 634 valde
802 570 993 635 bona.
1092 573 1181 636 Et
1214 573 1553 655 requievit.

353 659 585 724 Gloria
614 659 805 742 patri.
900 661 992 723 Et
1038 661 1375 743 requievit.

350 749 437 810 In
483 749 552 829 ij.
576 757 885 810 nocturno
905 757 1009 810 aii.
1060 749 1417 812 Bonorum.
1447 757 1550 829 pJ.

354 836 695 901 Conserva
720 856 827 898 me
848 835 1117 899 domine
1135 846 1243 900 etc.
1308 853 1353 922 y
1408 837 1553 900 Me-

352 925 465 987 dia
498 933 713 987 nocte.

356 1012 587 1076 Sermo
664 1011 835 1074 beati
895 1012 1244 1094 augustini
1325 1012 1551 1094 episco-

333 1100 435 1181 pi.
1184 1100 1398 1163 Lectio
1429 1100 1551 1182 iiij.

370 1189 675 1318 Tanta
728 1187 1019 1270 dignitas
1071 1187 1359 1251 humane
1396 1209 1553 1251 con-

516 1276 789 1338 ditionis
821 1296 963 1339 esse
1012 1277 1251 1339 scitur:
1296 1286 1369 1339 ut
1418 1297 1549 1339 non

346 1365 491 1426 solo
548 1363 845 1443 jubentis
908 1383 1251 1428 sermone:
1300 1372 1375 1427 ut
1421 1365 1552 1427 alia

345 1473 471 1514 sex
501 1452 758 1514 dierum
791 1472 1007 1533 opera.
1058 1451 1235 1517 Sed¹
1270 1453 1549 1516 concilio

344 1548 577 1602 sancte
598 1540 909 1603 trinitatis
934 1548 1001 1604 et
1022 1560 1219 1623 opere
1241 1540 1372 1620 maj
1380 1549 1550 1603 esta-

347 1629 433 1690 tis
465 1629 687 1690 divine
719 1638 979 1691 creatus
1027 1638 1129 1691 est
1177 1628 1426 1691 homo:
1476 1637 1551 1692 ut

343 1736 437 1778 ex
472 1717 681 1796 prime
711 1717 1107 1779 conditionis
1154 1716 1403 1780 honore
1451 1717 1549 1779 in-

348 1801 682 1885 telligeret
712 1814 1037 1886 quantum
1070 1825 1191 1867 suo
1224 1806 1547 1868 conditori

345 1891 663 1956 deberet:
709 1894 872 1955 dum
927 1902 1189 1955 tantum
1222 1894 1289 1954 in
1322 1894 1547 1956 condi-

344 1980 528 2043 tione
563 2001 723 2042 mox
753 1981 1099 2062 dignitatis
1129 1980 1547 2063 privilegium

342 2068 632 2150 prestitit
693 2069 752 2131 ei
816 2069 1161 2133 conditor:
1224 2077 1296 2131 ut
1356 2078 1547 2132 tanto

343 2157 685 2218 ardentius
768 2166 1023 2218 amaret
1088 2157 1547 2220 conditorem:

344 2253 599 2325 quanto
634 2244 996 2307 mirabilius
1044 2266 1115 2308 se
1160 2244 1247 2307 ab
1279 2266 1360 2308 eo
1389 2265 1546 2307 con-

342 2331 561 2394 ditum
599 2331 1027 2413 ‘intelligeret
1117 2333 1232 2396 Re.
1268 2333 1538 2396 Forma-

340 2421 439 2482 vit
492 2420 693 2501 igitur
740 2421 1055 2483 dominus
1087 2419 1427 2483 hominem
1460 2421 1545 2483 de

344 2507 507 2571 limo
539 2517 725 2572 terre.
820 2509 912 2571 Et
946 2510 1287 2591 inspiravit
1334 2511 1400 2572 in
1448 2509 1544 2573 sa-

340 2597 513 2659 ciem
576 2598 719 2677 ejus
778 2598 1177 2679 spiraculum
1239 2599 1411 2662 vite:
1477 2607 1545 2661 et

344 2684 561 2747 sactus
592 2694 693 2748 est
739 2684 941 2747 homo
987 2686 1053 2748 in
1108 2687 1399 2749 animam
1448 2688 1544 2750 vi-

336 2781 624 2836 ventem.
744 2791 791 2859 y
863 2775 943 2836 In
1006 2774 1328 2855 principio
1388 2773 1543 2838 fecit

336 2862 505 2924 deus
536 2861 751 2925 celum
802 2870 871 2924 et
912 2870 1154 2925 terram
1188 2871 1255 2925 et
1287 2864 1534 2926 creavit

338 2949 407 3011 in
483 2970 564 3012 ea
639 2948 997 3012 hominem.
1098 2950 1190 3013 Et
1264 2950 1542 3033 inspira-

337 3036 449 3100 vit.
1233 3037 1451 3101 Lectio
1482 3060 1541 3103 v.

333 3125 785 3257 Faciamus
818 3126 1032 3207 inquit
1063 3124 1404 3190 hominem
1453 3127 1539 3190 ad

491 3214 853 3295 imaginem
909 3224 976 3277 et
1036 3213 1538 3278 similitudinem

334 3310 651 3365 nostram.
775 3301 918 3365 Nec
981 3303 1070 3364 ob
1131 3300 1258 3365 hoc
1324 3304 1541 3367 solum

333 3390 515 3470 quod
548 3398 775 3453 sancte
808 3390 1120 3453 trinitatis
1145 3390 1421 3453 consilio
1446 3392 1539 3455 sic

330 3478 424 3541 ab
476 3477 872 3541 excellentia
920 3479 1279 3541 conditoris
1314 3480 1539 3543 condi-

331 3573 443 3627 tus
476 3574 577 3628 est
606 3588 619 3630 :
654 3568 771 3629 sed
804 3566 1008 3629 etiam
1042 3569 1221 3648 quod
1256 3568 1341 3630 ad
1376 3569 1539 3631 ima-

328 3653 556 3735 ginem
618 3664 687 3718 et
746 3654 1248 3718 similitudinem
1302 3675 1535 3719 suam:

334 3742 481 3823 ipse
512 3753 771 3806 creator
802 3745 1099 3806 omnium
1151 3764 1305 3807 eum
1358 3765 1539 3807 crea-

330 3831 471 3893 vit:
520 3832 699 3912 quod
750 3831 912 3894 nulli
962 3832 1071 3894 alii
1104 3852 1190 3894 ex
1222 3834 1541 3895 creaturis

327 3918 623 3983 donavit.
670 3920 787 3982 Re.
820 3919 1007 3983 Tulit
1038 3940 1196 4001 ergo
1228 3921 1537 3983 dominus

325 4006 669 4071 hominem
704 4018 771 4071 et
807 4009 1027 4089 posuit
1060 4028 1212 4071 eum
1247 4010 1313 4071 in
1348 4029 1537 4090 para-

328 4094 550 4157 disum
584 4096 966 4178 voluptatiS.
1023 4098 1121 4161 Ut
1153 4106 1537 4179 operaretur

325 4190 395 4244 et
458 4184 824 4247 custodiret
872 4185 1078 4248 illum.
1170 4202 1216 4270 γ
1266 4184 1531 4247 Planta-

322 4280 515 4333 verat
548 4281 773 4333 autem
802 4272 1111 4336 dominus
1144 4275 1309 4336 deus
1340 4294 1531 4355 para-

320 4358 543 4421 disum
576 4358 942 4442 voluptatis
992 4382 1033 4425 a
1084 4363 1409 4444 principio
1464 4362 1531 4423 in

2172 465 2323 520 234

1653 591 1789 654 quo
1822 575 2044 654 posuit
2088 570 2429 634 hominem
2474 591 2676 653 quem
2725 571 2854 634 for-

1654 669 1966 724 maverat.
2035 661 2132 725 Ut
2157 668 2552 742 operaretur.
2601 660 2737 723 Lec.
2765 661 2854 742 ‘²37⁶-

1663 747 1873 914 Que
1962 749 2186 830 imago
2273 747 2655 828 diligentius
2734 768 2854 810 ex-

1789 837 2042 899 terioris
2135 837 2422 899 hominis
2503 836 2854 898 nobilitate

1650 933 1754 987 est
1815 924 2149 988 intuenda.
2247 925 2466 987 Primo
2519 923 2850 1005 siquidem

1649 1020 1724 1075 ut
1757 1013 2158 1090 sicuti‘deus
2201 1032 2370 1075 unus
2417 1031 2680 1093 semper
2711 1013 2855 1074 ubi-

1649 1120 1782 1182 que
1813 1109 1994 1164 totus
2025 1109 2126 1163 est
2155 1120 2168 1162 :
2215 1101 2442 1163 omnia
2471 1099 2850 1163 vivificans:

1651 1207 1926 1252 movens
2013 1198 2082 1252 et
2155 1188 2532 1269 gubernans
2579 1210 2592 1251 :
2683 1188 2855 1251 sicut

1648 1277 1992 1357 apostolus
2023 1276 2410 1340 confirmat:
2459 1277 2636 1358 quod
2672 1276 2738 1338 in
2771 1295 2852 1339 eo

1645 1365 1970 1427 vivimus:
2037 1385 2381 1428 movemur
2438 1372 2508 1426 et
2579 1383 2852 1428 sumus:

1647 1454 1742 1515 sic
1774 1466 1842 1516 et
1873 1454 2098 1516 anima
2129 1455 2194 1516 in
2231 1473 2352 1516 suo
2399 1473 2673 1534 corpore
2705 1453 2850 1515 ubi-

1648 1560 1782 1622 que
1814 1549 1957 1604 tota
1988 1543 2196 1624 viget:
2228 1551 2298 1604 et
2318 1541 2654 1604 vivificans
2685 1540 2849 1603 illud

1646 1648 1924 1693 movens
1956 1639 2022 1692 et
2053 1630 2447 1711 gubernans
2506 1630 2620 1692 Re.
2657 1629 2848 1691 Plari-

1647 1726 1904 1781 taverat
1982 1729 2206 1782 autem
2284 1717 2595 1779 dominus
2684 1715 2850 1780 deus

1646 1806 2028 1887 paradisum
2059 1806 2423 1887 voluptatis
2442 1826 2482 1867 a
2507 1804 2847 1887 principio,

1648 1894 1729 1955 In
1792 1914 1925 1974 quo
1989 1896 2210 1974 posuit
2259 1892 2598 1955 hominem
2647 1913 2846 1975 quem

1643 1979 2062 2044 formaverat.
2153 1999 2201 2066 γ
2249 1982 2674 2044 Plantaverat
2729 2001 2844 2044 au-

1643 2077 1782 2132 tem
1837 2068 2148 2131 dominus
2197 2069 2361 2131 deus
2416 2068 2667 2149 lignum
2702 2069 2846 2149 pul-

1642 2155 1873 2219 chrum
1936 2159 2118 2219 visu:
2165 2166 2233 2219 et
2294 2157 2379 2220 ad
2441 2157 2844 2219 vescendum

1643 2263 1885 2308 suave:
1964 2245 2216 2326 lignum
2278 2246 2480 2307 etiarn
2566 2245 2700 2306 vite
2776 2245 2842 2306 in

1644 2333 1869 2395 medio
1901 2333 2206 2415 paradisi.
2281 2333 2378 2396 In.
2443 2329 2690 2395 Gloria.
2742 2332 2843 2395 In.

1641 2421 1726 2483 In
1757 2421 1846 2502 iij
1869 2421 2188 2483 ‘nocturno
2217 2429 2321 2483 αῆ.
2373 2419 2528 2482 Non
2559 2428 2714 2482 sunt
2748 2419 2842 2482 lo-

1643 2509 1855 2592 quele.
1935 2518 2033 2591 pf.
2085 2509 2226 2574 Celi
2261 2517 2586 2573 enarrant.
2617 2517 2722 2573 etc.
2798 2525 2843 2595 y

1643 2597 1966 2662 Exaltare
1997 2598 2283 2661 domine.
2468 2597 2601 2661 Sec.
2637 2597 2841 2661 Matt.

1638 2689 1738 2817 l
1743 2706 1784 2748 n
1834 2686 1948 2749 illo
1997 2696 2339 2770 tempore:
2389 2686 2587 2749 Dixit
2647 2686 2841 2768 Jesus

1739 2775 2080 2857 discipulis
2196 2775 2331 2838 suis
2450 2774 2838 2857 parabolam

1637 2861 1852 2927 hanc:
1902 2862 2136 2928 Simile
2189 2873 2292 2927 est
2341 2882 2617 2944 regnum
2669 2862 2841 2927 celo-

1639 2970 1786 3013 rum
1847 2950 2102 3014 homini
2163 2951 2663 3033 patrifamilias:
2726 2951 2862 3033 qui.

1640 3040 1810 3103 exiit
1833 3040 2050 3122 primo
2075 3058 2272 3103 mane
2295 3039 2662 3103 conducere
2685 3060 2843 3121 ope—

1640 3128 1844 3190 rarios
1864 3129 1932 3191 in
1944 3128 2205 3192 vineam
2219 3148 2425 3191 suam.
2463 3129 2557 3192 Et
2569 3127 2838 3210 reliqua.

1644 3216 1898 3280 Omelia
1907 3216 2080 3279 beati
2081 3216 2378 3298 gregorii
2379 3225 2557 3296 pape.
2578 3216 2715 3277 Lec.
2726 3216 2840 3297 vij.

1791 3304 2236 3368 atrisfamilias
2331 3303 2836 3366 similitudinem

1790 3391 2022 3455 fratres
2055 3412 2252 3455 nemo
2283 3389 2452 3453 alius
2483 3398 2668 3453 tenet
2714 3390 2836 3451 nisi

1638 3479 2019 3561 redemptor
2038 3490 2298 3543 noster:
2332 3478 2446 3559 qui
2469 3478 2637 3557 regit
2668 3498 2837 3559 quos

1636 3568 1936 3631 condidit
1969 3576 2035 3630 et
2065 3567 2312 3630 electos
2345 3586 2498 3628 suos
2541 3566 2633 3627 sic
2683 3585 2836 3645 pos-

1636 3656 1810 3718 sidet
1857 3657 1922 3718 in
1977 3654 2100 3717 hoc
2158 3654 2408 3716 mundo
2461 3653 2650 3734 quasi
2681 3653 2835 3715 sub-

1632 3743 1845 3823 jectos
1896 3743 2204 3806 dominus
2258 3742 2323 3803 in
2386 3740 2606 3803 dom0.
2701 3740 2835 3821 Qui

1636 3832 1839 3895 habet
1869 3832 2133 3893 vineam
2167 3830 2540 3891 universam
2585 3828 2838 3892 scilicet

1636 3920 1982 3983 ecclesiam
2002 3940 2134 4002 que
2153 3918 2240 3981 ab
2261 3916 2408 3980 abel
2424 3916 2606 3998 justo
2627 3938 2836 3999 usque

1636 4009 1721 4071 ad
1758 4009 2064 4071 ultimum
2098 4007 2382 4070 electum
2432 4006 2545 4088 qui
2596 4006 2659 4067 in
2704 4005 2836 4069 fine

1637 4096 1868 4159 mundi
1895 4096 2262 4159 nasciturus
2284 4104 2422 4157 est:
2454 4103 2618 4177 quot
2649 4115 2837 4158 sanc-

1636 4194 1744 4247 tos
1775 4184 2091 4267 protulit:
2140 4185 2327 4266 quasi
2375 4192 2478 4245 tot
2526 4182 2838 4265 palmites

1636 4273 1832 4336 misit.
1925 4272 2037 4335 Re.
2103 4272 2300 4335 Dixit
2375 4272 2688 4335 dominus
2749 4271 2835 4334 ad

1636 4362 1874 4424 adam:
1921 4362 2008 4425 de
2038 4359 2220 4443 ligno
2252 4361 2431 4443 quod
2466 4368 2568 4424 est
2601 4361 2664 4421 in
2700 4379 2837 4421 me-

1374 4533 1387 4563 ¹
1431 4532 1538 4581 ‘et'
1565 4532 1685 4581 add:
1712 4532 1775 4581 G.
