3375 5100
1117 241 1536 300 DOMINICA
1589 242 1983 300 SECUNDA
2040 240 2451 298 OCTOBRIS.

1057 350 1218 408 608

521 454 886 539 gloriantur
915 455 980 520 in
1003 456 1245 523 virtute
1261 473 1420 521 sua:
1453 464 1722 521 contere

524 545 974 609 fortitudinem
1007 546 1268 610 illorum
1299 546 1606 609 domine:
1651 553 1722 609 et

524 634 828 717 disperge
880 634 1043 699 illos,
1167 635 1266 701 Ut
1317 642 1723 717 cognoscant

523 724 683 803 quia
732 742 864 785 non
914 732 1018 787 est
1071 720 1238 786 alius
1305 723 1419 805 qui
1468 730 1723 806 pugnet

525 830 648 892 pro
679 811 868 874 nobis
893 811 1015 874 nisi
1062 819 1134 875 tu
1180 811 1346 875 deus
1391 820 1628 874 noster.
1673 827 1723 896 γ

529 898 854 982 Disperge
886 899 1030 963 illos
1075 900 1143 963 in
1188 901 1430 963 virtute
1456 908 1606 963 tua:
1651 908 1723 961 et

524 987 792 1050 destrue
878 1007 993 1051 eos
1080 995 1414 1070 protector
1501 994 1725 1050 noster

525 1075 813 1139 domine.
862 1076 962 1142 Ut
1008 1083 1427 1159 cognoscant.
1459 1074 1542 1138 ix.
1592 1074 1721 1138 Re·-

523 1163 1015 1244 sponsoriumde
1030 1163 1340 1227 trinitate.
1361 1172 1462 1245 plr'.
1495 1164 1595 1227 Te
1607 1162 1723 1227 de·-

524 1272 638 1314 um
655 1250 1019 1316 laudamus,
1051 1269 1098 1339 y
1121 1252 1463 1316 Excelsus.
1473 1252 1558 1314 In
1576 1252 1723 1314 lau-

525 1339 830 1404 dibusari.
869 1341 1218 1423 Regnavit.
1253 1349 1357 1421 pf.
1390 1339 1721 1405 Dominus

529 1428 844 1510 regnavit.
874 1439 981 1493 etc.
1013 1438 1090 1492 ut
1117 1428 1186 1492 in
1201 1428 1532 1511 psalterio.

527 1520 592 1594 {I
637 1516 984 1580 Dominica
1014 1518 1083 1602 ij.
1435 1516 1650 1580 Lectio
1657 1515 1723 1599 j.

525 1608 624 1737 l
647 1625 689 1666 n
739 1604 972 1669 diebus
1005 1606 1132 1669 illis
1189 1606 1476 1669 surrexit
1509 1614 1721 1669 mata-

647 1693 844 1757 thias¹
860 1692 1034 1758 filius
1038 1693 1351 1777 johannis
1372 1692 1488 1757 filii
1502 1713 1722 1775 syme-

529 1782 714 1845 onis²
743 1783 1052 1847 sacerdos
1075 1803 1164 1847 ex
1196 1781 1344 1845 filiis
1363 1782 1602 1864 joarim
1633 1783 1720 1846 ab

528 1867 920 1935 hierusalem
951 1892 966 1935 :
998 1880 1066 1934 et
1082 1870 1382 1934 consedit
1404 1871 1470 1933 in
1493 1879 1723 1934 monte

530 1958 777 2023 modin.
873 1960 965 2024 Et
993 1958 1284 2025 habebat
1329 1958 1498 2022 filios
1529 1959 1722 2041 quin-

526 2067 696 2128 que:
765 2045 1128 2130 johannem
1149 2046 1262 2130 qui
1294 2048 1721 2129 cognomina-

530 2134 727 2198 batur
747 2135 1019 2217 gaddis:
1049 2146 1117 2200 et
1147 2136 1576 2217 symeonem³
1605 2134 1720 2218 qui

525 2225 1121 2305 cognominabatur
1147 2222 1360 2288 thasi:
1392 2233 1460 2288 et
1484 2224 1719 2305 judam

523 2312 636 2393 qui
670 2313 1262 2394 cognominabatur
1289 2310 1723 2377 machabeus:

523 2410 593 2464 et
629 2400 996 2464 eleazarum
1046 2401 1159 2483 qui
1205 2400 1725 2483 cognominaba-

527 2496 636 2553 tur
681 2488 951 2554 abaron:
989 2499 1058 2555 et
1081 2488 1409 2573 jonathan
1431 2489 1543 2572 qui
1567 2507 1725 2572 cog-

529 2579 994 2643 nominabatur
1028 2578 1331 2661 apphu5.⁴
1424 2579 1518 2641 Hi
1541 2579 1725 2642 vide-

531 2675 685 2729 runt
727 2666 906 2730 mala
934 2686 1066 2749 que
1095 2665 1346 2731 fiebant
1375 2667 1441 2731 in
1473 2667 1725 2750 populo

524 2752 692 2836 juda
735 2764 802 2818 et
832 2753 1243 2819 hierusalem.
1406 2754 1619 2819 Lectio
1648 2756 1723 2839 ij.

525 2844 706 2974 Et
750 2842 925 2906 dixit
956 2843 1364 2908 Matathias:
1408 2845 1513 2910 Ve
1543 2844 1723 2909 mihi.

682 2930 781 2996 Ut
839 2931 999 3013 quid
1049 2941 1244 2996 natus
1294 2952 1442 2996 sum
1499 2932 1726 2997 videre

525 3019 990 3083 contritionem
1021 3021 1250 3103 populi
1277 3021 1445 3084 mei:
1476 3029 1545 3084 et
1567 3041 1724 3086 con-

529 3107 865 3171 tritionem
896 3109 1183 3173 civitatis
1213 3118 1478 3174 sancte:
1525 3118 1593 3174 et
1622 3129 1724 3173 se-

527 3196 684 3260 dere
729 3196 863 3260 illic
921 3217 1073 3261 curn
1121 3197 1318 3261 datur
1359 3199 1426 3261 in
1489 3218 1725 3262 manus

527 3285 959 3350 inimicorum.
1081 3285 1333 3350 Sancta
1391 3287 1460 3351 in
1523 3307 1722 3350 manu

525 3383 990 3438 extraneorum
1061 3373 1239 3438 facta
1284 3384 1482 3440 sunt:
1556 3384 1726 3439 tem-

529 3464 716 3545 plum
748 3465 890 3545 ejus
921 3464 1090 3526 sicut
1134 3463 1339 3527 homo
1370 3463 1678 3546 ignobilis
1709 3486 1724 3529 :

513 3571 690 3615 vasa
717 3551 925 3635 glorie
954 3552 1098 3635 ejus
1143 3553 1408 3635 captiva
1437 3551 1727 3617 abducta

528 3661 603 3704 su
611 3648 700 3704 nt.
1382 3639 1600 3704 Lectio
1628 3641 1728 3725 iij.

550 3728 976 3861 Trucidati
1027 3737 1182 3792 sunt
1230 3749 1420 3794 senes
1469 3729 1612 3811 ejus
1659 3731 1730 3795 in

696 3817 976 3900 plateis:
1023 3828 1092 3883 et
1145 3817 1420 3899 juvenes
1451 3818 1594 3899 ejus
1619 3839 1728 3884 ce-

528 3905 831 3969 ciderunt
882 3906 948 3969 in
1007 3906 1234 3988 gladio
1293 3907 1727 3972 inimicorum.

531 3993 684 4076 Que
728 4013 889 4075 gens
950 4015 1083 4058 non
1137 3995 1531 4060 hereditavit
1589 4017 1734 4079 reg-

535 4102 692 4145 num
725 4083 866 4163 ejus
895 4105 908 4146 :
941 4092 1009 4146 et
1039 4104 1172 4147 non
1203 4084 1491 4148 obtinuit
1521 4084 1735 4171 spolia

535 4170 693 4252 ejus,
836 4171 1074 4236 Omnis
1132 4173 1532 4255 compositio
1591 4174 1733 4256 ejus

533 4259 762 4323 ablata
835 4271 952 4326 est.
1044 4259 1195 4343 Que
1261 4271 1404 4326 erat
1481 4261 1730 4328 libera:

734 4401 747 4432 ¹
783 4401 1106 4452 mathathias:
1143 4402 1208 4452 N.

1063 4471 1080 4500 ⁴
1114 4471 1309 4535 aphus:
1347 4469 1410 4520 N.

1643 4405 1664 4435 ²
1698 4405 1916 4470 symonis
1943 4423 1954 4454 :
1989 4404 2055 4453 N.

2332 348 2487 404 604

1818 454 1995 521 sacta
2022 464 2125 520 est
2154 455 2408 521 ancilla.
2487 454 2579 520 Et
2608 474 2759 519 ecce
2790 462 3027 519 sancta

1822 554 2047 608 nostra
2078 553 2147 609 et
2196 544 2619 628 pulchritudo
2668 552 2896 608 nostra
2946 552 3018 608 et

1820 634 2084 697 claritas
2108 642 2333 697 nostra
2354 632 2655 696 desolata
2666 641 2799 697 est:
2824 643 2891 695 et
2904 652 3019 695 co-

1822 722 2333 805 inquinaverunt
2354 742 2503 785 eam
2533 729 2785 804 gentes,
2835 719 3019 804 Quid

1822 830 1980 893 ergo
2011 810 2202 874 nobis
2232 810 2449 875 adhuc
2477 811 2713 874 vivere.
2776 809 2860 872 L.
2892 810 3020 890 iiis:

1821 899 2001 1031 Et
2030 898 2223 962 scidit
2252 898 2611 962 matathias
2640 908 2711 961 et
2728 896 2842 959 filii
2874 898 3021 978 ejus

1971 988 2369 1051 vestimenta
2386 1007 2505 1050 sua
2528 996 2595 1050 et
2614 995 3019 1069 operuerunt

1822 1094 1895 1139 se
1942 1075 2199 1139 cilitiis:
2244 1084 2312 1139 et
2356 1074 2759 1157 planxerunt
2786 1074 3021 1139 valde:

1822 1172 1891 1227 et
1950 1172 2397 1228 convenerunt
2456 1163 2608 1227 illuc
2668 1163 2783 1245 qui
2836 1162 3022 1225 missi

1822 1260 2009 1315 erant
2032 1272 2073 1315 a
2102 1272 2255 1333 rege
2278 1252 2587 1316 antiocho
2608 1260 2685 1315 ut
2710 1260 3025 1333 cogerent

1818 1359 1933 1403 eos
1965 1341 2079 1423 qui
2108 1339 2538 1421 confugerant
2569 1339 2635 1402 in
2682 1340 3023 1403 civitatem

1823 1429 2051 1492 modin
2104 1428 2446 1492 immolare
2474 1437 2544 1492 et
2574 1428 2770 1492 thura
2800 1427 3025 1491 incen-

1821 1518 2016 1581 dere:
2062 1528 2131 1581 et
2160 1538 2201 1581 a
2231 1516 2377 1599 lege
2406 1517 2513 1580 dei
2530 1516 2633 1579 sui
2663 1516 3024 1580 discedere.

1824 1605 1917 1669 Et
1948 1605 2139 1669 multi
2172 1605 2259 1669 de
2289 1604 2544 1687 templo
2562 1605 2587 1643 ⁵
2618 1603 2809 1669 israel
2854 1624 3015 1668 con-

1822 1695 2181 1757 sentientes
2252 1702 2668 1758 accesserunt
2738 1692 2824 1756 ad
2886 1713 3021 1757 eos,

1824 1782 1961 1847 Sed
2016 1780 2371 1845 matathias
2400 1791 2470 1845 et
2518 1781 2635 1845 filii
2682 1781 2829 1864 ejus
2858 1800 3021 1844 con-

1822 1880 2079 1933 stanter
2107 1878 2448 1935 steterunt.
2712 1868 2927 1933 Lectio
2958 1890 3017 1934 v.

1820 1960 2003 2089 Et
2074 1959 2549 2041 respondentes
2624 1958 2739 2043 qui
2838 1958 3020 2021 missi

1971 2057 2161 2111 erant
2188 2048 2278 2110 ab
2300 2046 2611 2111 antiocho
2638 2068 2653 2110 :
2698 2046 3022 2110 dixerunt

1823 2135 2163 2199 matathie.
2255 2135 2564 2218 Princeps
2616 2144 2684 2199 et
2742 2135 3023 2199 clarissi-

1822 2242 1970 2287 mus
2000 2232 2068 2287 et
2089 2244 2371 2307 magnus
2388 2244 2460 2287 es
2479 2226 2547 2287 in
2568 2224 2836 2287 civitate
2856 2222 2984 2287 hac
3004 2245 3023 2287 ε

1821 2321 1889 2376 et
1919 2322 2189 2376 ornatus
2212 2311 2361 2375 filiis
2380 2320 2447 2376 et
2470 2310 2793 2377 fratribus,
2839 2311 3025 2394 Ergo

1822 2402 2063 2465 accede
2108 2401 2285 2483 prior
2314 2410 2383 2464 et
2411 2400 2515 2465 fac
2561 2400 2817 2482 jussum
2848 2401 3023 2482 regis

1822 2490 1993 2555 sicut
2046 2489 2339 2555 fecerunt
2384 2510 2619 2554 omnes
2668 2498 2905 2572 gentes
2952 2496 3025 2553 et

1822 2578 1941 2642 viri
1968 2578 2170 2661 juda:
2214 2587 2283 2642 et
2326 2579 2440 2661 qui
2471 2586 2924 2642 remanserunt
2953 2578 3024 2641 in

1823 2665 2216 2731 hierusalem
2242 2689 2257 2731 ε
2302 2676 2371 2730 et
2402 2667 2527 2730 eris
2557 2676 2653 2731 tu·
2676 2677 2744 2731 et
2776 2665 2891 2730 filii
2921 2665 3020 2729 tui

1825 2756 1997 2819 inter
2025 2755 2273 2819 amicos
2303 2757 2514 2838 regis:
2559 2765 2629 2820 et
2654 2751 3023 2838 'amplifica-

1823 2852 1934 2908 tus
1964 2851 2241 2926 argento
2272 2853 2341 2908 et
2384 2864 2589 2908 auro:
2634 2853 2702 2907 et
2740 2843 3022 2907 muneri-

1824 2932 1949 2996 bus
1981 2933 2223 2996 multiS.
2692 2931 2905 2996 Lectio
2932 2932 3019 3014 ψ’.

1824 3023 2005 3154 Et
2076 3020 2418 3104 respondit
2490 3022 2887 3086 matathias:
2955 3029 3024 3084 et

1973 3110 2149 3175 dixit
2210 3127 2454 3192 magna
2512 3129 2690 3174 voce.
2800 3109 2893 3172 Et
2966 3109 3021 3171 si

1824 3218 2057 3262 omnes
2093 3208 2325 3281 gentes
2356 3199 2493 3280 regi
2517 3198 2835 3262 antiocho
2860 3197 3019 3260 obe-

1824 3287 2057 3352 diunt:
2104 3295 2179 3350 ut
2209 3287 2553 3350 discedant
2574 3285 3021 3369 unusquisque

1822 3397 1865 3439 a
1894 3376 2207 3440 servitute
2253 3375 2417 3458 legis
2460 3385 2723 3458 patrum
2753 3393 3021 3438 suorum

1823 3473 1893 3528 et
1953 3464 2368 3529 consentiant
2444 3463 2781 3527 mandatis
2836 3463 3019 3544 ejus:

1826 3573 1954 3636 ego
2004 3562 2074 3616 et
2127 3551 2240 3615 filii
2300 3553 2431 3616 mei
2492 3562 2561 3617 et
2614 3551 2849 3616 fratres
2892 3551 3019 3614 mei

1826 3641 2215 3705 obediemus
2258 3641 2385 3724 legi
2444 3650 2707 3724 patrum
2766 3649 3020 3703 nostro-

1828 3750 1993 3794 rum.
2088 3730 2421 3813 Propicius
2465 3730 2655 3793 nobis
2704 3729 2789 3792 sit
2837 3729 3015 3792 deus.

1828 3819 1984 3883 Non
2030 3828 2133 3883 est
2192 3820 2383 3883 nobis
2436 3819 2598 3882 utile
2656 3817 3018 3900 relinquere

1829 3906 2045 3990 legem
2076 3917 2146 3970 et
2172 3907 2469 3989 justicias
2499 3905 2625 3971 dei.

1838 4001 1903 4075 {I
1933 3997 2282 4060 Dominica
2314 3996 2522 4060 tertio.
2727 3993 2942 4058 Lectio
2950 3994 3015 4076 j.

1833 4088 2102 4219 Non
2164 4086 2513 4149 audiemus
2586 4083 2790 4148 verba
2848 4085 3017 4165 regis

2018 4173 2353 4239 antiochi:
2430 4193 2550 4237 nec
2628 4170 3018 4236 sacrificabi-

1836 4284 1983 4327 mus
2013 4263 2571 4346 transgredientes
2608 4261 2772 4345 legis
2804 4269 3019 4325 nostre

2358 4406 2379 4434 ⁸
2410 4419 2663 4468 symonem
2691 4419 2702 4450 ε
2738 4401 2805 4450 Ν.

1860 4477 1879 4503 ³
1913 4489 2003 4537 pro
2034 4477 2045 4498 ‘
2064 4469 2277 4536 templo'
2304 4471 2491 4536 populo
2517 4489 2529 4519 :
2564 4469 2723 4519 w.N.
