3375 5100
842 329 942 383 IN
987 327 1526 382 COMMEMORA
1542 328 1799 382 TIONE
1846 329 1905 382 S.
1962 328 2350 383 WJLELMI.

341 540 624 604 Etiam¹
688 540 757 604 in
807 549 1078 624 tempore
1119 539 1425 623 paschali
1471 539 1550 604 de

342 639 559 693 sancto
631 629 922 694 wilelmo,
1057 629 1546 693 Invitatorium.

338 713 720 800 'jubilemus
786 738 931 781 cum
991 716 1286 781 Alleluia
1345 726 1409 780 et
1457 717 1554 782 ad

344 807 618 870 mirsam
663 807 1009 870 secundum
1059 805 1356 869 Alleluia
1400 826 1544 869 con-

343 897 596 976 tingens
675 894 950 978 seriam.
1067 899 1130 972 π
1211 896 1380 958 Item
1468 895 1551 957 de

339 983 640 1065 apostolis
672 993 944 1065 tempore
967 981 1194 1046 eodem.
1282 982 1542 1045 Invita·

340 1073 594 1136 torium.
629 1073 888 1155 Regem
915 1070 1364 1154 apostolorum
1396 1091 1539 1134 cum

340 1160 622 1224 alleluia.
681 1160 1028 1224 secundum
1089 1158 1400 1223 Alleluia.
1491 1177 1538 1246 y

343 1248 448 1312 Ite
497 1250 809 1313 nunciate
866 1257 974 1314 etc.
1055 1252 1118 1325 ΙΙ
1163 1247 1248 1312 In
1278 1267 1540 1311 comme-

337 1337 692 1400 moratione
732 1337 945 1400 sancti
984 1335 1258 1404 wilelmi
1281 1335 1380 1400 ad
1402 1357 1540 1399 ves-

322 1435 520 1507 peras
547 1426 892 1508 antiphone
917 1435 980 1489 et
989 1423 1537 1506 psalmifiriales.

341 1513 544 1594 Capit.
640 1515 818 1578 Ecce
865 1513 1172 1580 sacerdos
1233 1532 1534 1595 magnus

335 1602 643 1683 Hymnus
710 1603 850 1667 Iste
897 1602 1232 1666 confessor
1279 1600 1532 1664 domini

331 1700 627 1756 sacratus
672 1692 930 1756 sobrius
980 1699 1199 1756 castus
1219 1688 1244 1725 ²
1301 1698 1407 1753 etc.
1491 1707 1534 1776 γ

331 1779 614 1844 Amavit
665 1800 820 1844 eum
866 1779 1176 1847 dominus
1225 1787 1292 1841 et
1339 1798 1532 1842 orna·

329 1869 443 1931 vit.
517 1868 602 1932 In
632 1889 854 1951 evang.
883 1877 990 1932 an‘.
1065 1868 1292 1931 Nostri
1326 1867 1532 1949 patris
1551 1882 1564 1900 ·

332 1957 396 2018 in
463 1958 827 2020 ministerio
899 1966 1008 2026 etc.
1102 1965 1180 2024 ut
1237 1954 1306 2018 in
1351 1955 1531 2036 fisto

327 2045 540 2108 sancti
593 2045 876 2109 wilelmi.
952 2053 1052 2127 pi.
1119 2042 1528 2126 Magnificat.

335 2133 580 2197 Oratio,
630 2134 816 2198 Deus
861 2133 975 2214 qui
1026 2153 1146 2196 nos
1179 2132 1357 2198 beati
1389 2131 1525 2196 wil-

330 2223 503 2284 elmi.
567 2232 672 2286 etc.
741 2231 818 2286 ut
873 2222 944 2285 in
990 2222 1170 2302 festo
1227 2220 1524 2302 ejusdem.

327 2311 483 2373 Non
512 2310 819 2375 dicantur
845 2309 1174 2392 suffragia
1215 2319 1530 2377 consueta.

325 2398 452 2461 Ad
475 2399 838 2464 matutinas
867 2396 1340 2464 invitatorium.
1407 2396 1528 2480 Ju-

327 2486 614 2552 bilemus
645 2507 892 2571 regum.
968 2495 1069 2570 pff.
1116 2485 1364 2550 Venite
1408 2507 1522 2548 ex-

327 2576 615 2641 ultemus
645 2578 937 2642 domine.
1001 2576 1324 2657 Hymnus.
1387 2575 1523 2641 Iste

323 2665 660 2729 confessor
719 2664 974 2728 domini
1034 2672 1346 2727 sacratus.
1449 2673 1526 2726 ut

321 2764 537 2835 supra.
625 2755 710 2817 In
764 2762 1066 2818 nocturno
1117 2761 1222 2820 aii.
1315 2750 1522 2816 Ortus

323 2842 526 2905 clari.a
599 2851 700 2925 pff.
749 2842 996 2905 Beatus
1049 2840 1149 2904 vir
1207 2840 1320 2923 qui
1369 2860 1520 2905 non.

317 2940 382 2991 et
408 2930 600 2994 ceteri
614 2930 867 3012 psalmi
907 2929 1105 2997 unius
1146 2928 1522 3009 confessoris

316 3019 434 3082 sub
462 3019 584 3082 hac
608 3020 975 3101 antiphona.
1064 3016 1435 3098 Antiphone
1461 3026 1525 3081 et

318 3108 712 3188 responsoria
734 3106 1105 3171 historialia
1123 3126 1242 3187 que
1261 3104 1366 3169 hic
1392 3126 1517 3169 non

317 3196 692 3259 scribuntur
709 3220 730 3260 .·
808 3204 1168 3278 querantur
1223 3197 1296 3257 in
1340 3194 1518 3275 sesto

315 3284 529 3347 sancti
569 3284 849 3349 wilelmi.
943 3301 990 3370 γ
1050 3282 1331 3346 Amavit
1361 3302 1515 3346 eum

317 3372 651 3437 dominus,
1225 3370 1442 3434 Lectio
1450 3371 1512 3453 j.

315 3462 714 3593 Mortuo
763 3460 960 3543 igitur
1000 3467 1234 3523 sancto
1265 3458 1514 3524 wilhel-

500 3551 642 3613 mo⁴
675 3570 826 3614 cum
859 3550 1166 3612 dominus
1190 3547 1257 3610 in
1281 3554 1517 3611 sancto

315 3658 436 3701 suo
488 3638 894 3721 magnificari
944 3636 1187 3701 voluit:
1249 3644 1318 3705 et
1368 3656 1511 3717 per-

314 3728 560 3808 spicuis
621 3728 870 3791 inditiis
923 3726 1130 3789 sancti
1175 3724 1511 3789 sincerita-

312 3824 450 3878 tem
513 3814 761 3897 populo
821 3814 1206 3897 propalare:
1272 3813 1512 3877 accidit

314 3904 380 3967 in
463 3904 806 3985 cujusdam
887 3901 1211 3986 profunde
1293 3903 1508 3965 noctis

311 3992 575 4057 silentio
646 3992 888 4057 furtiva
959 3990 1230 4053 flamma
1300 3990 1507 4071 negli-

308 4082 526 4162 gentis
557 4082 848 4145 custodis
872 4080 1140 4143 alumna
1170 4079 1505 4142 civitatem

309 4170 615 4234 incendio
665 4168 1112 4251 conflagravit.
1207 4166 1318 4229 Ex
1374 4187 1506 4249 quo

411 4344 426 4373 ¹
468 4344 670 4393 ‘etiam'
694 4361 789 4395 om.
806 4361 823 4395 .·
863 4344 918 4394 G.

403 4412 425 4439 ²
465 4414 477 4437 ‘
496 4412 686 4459 domini
710 4420 929 4461 sacratus
952 4410 1144 4459 sobrius
1166 4414 1330 4457 castus
1349 4406 1466 4457 'om.
1493 4427 1504 4458 ι

308 4477 432 4571 (3⁰8³.
467 4542 733 4607 ‘germinis
769 4544 901 4593 hunc
927 4540 1208 4592 nobilitavit
1243 4551 1292 4593 et
1329 4542 1510 4592 mentis

2165 435 2319 490 694

1647 540 1922 623 quidam
1970 541 2209 624 globus
2268 541 2501 623 igneus
2550 561 2667 624 per
2713 563 2849 607 me-

1644 629 1831 694 ·:lium
1902 631 2275 714 platearum
2337 630 2707 694 discurrens
2780 641 2847 696 et

1645 717 1917 782 inventa
1956 717 2348 783 comburens
2394 717 2670 782 domum
2701 740 2849 783 ora·-

1645 807 1845 872 tionis
1908 808 1973 872 in
2033 827 2169 889 qua
2240 816 2545 870 sanctum
2610 828 2847 890 corpus

1643 896 1967 978 requievit
1996 895 2259 960 obsedit
2293 891 2361 957 i‘n
2408 895 2727 960 circuitu:
2776 907 2845 960 et

1643 982 1955 1048 flammeo
1980 984 2353 1048 devastavit
2384 983 2630 1047 insultu
2662 1005 2677 1048 :
2709 993 2843 1048 tec—

1641 1081 1920 1154 tumque
1966 1092 2098 1136 non
2130 1072 2345 1136 solum
2378 1071 2674 1136 detexit:
2723 1072 2842 1136 sed

1639 1162 1842 1224 etiam
1870 1163 1935 1224 in
1960 1162 2245 1224 cinerem
2271 1159 2581 1224 ultimum
2604 1162 2840 1244 templi

1639 1250 1873 1314 edem:
1928 1250 2033 1313 vel
2095 1249 2159 1312 in
2212 1249 2532 1313 carbones
2585 1250 2843 1333 redegit

1637 1338 2089 1402 desolatorios
2127 1337 2553 1420 Responsoria
2574 1336 2847 1402 historie

1619 1427 1886 1508 proprie
1908 1427 1990 1490 de
2002 1425 2229 1510 prima
2250 1435 2315 1490 et
2330 1425 2606 1490 secunda
2629 1427 2841 1490 turbis·

1632 1514 2011 1578 alternatim
2039 1514 2331 1596 sumptis.
2522 1514 2739 1577 Lectio
2769 1515 2838 1598 ij.

1792 1613 2147 1668 rostratum
2200 1611 2303 1666 est
2346 1602 2548 1685 igitur
2593 1603 2677 1666 ad
2731 1625 2838 1666 so-

1789 1692 1925 1759 lum
1985 1693 2227 1755 civium
2281 1691 2609 1754 bonorum
2660 1692 2835 1755 sola·-

1631 1779 1853 1845 cium:
1918 1790 1987 1843 et
2047 1781 2191 1862 ipsa
2246 1778 2487 1842 domus
2536 1779 2623 1842 ad
2680 1779 2833 1843 fidei

1630 1866 1914 1936 fundata
1945 1867 2325 1934 firmitatem
2374 1868 2459 1930 ab
2504 1867 2663 1950 ipsis
2695 1867 2835 1931 fere

1629 1958 1965 2020 eradicata
2010 1965 2110 2019 est
2156 1955 2621 2019 fundamentis,
2700 1957 2833 2020 Ve-

1629 2065 1774 2114 rum
1840 2046 2001 2108 dum
2078 2043 2348 2107 flamma
2426 2043 2647 2107 furens
2710 2065 2832 2108 sua

1629 2133 2096 2216 multiplicaret
2143 2133 2490 2196 incendia:
2538 2142 2605 2195 et
2648 2133 2830 2213 quic-

1626 2223 1785 2304 quid
1821 2223 2085 2286 obviam
2120 2222 2178 2283 ei
2226 2220 2439 2284 suerat
2484 2241 2603 2283 sua
2634 2241 2829 2284 vora-

1624 2310 1828 2378 citate
1859 2311 2219 2376 terebraret
2248 2331 2262 2372 :
2311 2309 2481 2371 adeo
2513 2308 2693 2391 quod
2729 2310 2828 2372 in-

1625 2399 2023 2481 dignantes-¹⁵
2078 2398 2203 2461 eris
2253 2408 2321 2460 et
2374 2397 2524 2460 ferri
2580 2397 2825 2460 lamine

1623 2488 1813 2571 quasi
1845 2487 2033 2572 palee
2074 2495 2261 2550 erant
2292 2486 2378 2550 ad
2427 2494 2691 2569 pastum
2726 2486 2825 2569 ig·

1621 2577 1724 2640 nis
1771 2578 2113 2659 cujusdam
2177 2576 2384 2639 trabis
2444 2575 2653 2638 moles
2700 2575 2822 2637 im-

1623 2686 1853 2731 mensa
1900 2687 1939 2729 a
1986 2664 2289 2729 culminis
2336 2683 2663 2745 compage
2712 2684 2822 2726 su-

1620 2756 1809 2835 perni
1876 2764 2182 2841 separata
2242 2772 2441 2835 super
2499 2751 2819 2815 humilem

1619 2842 1951 2910 tumulum
2013 2863 2101 2905 ex
2178 2841 2318 2904 alto
2386 2842 2676 2904 corruit:
2753 2850 2821 2903 et

1618 2930 2000 3013 operculum
2034 2931 2177 3012 ejus
2222 2950 2340 3011 per
2370 2930 2663 2992 medium
2695 2929 2819 2991 sci-

1617 3019 1757 3083 dit:
1804 3029 1870 3083 et
1902 3030 2161 3103 partem
2208 3017 2389 3080 illam
2436 3040 2565 3100 que
2612 3020 2819 3100 pedes

1618 3107 1890 3190 tegebat
1928 3128 2222 3171 seorsum
2270 3127 2583 3187 separans
2630 3126 2669 3167 a
2714 3126 2817 3169 se-

1617 3196 1894 3278 pulchro
1926 3198 1991 3260 in
2025 3196 2332 3259 ardentes
2365 3194 2683 3258 carbones
2715 3204 2817 3257 est

1619 3285 1922 3349 resoluta.
2482 3282 2695 3345 Lectio
2720 3282 2814 3363 iij.

1627 3374 1857 3507 Cum
1891 3372 2115 3439 omnia
2148 3372 2371 3453 itaque
2402 3372 2719 3433 abiissent
2748 3370 2809 3432 in

1751 3462 2327 3544 consumptionem
2360 3468 2427 3521 et
2460 3458 2683 3522 cibum
2717 3459 2813 3539 ig-

1615 3550 1761 3614 nis:
1810 3550 2058 3613 inventi
2108 3558 2263 3611 sunt
2313 3546 2631 3610 carbones
2680 3546 2813 3609 vivi

1613 3659 1811 3720 super
1884 3659 2121 3720 corpus
2197 3634 2587 3699 confessoris
2624 3656 2638 3696 :
2714 3634 2813 3698 in-

1611 3746 1911 3811 gensque
1960 3726 2229 3789 flamma
2292 3724 2589 3787 relucens
2650 3744 2813 3803 qua-

1615 3816 1669 3877 si
1726 3815 1982 3881 follium
2014 3814 2039 3851 ⁶
2087 3813 2353 3877 flatibus
2431 3813 2812 3875 instaurata.

1612 3904 1905 3972 Cunctos
1952 3904 2153 3985 igitur
2192 3902 2276 3964 ad
2327 3899 2656 3964 tumulum
2702 3921 2811 3963 ve-

1609 3992 1865 4056 nientes
1913 3992 2145 4073 ingens
2197 3990 2413 4053 luctus
2462 3997 2529 4051 et
2573 3988 2813 4051 acerba

1609 4082 1806 4143 nimis
1867 4080 2259 4145 lamentatio
2310 4080 2811 4157 circumstrepe-

1608 4167 1764 4233 bat:
1839 4170 2269 4251 omniumque
2344 4166 2469 4230 suit
2543 4165 2810 4247 opinio:

1673 4344 1909 4394 nobilitas
1930 4360 2085 4409 genus
2106 4342 2404 4408 geminavit’
2430 4340 2529 4390 add
2552 4356 2567 4388 :
2606 4340 2668 4388 R.

1776 4415 1793 4441 ⁴
1830 4411 2103 4460 willelmo:
2145 4410 2275 4459 E.G.

1776 4482 1795 4508 ⁵
1830 4478 2093 4541 ingentes:
2131 4478 2263 4527 E.G.

1776 4548 1796 4573 ⁶
1831 4543 1935 4593 solii
1964 4563 1975 4595 ι
2013 4544 2070 4591 Ε.
