3375 5100
880 394 1014 449 701

365 503 601 637 Cum
635 521 869 565 omnes
901 499 1080 564 beati
1117 500 1400 583 apostoli
1435 520 1524 582 pa

491 610 628 653 rem
661 590 945 673 gratiam
979 591 1159 671 apud
1204 589 1549 667 dominum

351 680 724 743 sanctitatis
756 678 1140 743 obtineant:
1173 678 1392 741 nescio
1416 698 1550 760 quo

351 777 578 831 tamen
611 777 810 849 pacto
842 777 1066 850 petrus
1098 776 1164 829 et
1189 765 1424 849 paulus
1455 767 1551 829 vi-

351 856 594 920 dentur
623 854 938 938 peculiari
984 854 1275 937 quadam
1323 856 1388 917 in
1420 854 1550 917 sal-

348 953 579 1008 vatore
653 942 808 1006 fidei
879 943 1231 1026 precellere
1289 943 1548 1007 virtute.

352 1032 552 1115 Quod
599 1033 872 1114 quidem
921 1052 1010 1095 ex
1074 1032 1277 1115 ipsius
1331 1032 1547 1094 domi-

351 1122 417 1183 ni
464 1122 716 1202 judicio
761 1140 1113 1203 possumus
1161 1119 1547 1203 approbare.

351 1209 530 1273 Nam
586 1219 775 1292 petro
835 1211 1004 1272 sicut
1053 1209 1232 1271 bono
1283 1208 1548 1289 dispen-

347 1299 550 1361 satori
583 1297 802 1362 claves
833 1299 1014 1379 regni
1049 1296 1308 1361 celestis
1331 1297 1547 1361 dedit:

347 1386 551 1468 paulo
605 1395 926 1468 tanquam
989 1386 1232 1449 idoneo
1291 1384 1544 1449 doctori

349 1475 804 1557 magisterium
865 1472 1307 1539 ecclesiastice
1361 1473 1546 1537 insti-

349 1562 626 1626 tutionis
701 1562 1010 1643 injunxit.
1125 1562 1394 1629 Scilicet
1470 1571 1545 1625 ut

348 1671 516 1733 quos
566 1652 692 1714 iste
730 1651 1040 1713 erudierit
1085 1649 1172 1713 ad
1217 1649 1544 1714 salutem:

347 1740 460 1803 ille
487 1740 804 1821 suscipiat
828 1739 913 1802 ad
933 1738 1242 1822 quietem.
1290 1748 1359 1803 et
1381 1758 1545 1820 quo·-

348 1847 494 1889 rum
569 1827 772 1891 corda
847 1828 1082 1909 paulus
1159 1826 1544 1909 patefecerit

347 1916 648 1979 doctrina
688 1916 1084 1979 verborum:
1131 1935 1357 1978 eorum
1406 1914 1546 1978 ani-

350 2004 585 2067 mabus
631 2013 856 2086 petrus
904 2004 1158 2085 aperiat
1201 2023 1402 2085 regna
1439 2022 1544 2066 ce-

346 2092 577 2155 lorum.
669 2091 1095 2172 Responsoria
1126 2100 1202 2153 ut
1226 2103 1442 2174 supra.

359 2181 697 2315 Clavem
717 2181 894 2244 enim
920 2180 1243 2263 quodam·
1279 2178 1448 2263 [Lec.
1474 2179 1543 2262 ij.

481 2270 682 2331 modo
713 2269 795 2331 a¹
832 2268 1098 2333 Christo
1151 2268 1422 2332 scientie
1475 2278 1544 2332 et

346 2357 582 2439 paulus
613 2358 883 2440 accepit.
979 2356 1203 2421 Clavis
1233 2358 1412 2419 enim
1443 2357 1543 2420 di-

344 2446 558 2510 cenda
588 2455 724 2511 est:
772 2466 907 2529 qua
951 2446 1036 2509 ad
1078 2444 1280 2508 fidem
1314 2465 1543 2527 pecca-

346 2543 563 2599 torum
631 2536 798 2599 dura
870 2536 1072 2599 corda
1133 2544 1541 2599 reserantur:

345 2625 667 2687 mentium
711 2633 965 2688 secreta
1007 2623 1426 2706 panduntur:
1473 2632 1543 2687 et

344 2712 657 2794 quicquid
692 2713 1080 2775 intrinsecus
1111 2711 1410 2775 clausum
1443 2721 1540 2774 te-

345 2810 578 2864 netur:
625 2801 692 2863 in
724 2801 946 2883 palam
980 2799 1352 2864 rationabili
1400 2820 1538 2864 ma-

344 2888 765 2953 nifestatione
819 2889 1218 2971 producitur.
1311 2887 1536 2953 Clavis

343 2978 614 3060 inquam
641 2987 742 3041 est
770 2998 784 3040 :
817 2997 948 3060 que
980 2986 1047 3041 et
1064 2977 1536 3041 conscientiam

341 3066 428 3129 ad
461 3065 943 3130 consessionem
978 3066 1232 3148 peccati
1280 3066 1490 3147 aperit
1519 3087 1534 3130 :

341 3164 408 3217 et
439 3155 722 3236 gratiam
756 3155 843 3217 ad
889 3154 1309 3218 eternitatem
1359 3174 1537 3236 mys-

340 3244 485 3306 terii
518 3242 824 3306 salutaris
856 3241 1124 3306 inducit.
1195 3241 1408 3306 Lectio
1439 3241 1535 3324 iij.

337 3333 492 3464 Α
509 3331 665 3394 mbo
711 3331 908 3414 igitur
941 3331 1158 3394 claves
1189 3351 1230 3394 a
1259 3331 1535 3394 domino

505 3428 940 3502 perceperunt
1013 3419 1284 3483 scientie
1360 3419 1485 3483 iste
1519 3439 1534 3482 :

340 3507 450 3572 ille
511 3509 822 3590 potentie.
923 3507 1208 3572 Divitias
1267 3507 1535 3570 immor-

339 3597 616 3660 talitatis
670 3597 778 3660 ille
831 3595 1216 3679 dispensat:
1263 3595 1535 3660 scientie

339 3684 683 3749 thesauros
759 3685 882 3748 iste
959 3683 1248 3767 largitur.
1361 3683 1535 3750 Sunt

337 3774 516 3837 enim
599 3773 890 3838 thesauri
987 3772 1260 3837 scientie
1361 3772 1531 3837 sicut

337 3861 652 3944 scripturn
703 3870 841 3926 est:
897 3861 975 3924 In
1022 3882 1157 3944 quo
1203 3869 1357 3925 sunt
1390 3881 1529 3924 om·

337 3971 453 4013 nes
484 3951 773 4014 thesauri
807 3951 1129 4034 sapientie
1160 3959 1229 4014 et
1257 3951 1532 4014 scientie

335 4039 443 4102 dei
491 4039 880 4102 absconditi.
977 4039 1158 4121 Ergo
1190 4038 1366 4103 beati
1417 4059 1531 4121 pe-

335 4136 474 4190 trus
551 4140 618 4191 et
683 4127 918 4211 paulus
992 4129 1287 4191 eminent
1361 4127 1532 4190 inter

335 4216 672 4280 universos
704 4214 1042 4298 apostolos
1070 4237 1085 4280 :
1133 4225 1200 4279 et
1220 4215 1528 4299 peculiari

333 4305 626 4386 quadam
679 4305 1096 4387 prerogativa
1148 4303 1527 4387 precellunt.

500 4468 514 4496 ¹
554 4481 642 4532 pro
671 4465 852 4514 ‘modo
876 4463 933 4514 a’
960 4481 1138 4516 mons:
1175 4465 1298 4515 E.S.

1138 284 1493 339 OMNIUM
1537 283 2066 341 SANCTORUM.

2165 394 2318 449 702

1648 500 1901 565 Verum
1934 502 2107 565 inter
2136 502 2315 583 ipsos
2360 501 2508 584 quis
2552 500 2657 565 cui
2702 522 2850 583 pre-

1647 600 1936 671 ponatur
1965 590 2287 653 incertum
2312 600 2429 653 est.
2480 590 2649 653 Puto
2668 591 2845 654 enim

1648 677 1797 740 illos
1842 679 2111 760 equales
2158 698 2301 741 esse
2351 679 2641 742 meritis:
2688 680 2846 761 quia

1646 766 1917 848 equales
1984 776 2139 831 sunt
2201 767 2508 847 passione
2581 776 2681 848 ps.
2744 768 2845 831 Te

1646 853 1867 919 deum.
1914 872 1957 941 y
2006 855 2598 919 Annunciaverunt
2624 876 2842 937 opera.

1645 942 1731 1005 In
1763 942 2069 1008 laudibus
2094 952 2198 1007 an.
2260 944 2411 1007 Hoc
2443 954 2544 1007 est
2574 964 2845 1026 precep-

1645 1038 1809 1095 tum.
1863 1041 1965 1114 ps.
2017 1032 2347 1095 Dominus
2394 1032 2693 1114 regnavit
2735 1043 2843 1096 etc.

1643 1119 1765 1183 sub
1786 1120 1907 1183 hac
1922 1129 2071 1185 αῆα.
2126 1120 2515 1202 Capitulum.
2558 1120 2681 1183 Per
2704 1139 2843 1183 ma-

1646 1228 1772 1271 nus
1803 1208 2271 1290 apostolorum.
2318 1208 2519 1288 Hym.
2561 1208 2843 1273 Exultet

1645 1296 1879 1361 celum.
1911 1314 1954 1383 y
1993 1297 2254 1361 Dedisti
2276 1295 2728 1360 hereditatem.
2755 1298 2843 1361 In

1641 1405 1896 1467 evange.
1927 1394 2033 1449 ari.
2098 1385 2217 1449 Isti
2250 1395 2403 1448 sunt
2433 1385 2553 1448 viri
2573 1385 2598 1423 ²
2628 1387 2840 1449 sancti

1643 1492 1812 1555 quos
1845 1474 2046 1556 elegit
2078 1474 2387 1537 dominus
2420 1473 2485 1536 in
2515 1473 2841 1538 charitate

1644 1582 1777 1625 non
1824 1561 2023 1626 ficta:
2071 1572 2137 1626 et
2169 1564 2353 1627 dedit
2393 1561 2520 1625 illis
2560 1562 2840 1644 gloriam

1643 1651 2155 1733 sempiternam:
2216 1670 2498 1733 quorum
2540 1651 2842 1715 doctrina

1642 1737 1853 1820 fulget
1899 1739 2175 1803 ecclesia
2222 1750 2293 1802 ut
2342 1738 2482 1803 sole
2522 1738 2695 1802 luna.
2736 1749 2840 1821 ps'.

1643 1826 2061 1891 Benedictus
2130 1826 2376 1891 Oratio,
2435 1827 2620 1890 Deus
2652 1828 2840 1909 cujus

1642 1914 1941 1979 dextera.
1987 1915 2049 1977 A
2059 1916 2113 1977 d
2126 1914 2322 1978 lioras
2342 1916 2561 1978 omnia
2579 1914 2659 1977 de
2675 1936 2838 1979 com-

1641 2002 1833 2065 muni
1887 2004 2309 2085 apostolorum
2362 2024 2504 2066 cum
2552 2004 2845 2067 oratione

1644 2091 1829 2155 Deus
1866 2092 2052 2173 cujus
2082 2091 2378 2156 dextera.

1750 2184 1814 2258 ([
1835 2180 1880 2243 J
1876 2202 1918 2243 n
1938 2180 2529 2243 commemoratione
2544 2178 2836 2243 omnium

1639 2279 2023 2333 sanctorum.
2056 2268 2179 2333 Aa'
2194 2279 2483 2349 vesperas
2500 2268 2844 2350 antiphone

1637 2366 1702 2419 et
1740 2356 1995 2438 psalmi
2042 2356 2335 2438 feriales.
2448 2356 2837 2438 Capitulum.

1644 2444 1872 2510 Sancti
1899 2465 2016 2528 per
2038 2444 2258 2509 fidem.
2301 2444 2579 2526 hymnus
2611 2444 2836 2509 Chris-

1639 2542 1709 2598 te
1756 2534 2134 2617 redemptor
2172 2533 2472 2598 omnium
2530 2555 2720 2616 quere
2764 2535 2837 2598 in

1621 2623 1802 2704 sesto
1832 2624 2121 2686 omnium
2150 2631 2536 2686 sanctorum.
2614 2640 2661 2708 y
2694 2623 2838 2686 Ex·-

1639 2712 1853 2776 ultent
1876 2712 2055 2794 justi.
2102 2711 2187 2775 In
2216 2731 2474 2793 evange.
2495 2719 2599 2774 aii.
2644 2712 2835 2776 Beati

1635 2800 1796 2863 estis
1826 2801 2036 2864 sancti
2061 2799 2168 2862 dei
2194 2819 2444 2863 omnes,
2477 2810 2553 2862 ut
2574 2801 2836 2882 infesto

1620 2888 1923 2969 predicto.
1982 2897 2080 2971 ps'.
2132 2887 2537 2970 Magnificat.
2588 2887 2833 2953 Oratio.

1762 2977 2016 3041 oncede
2034 2995 2391 3059 quesumus
2411 2977 2835 3060 omnipotens

1753 3066 1956 3130 deus:
1990 3076 2062 3128 ut
2083 3065 2461 3128 intercessio
2492 3085 2615 3128 nos
2646 3086 2835 3129 sanc-

1633 3163 1701 3218 te
1732 3155 1839 3217 dei
1862 3153 2197 3236 genitricis
2220 3154 2424 3217 marie
2442 3173 2833 3235 semperque

1633 3242 1941 3325 virginis:
1988 3252 2498 3323 sanctarumque
2533 3243 2833 3305 omnium

1633 3330 1976 3394 celestium
1989 3331 2339 3394 virtutum:
2364 3340 2430 3393 et
2451 3339 2830 3393 sanctorum

1633 3419 2153 3500 patriarcharum
2180 3418 2649 3502 prophetarum
2671 3439 2831 3500 apo-

1631 3506 1953 3570 stolorum
1985 3506 2538 3588 evangelistarum
2580 3516 2832 3588 marty-

1632 3615 1779 3658 rum
1849 3595 2297 3659 consessorum
2374 3604 2575 3676 atque
2634 3595 2833 3677 virgi-

1632 3705 1793 3747 num
1830 3705 1845 3748 :
1936 3693 2006 3748 et
2093 3685 2393 3774 omnium
2470 3681 2829 3746 electorum

1632 3781 1896 3836 tuorum
1932 3771 2177 3854 ubique
2210 3769 2516 3835 letificet:
2562 3779 2636 3835 ut
2666 3771 2829 3834 dum

1630 3881 1859 3924 eorum
1894 3861 2128 3924 merita
2176 3859 2559 3924 recolimus:
2607 3868 2833 3942 patro-

1627 3949 1804 4013 cinia
1861 3950 2241 4013 sentiamus.
2342 3968 2461 4030 per
2520 3948 2827 4013 eundem.

1631 4039 1786 4100 Non
1837 4037 2145 4101 dicantur
2184 4037 2487 4100 memorie
2531 4046 2825 4102 consuete.

1631 4126 1757 4189 Ad
1790 4126 2150 4190 matutinas
2194 4127 2441 4189 Invita.
2522 4123 2828 4189 Gaudete

1631 4224 1700 4277 et
1732 4215 2049 4279 exultate.
2113 4223 2187 4277 ut
2217 4214 2285 4277 in
2322 4214 2649 4277 communi
2675 4215 2829 4295 plu-

1633 4303 1950 4367 rimorum
1996 4313 2379 4383 martyrum.
2427 4311 2528 4384 ps.
2584 4303 2828 4368 Venite

2068 4465 2089 4496 ²
2124 4464 2263 4514 veri:
2302 4463 2355 4513 S.
