3375 5100
1376 349 1698 407 DOMINI
1697 349 1796 404 CA
1848 350 2120 406 PRIMA

1088 459 1245 516 208

544 555 665 628 'dei
696 555 1001 629 veniendi
1032 565 1119 630 ad
1149 585 1283 630 vos,
1375 566 1700 630 Desidero
1725 564 1744 602 ²

557 654 784 717 videre
827 675 946 718 vos
994 663 1067 718 ut
1112 653 1360 736 aliquid
1406 655 1749 736 impartiar

556 742 745 806 vobis
774 744 983 825 gratie
1021 743 1331 825 spiritalis
1362 745 1447 806 ad
1479 743 1746 806 firman-

557 831 725 893 dos'
782 851 917 895 vos,
1008 831 1121 894 Re.
1198 832 1269 895 A
1329 832 1585 895 dextris
1644 840 1747 895 est

558 917 719 981 mihi
780 919 1089 983 dominus
1151 940 1234 982 ne
1307 939 1748 983 commovear.

561 1008 837 1090 Propter
880 1007 1008 1070 hoc
1066 1007 1419 1071 dilatatum
1479 1016 1583 1071 est
1634 1028 1749 1071 cor

558 1116 803 1158 meum.
925 1096 1017 1160 Et
1106 1097 1457 1182 exultavit‘
1520 1096 1748 1178 lingua

559 1204 721 1246 mea.
802 1201 849 1270 γ
926 1185 1259 1248 Conserva
1319 1205 1426 1249 me
1477 1186 1748 1249 domine

560 1273 873 1352 quoniam
948 1274 1205 1354 speravi
1281 1275 1348 1336 in
1410 1282 1527 1337 te:
1600 1273 1747 1336 dixi

559 1361 833 1424 domino
864 1361 1027 1423 deus
1058 1381 1245 1424 meus
1275 1383 1345 1424 es
1376 1370 1466 1424 tu.
1546 1361 1748 1442 Prop-

561 1458 677 1512 ter.
754 1449 995 1512 Gloria.
1074 1450 1164 1512 Et
1194 1449 1538 1513 exultavit.

646 1537 732 1599 In
767 1537 835 1618 ij.
868 1547 1169 1601 nocturno
1210 1547 1314 1602 ανῖ.
1393 1539 1748 1601 Bonorum.

558 1634 663 1688 αῆ.
728 1625 999 1690 Inclina.
1082 1637 1187 1689 αῆ.
1253 1627 1584 1690 Dominus
1643 1625 1750 1688 fir-

560 1723 989 1778 mamentum.
1065 1730 1112 1801 y
1174 1715 1401 1778 Media
1430 1725 1643 1778 nocte.

556 1802 854 1934 Nolo
894 1813 1119 1866 autem
1172 1824 1291 1866 vos
1342 1803 1580 1886 [Lectio
1620 1803 1747 1885 iiij.

742 1891 1042 1972 ignorare
1074 1891 1342 1956 fratres:
1404 1893 1561 1974 quia
1591 1911 1748 1974 sepe

558 1980 872 2061 proposui
906 1982 1127 2044 venire
1174 1981 1258 2044 ad
1290 2001 1408 2044 vos
1438 2001 1453 2043 :
1500 1989 1567 2043 et
1598 2001 1748 2062 pro-

556 2067 808 2130 hibitus
887 2089 1035 2132 sum
1116 2090 1325 2151 usque
1396 2068 1613 2132 adhuc
1674 2077 1749 2132 ut

558 2156 846 2239 aliquem
880 2157 1163 2221 fructum
1205 2157 1488 2222 habeam
1535 2159 1601 2220 in
1634 2178 1750 2220 vo-

559 2244 699 2309 bis:
750 2247 919 2309 sicut
955 2255 1023 2309 et
1054 2248 1119 2310 in
1152 2248 1384 2310 ceteris
1421 2246 1748 2328 gentibus.

559 2333 786 2397 Grecis
836 2355 913 2397 ac
957 2334 1295 2399 barbaris:
1340 2334 1750 2416 sapientibus

557 2431 627 2485 et
688 2423 1147 2505 insipientibus
1223 2423 1484 2487 debitor
1550 2441 1750 2486 sum:

558 2510 652 2573 ita
697 2511 876 2593 quod
925 2513 989 2575 in
1038 2532 1147 2576 me
1191 2521 1572 2595 promptum
1605 2521 1750 2577 est:

560 2609 629 2663 et
679 2599 868 2663 vobis
927 2602 1041 2683 qui
1104 2621 1286 2664 rome
1345 2602 1503 2664 estis
1551 2621 1751 2663 evan·-

557 2686 857 2769 gelizare.
920 2689 1030 2751 Re.
1098 2690 1313 2752 Notas
1344 2688 1505 2753 mihi
1538 2688 1748 2753 fecisti

556 2777 829 2839 domine
887 2777 1028 2839 vias
1086 2779 1273 2842 vite:
1355 2777 1751 2860 adimplebis

557 2885 667 2926 me
716 2864 935 2928 leticia
984 2886 1132 2929 cum
1164 2865 1349 2929 vultu
1386 2875 1522 2930 tu0.
1612 2867 1750 2929 De-

558 2952 946 3016 lectationes
983 2954 1050 3016 in
1082 2954 1364 3017 dextera
1394 2964 1509 3017 tua
1540 2975 1750 3036 usque

557 3042 626 3103 in
660 3040 878 3105 finem.
940 3040 992 3115 Ϋ
1040 3042 1375 3107 Conserva
1419 3053 1496 3106 ut
1533 3055 1747 3124 supra.

560 3129 1071 3196 DelectationeS.
1440 3132 1659 3195 Lectio
1691 3154 1750 3196 v.

723 3239 809 3281 on
860 3220 1033 3282 enim
1097 3220 1412 3283 erubesco
1466 3241 1749 3303 evange-

722 3308 900 3371 lium.
990 3309 1217 3372 Virtus
1264 3309 1439 3372 enim
1489 3309 1597 3372 dei
1646 3319 1750 3374 est

557 3396 623 3459 in
657 3396 939 3460 salutem
966 3398 1146 3460 omni
1180 3399 1471 3462 credenti
1497 3418 1513 3462 :
1540 3398 1749 3480 judeo

556 3486 844 3568 primum
876 3496 944 3549 et
974 3506 1186 3569 greco.
1261 3487 1541 3568 Justicia
1570 3488 1746 3550 enim

553 3575 662 3637 dei
716 3576 783 3637 in
832 3595 912 3638 eo
973 3575 1299 3639 revelatur
1351 3596 1439 3637 ex
1490 3574 1621 3639 fide
1680 3577 1748 3639 in

554 3662 755 3727 fidem
791 3686 808 3727 ε
856 3665 1025 3729 sicut
1054 3666 1372 3746 scriptum
1406 3674 1522 3728 est.
1596 3664 1750 3746 Jus-

554 3762 658 3814 tus
738 3763 961 3817 autem
1022 3773 1112 3816 ex
1173 3753 1305 3816 fide
1363 3753 1539 3816 vivit.
1631 3752 1748 3817 Re.

559 3840 851 3923 Diligam
898 3851 967 3905 te
1012 3842 1282 3905 domine
1325 3843 1533 3904 virtus
1580 3863 1746 3906 mea.

555 3929 887 3993 Dominus
957 3930 1448 3993 firmamentum
1524 3951 1746 3994 meum

552 4027 623 4080 et
656 4017 978 4100 refugium
1018 4038 1257 4083 meum.
1320 4036 1367 4103 γ
1430 4018 1749 4083 Laudans

556 4106 879 4170 invocabo
918 4106 1263 4169 dominum
1304 4118 1372 4171 et
1402 4109 1489 4171 ab
1533 4108 1749 4171 inimi-

555 4194 647 4257 cis
681 4195 845 4257 meis
875 4193 1097 4258 salvus
1126 4216 1254 4258 ero.
1334 4196 1677 4260 Dominus

552 4282 997 4415 Revelatur
1040 4284 1217 4346 enim
1260 4285 1355 4346 ira
1391 4282 1631 4367 [Lectio
1660 4286 1748 4368 vj.

700 4370 807 4434 dei
870 4372 955 4435 de
1017 4372 1157 4435 celo
1225 4392 1422 4455 super
1483 4395 1751 4437 omnem

688 4530 856 4581 ¹enim
873 4531 886 4553 ’
912 4531 1036 4580 add:
1074 4532 1134 4581 G.

1444 4534 1464 4562 ²
1496 4532 1885 4585 confirmandos:
1923 4536 1980 4584 E.
1993 4536 2052 4584 G.
2063 4536 2145 4583 W.

2357 457 2511 512 204

1849 565 2258 649 impietatem
2301 575 2368 629 et
2401 562 2800 646 injusticiam
2829 563 3044 630 homi—

1849 674 2010 718 num
2041 675 2266 718 eorum
2299 655 2412 737 qui
2443 655 2787 718 veritatem
2821 652 2928 716 dei
2975 655 3042 716 in

1851 744 2181 825 injusticia
2237 744 2588 807 detinent:
2649 743 2807 824 quia
2857 742 3040 824 quod

1851 841 2084 896 notum
2131 841 2232 895 est
2278 831 2384 894 dei
2433 830 2858 894 manifestum
2888 831 3042 893 est³

1851 920 1996 984 illis.
2086 921 2271 984 Deus
2333 919 2508 982 enim
2556 919 2686 982 illis
2735 918 3044 982 manifes-

1851 1010 2034 1072 tavit.
2113 1007 2482 1072 In'visibilia
2525 1008 2700 1070 enim
2751 1007 2953 1088 ipsius
3003 1027 3045 1070 a

1849 1106 2146 1160 creatura
2179 1096 2406 1160 mundi
2448 1116 2567 1178 per
2595 1116 2675 1158 ea
2705 1115 2836 1176 que
2866 1094 3044 1158 facta

1849 1195 2005 1249 sunt
2095 1185 2430 1249 intellecta
2531 1185 3040 1266 conspiciuntur.

1849 1274 1962 1336 Re.
2040 1274 2312 1336 Domini
2357 1280 2461 1336 est
2503 1281 2677 1335 terra
2721 1281 2790 1336 et
2833 1272 3042 1354 pleni-

1851 1363 2016 1425 tudo
2075 1363 2233 1443 ejuS.
2335 1360 2534 1426 Orbis
2593 1369 2912 1424 terrarum
2975 1369 3043 1424 et

1851 1451 2186 1515 universi:
2248 1449 2382 1532 Qui
2446 1449 2752 1513 habitant
2813 1450 2880 1510 in
2940 1469 3040 1512 eo,

1851 1555 1898 1624 γ
1991 1539 2145 1621 Ipse
2219 1559 2416 1620 super
2475 1539 2684 1600 maria
2742 1535 3044 1600 fundavit

1851 1647 2056 1690 eum:
2105 1637 2174 1691 et
2231 1647 2429 1709 super
2488 1625 2761 1688 flumina
2807 1645 3042 1707 prepa-

1852 1716 2022 1779 ravit
2110 1735 2280 1779 eum.
2419 1714 2619 1780 Orbis
2700 1723 3038 1777 terrarum.

1853 1803 2080 1868 Gloria
2111 1806 2298 1887 patri.
2391 1803 2524 1886 Qui
2554 1802 2876 1866 habitant.

1941 1893 2022 1956 In
2057 1894 2152 1975 iij.
2185 1901 2488 1956 nocturno
2517 1900 2620 1954 αῆ.
2699 1891 2854 1954 Non
2885 1900 3042 1954 sunt

1853 1980 2133 2063 loquele.
2230 1984 2358 2044 Αῆ.
2454 1979 2813 2042 Exaudiat.
2907 1979 3040 2044 Aa.

1854 2070 2146 2134 Domine
2192 2070 2258 2132 in
2289 2070 2546 2132 virtute.
2610 2086 2657 2153 γ
2719 2067 3042 2132 Exaltare

1849 2157 2137 2221 domine.
2420 2156 2782 2221 Secundum
2811 2157 3042 2219 lucam.

1937 2248 2024 2310 In
2055 2247 2171 2310 illo
2211 2255 2512 2328 tempore
2547 2268 2562 2309 z
2611 2244 2782 2309 Cum
2829 2244 3042 2308 factus

1852 2345 2027 2398 esset
2056 2336 2250 2417 Jesus
2289 2354 2612 2399 annorum
2646 2332 3040 2397 duodecim:

1853 2423 2364 2488 ascendentibus
2452 2423 2582 2485 illis
2676 2421 3039 2504 hierosoly-

1853 2533 2034 2577 mam
2083 2512 2446 2577 secundum
2493 2511 3042 2575 consuetudinem

1852 2601 1982 2665 diei
2044 2602 2192 2665 festi
2253 2602 2569 2664 remansit
2628 2620 2794 2682 puer
2848 2600 3043 2682 Jesus

1853 2690 1921 2752 in
1952 2690 2362 2754 hierusalem.
2415 2690 2505 2753 Et
2537 2689 2803 2770 reliqua.
2857 2688 3042 2752 Ome-

1851 2778 1946 2841 lia
1977 2779 2361 2841 venerabilis
2391 2778 2537 2841 bede
2549 2777 2916 2859 presbyteri.

1989 2867 2122 2931 uod
2149 2867 2449 2932 Christus
2473 2866 2634 2929 duo·
2661 2863 2909 2951 [Lectio
2929 2864 3044 2947 vij.

1988 2956 2196 3019 denus
2227 2956 2293 3018 in
2320 2956 2540 3018 medio
2571 2955 2918 3018 doctorum
2943 2974 3044 3015 se·

1851 3044 1952 3107 dit
1987 3066 2002 3108 ;
2050 3045 2324 3107 audiens
2357 3053 2424 3107 et
2455 3044 2864 3125 interrogans
2897 3040 3044 3104 illos

1850 3131 2140 3196 humane
2160 3142 2260 3196 est
2280 3132 2670 3195 humilitatis
2694 3131 3042 3194 indicium:

1852 3221 2058 3285 immo
2105 3222 2306 3284 etiam
2358 3220 2680 3284 eximium
2729 3220 3044 3282 discende

1849 3309 2244 3373 humilitatis
2342 3309 2746 3391 exemplum.
2913 3308 3044 3370 Dei

1850 3399 2097 3482 quippe
2155 3400 2362 3461 virtus
2421 3407 2490 3461 et
2548 3398 2654 3461 dei
2717 3396 3045 3478 sapientia

1849 3508 1980 3569 que
2062 3488 2377 3552 divinitus
2457 3487 2797 3567 loquitur:
2893 3485 3044 3566 Ego

1849 3576 2176 3658 sapientia
2222 3574 2453 3638 habito
2499 3576 2565 3637 in
2614 3573 2928 3639 consilio:
2975 3581 3045 3635 et

1850 3666 2122 3727 eruditis
2221 3666 2538 3727 intersum
2628 3662 3044 3744 cogitationi-

1849 3754 1992 3817 bus,
2068 3754 2180 3816 Re.
2243 3752 2356 3816 Ad
2405 3762 2472 3816 te
2516 3752 2788 3815 domine
2833 3750 3044 3813 levavi

1851 3844 2142 3907 animam
2193 3861 2428 3905 meam.
2513 3840 2698 3904 Deus
2746 3860 2930 3902 meus
2976 3840 3042 3900 in

1851 3942 1918 3993 te
1994 3930 2259 3993 confido
2319 3949 2453 3992 non
2530 3928 2930 3992 erubescam.
2997 3943 3044 4013 γ

1855 4020 2092 4101 Neque
2155 4018 2496 4081 irrideant
2587 4037 2693 4080 me
2799 4016 3044 4079 inimici

1853 4110 2035 4172 mei:
2100 4107 2346 4170 etenim
2403 4108 2686 4169 universi
2740 4106 2854 4187 qui
2903 4125 3045 4167 sus-

1850 4198 2066 4259 tinent
2157 4205 2226 4259 te
2317 4216 2452 4258 non
2545 4194 3045 4258 confundentur.

1857 4286 2057 4349 DeuS.
2665 4282 2878 4345 Lectio
2907 4281 3048 4363 viij.

2453 4538 2473 4565 ³
2512 4535 2592 4582 ‘in
2617 4534 2628 4555 ’
2651 4534 2772 4583 add:
2811 4533 2942 4581 EG.
