3375 5100
1458 340 1716 398 FERIA
1771 338 2171 397 SECUNDA

1094 450 1223 509 761

568 582 757 626 meus
788 561 855 625 in
888 571 1187 625 eternum
1208 558 1578 624 confitebor
1606 554 1772 622 tibi}

568 660 677 715 αῆ.
726 651 1031 715 Adorate
1083 650 1433 714 dominum
1496 650 1561 710 in
1622 646 1778 709 aula

564 748 799 804 sancta
817 740 875 820 ej
884 760 977 803 us.
1419 734 1780 799 Fuimus!

680 849 721 891 n
754 838 824 892 te
852 827 1122 891 domine
1162 827 1419 909 speravi
1454 845 1587 888 non
1616 842 1780 887 con·

678 917 919 980 fundar
949 918 1015 979 in
1053 925 1389 980 eternum:
1421 914 1489 977 in
1508 912 1779 995 justicia

569 1014 689 1069 tua
750 1005 955 1069 libera
1008 1024 1134 1069 me.
1222 1003 1483 1067 Inclina
1530 1001 1617 1065 ad
1667 1020 1778 1064 me

572 1114 799 1159 aurem
850 1104 1079 1157 tuam:
1128 1091 1423 1157 accelera
1466 1100 1541 1154 ut
1586 1110 1778 1153 eruas

572 1203 698 1247 me.
787 1182 961 1246 Esto
992 1181 1152 1245 mihi
1186 1182 1251 1244 in
1282 1182 1485 1245 deum
1518 1189 1777 1261 protec-

571 1282 825 1335 torem:
871 1280 941 1334 et
986 1270 1054 1334 in
1100 1269 1377 1333 domum
1424 1268 1657 1351 refugii
1701 1276 1779 1329 ut

573 1360 831 1423 salvum
864 1379 973 1423 me
1002 1359 1223 1423 facias
1286 1357 1616 1437 Quoniam
1647 1356 1780 1419 for-

573 1447 794 1511 titudo
826 1468 975 1511 mea
1005 1457 1073 1512 et
1098 1447 1421 1529 refugium
1450 1464 1673 1509 meum
1705 1464 1776 1507 es

572 1546 690 1601 tu:
736 1544 806 1600 et
836 1546 1107 1619 propter
1150 1555 1393 1599 nomen
1440 1544 1631 1597 tuum
1662 1535 1778 1598 de-

574 1626 778 1689 duces
802 1644 911 1688 me
932 1642 1001 1688 et
1024 1625 1314 1688 enutries
1335 1644 1458 1687 me.
1503 1623 1780 1686 Educes

574 1734 683 1777 me
730 1714 818 1777 de
879 1714 1118 1797 laqueo
1166 1732 1365 1795 quem
1414 1710 1781 1775 absconde-

574 1811 729 1866 runt
774 1802 978 1866 mihi:
1026 1802 1339 1886 quoniam
1380 1811 1455 1864 tu
1508 1822 1581 1863 es
1627 1820 1780 1884 pro-

574 1900 789 1956 tector
848 1912 1051 1955 meus
1170 1891 1256 1955 In
1332 1909 1569 1954 manus
1629 1899 1780 1953 tuas

574 1980 973 2045 commendo
1016 1979 1319 2062 spiritum
1368 1997 1635 2041 meum:
1682 1998 1784 2039 re·-

578 2070 845 2133 demisti
878 2088 989 2132 me
1031 2068 1305 2133 domine
1348 2068 1513 2131 deus
1542 2066 1782 2129 verita-

576 2160 681 2221 tis,
735 2158 948 2223 Odisti
972 2158 1401 2221 observantes
1420 2158 1780 2221 vanitates:

578 2266 999 2329 supervacue.
1053 2246 1209 2328 Ego
1232 2254 1457 2309 autem
1478 2246 1544 2307 in
1570 2244 1784 2307 domi-

581 2354 671 2399 no
694 2336 950 2418 speravi
964 2336 1019 2399 ³:
1052 2333 1370 2399 exaltabo
1389 2335 1412 2372 ⁴
1433 2342 1502 2397 et
1526 2333 1786 2397 letabor

580 2424 649 2486 in
676 2424 1122 2488 misericordia
1143 2434 1277 2487 tua.
1328 2421 1658 2501 Quoniam
1686 2441 1788 2483 re·-

580 2513 861 2596 spexisti
893 2512 1339 2577 humilitatem
1366 2531 1623 2576 meam:
1656 2510 1785 2574 sal-

580 2604 751 2666 vasti
797 2604 884 2666 de
936 2601 1440 2665 necessitatibus
1488 2601 1784 2664 animam

583 2710 820 2754 meam.
915 2690 1062 2754 Nec
1121 2690 1498 2753 conclusisti
1548 2709 1655 2752 me
1718 2690 1785 2751 in

586 2778 892 2842 manibus
924 2779 1170 2842 inimici
1203 2780 1493 2843 statuisti
1539 2780 1604 2841 in
1638 2777 1786 2842 loco

584 2868 889 2950 spacioso
921 2868 1125 2949 pedes
1156 2888 1357 2932 meos,
1449 2867 1788 2930 Miserere

583 2957 711 3019 mei
774 2955 1043 3018 domine
1104 2958 1417 3038 quoniam
1470 2955 1787 3020 tribulor:

582 3044 1015 3108 conturbatus
1082 3055 1184 3108 est
1244 3046 1307 3108 in
1387 3046 1481 3108 ira
1556 3044 1787 3108 oculus

583 3152 770 3196 meus
802 3134 1025 3196 anima
1056 3154 1205 3196 mea
1236 3144 1304 3197 et
1327 3142 1561 3197 venter
1582 3153 1788 3197 meuS.

588 3221 920 3301 Quoniam
968 3222 1211 3286 defecit
1256 3224 1323 3285 in
1372 3222 1602 3286 dolore
1650 3225 1791 3286 vita

586 3331 780 3375 mea:
841 3321 911 3374 et
954 3313 1109 3375 anni
1160 3311 1289 3374 mei
1340 3313 1407 3374 in
1458 3313 1788 3394 gentibus,

586 3399 939 3463 Infirmata
980 3410 1081 3463 est
1128 3401 1192 3462 in
1240 3409 1633 3483 paupertate
1662 3403 1792 3464 vir-

586 3498 693 3552 tus
728 3509 914 3552 mea:
946 3498 1014 3552 et
1039 3509 1190 3552 ossa
1222 3509 1373 3552 mea
1396 3491 1792 3553 conturbata

586 3587 759 3640 sunt.
886 3577 1108 3660 Super
1180 3598 1413 3642 omnes
1490 3579 1793 3642 inimicos

588 3686 775 3730 meos
834 3665 1047 3729 factus
1110 3687 1257 3729 sum
1317 3667 1792 3748 obprobrium:

586 3755 820 3820 vicinis
876 3757 1039 3818 meis
1092 3755 1331 3818 valde⁵
1370 3756 1571 3820 timor
1616 3757 1794 3819 notis

590 3846 770 3908 meis,
881 3843 1007 3923 Qui
1070 3844 1386 3908 videbant
1449 3843 1557 3907 r'ne
1619 3844 1794 3908 foras

588 3933 968 4016 fugierunt⁵
1021 3952 1062 3995 a
1115 3953 1262 3998 me:
1308 3933 1621 3996 oblivioni
1674 3934 1794 3997 da-

585 4030 696 4085 tus
773 4042 922 4085 sum
992 4032 1315 4104 tanquam
1392 4031 1694 4085 mortuus
1755 4042 1796 4085 a

586 4110 804 4174 corde.
917 4110 1170 4174 Factus
1244 4130 1395 4174 sum
1470 4119 1792 4193 tanquam

582 4218 701 4262 vas
759 4199 1135 4281 perditum:
1200 4201 1515 4282 quoniam
1572 4200 1796 4264 audivi

586 4287 1147 4372 vituperationem
1202 4289 1560 4353 multorum
1614 4309 1796 4352 com-

2397 452 2550 509 762

1879 558 2281 623 morantium
2345 560 2409 623 in
2471 562 2779 626 circuitu.
2884 562 2978 626 In
3045 585 3120 626 eo

1877 646 2040 708 dum
2059 650 2488 714 convenirent
2509 651 2714 715 simul
2739 652 3122 715 adversum

1879 754 2020 799 me:
2052 739 2348 820 accipere
2367 740 2662 803 animam
2687 760 2936 803 meam
2955 762 3126 804 con·

1879 824 2078 887 siliati
2127 836 2302 890 sunt.
2393 828 2553 910 Ego
2606 837 2850 891 autem
2911 832 2988 893 in
3059 842 3130 893 te

1877 914 2136 995 speravi
2167 916 2478 979 domine:
2525 917 2668 980 dixi
2701 918 2890 981 deus
2923 939 3132 981 meus

1879 1020 1952 1064 es
2001 1012 2116 1065 tu:
2180 1004 2246 1067 in
2309 1005 2618 1069 manibus
2678 1008 2824 1069 tuis
2893 1018 3134 1071 sortes

1881 1110 2048 1155 mee.
2135 1090 2346 1175 Eripe
2379 1113 2488 1157 me
2517 1094 2602 1157 de
2633 1114 2850 1157 manu
2889 1096 3132 1159 inimi-

1880 1198 2108 1243 corum
2140 1200 2437 1243 meorum
2467 1204 2482 1245 :
2527 1193 2597 1246 et
2621 1202 2662 1245 a
2686 1204 3134 1267 persequen-

1881 1266 2060 1331 tibus
2090 1288 2213 1333 me.
2306 1269 2590 1333 Illustra
2620 1272 2872 1335 faciem
2919 1284 3130 1337 tuarn

1879 1376 2078 1439 super
2121 1378 2384 1421 servum
2433 1368 2622 1423 tuum
2673 1361 2954 1425 salvum
3001 1384 3132 1425 me

1881 1444 1984 1507 sac
2032 1446 2100 1508 in
2133 1448 2580 1511 misericordia
2607 1458 2774 1513 tua:
2821 1450 3130 1513 domine

1881 1553 2016 1597 non
2046 1535 2417 1599 confundar
2437 1538 2754 1619 quoniam
2793 1538 3126 1603 invocavi

1883 1630 1967 1685 te.
2058 1622 2482 1688 Erubescant
2533 1626 2716 1708 impii
2769 1637 2842 1689 et
2895 1630 3126 1692 dedu-

1883 1720 2121 1775 cantur
2162 1714 2227 1775 in
2273 1712 2640 1777 infernum:
2689 1724 2896 1779 muta
2945 1718 3124 1779 fiant

1883 1799 2061 1865 labia
2135 1800 2414 1867 dolosa!
2525 1802 2669 1881 Que
2729 1803 3128 1886 loquuntur

1883 1890 2200 1953 adversus
2223 1891 2477 1971 justum
2510 1892 2952 1974 iniquitatem
2984 1918 3002 1959 :
3055 1898 3120 1957 in

1883 1978 2192 2061 superbia
2237 1988 2306 2042 et
2337 1980 2404 2042 in
2438 1979 2774 2044 abusione.
2883 1982 3118 2061 Quam

1885 2086 2132 2149 magna
2181 2068 2540 2133 multitudo
2571 2069 2966 2135 dulcedinis
2999 2083 3118 2135 tue

1886 2156 2200 2219 domine:
2277 2178 2478 2239 quarn
2541 2159 2968 2223 abscondisti
3033 2163 3118 2225 ti-

1887 2245 2223 2307 mentibus
2267 2255 2351 2309 te.
2443 2244 2794 2311 Perfecisti
2837 2249 2946 2311 eis
2999 2254 3116 2332 qui

1887 2342 2156 2417 sperant
2189 2335 2254 2396 in
2285 2343 2394 2398 te:
2440 2334 2508 2397 in
2537 2347 2908 2417 conspectu
2941 2338 3118 2402 filio-

1889 2440 2034 2484 rum
2075 2420 2440 2486 hominum.
2530 2424 2947 2489 Abscondes
2995 2448 3115 2491 eos

1888 2510 1955 2574 in
1989 2508 2384 2577 abscondito
2429 2511 2617 2578 faciei
2663 2523 2821 2578 tue:
2870 2534 2917 2578 a
2949 2536 3114 2579 con-

1887 2601 2269 2664 turbatione
2307 2602 2669 2666 hominum.
2761 2604 3110 2688 Proteges

1888 2709 2004 2752 eos
2053 2690 2122 2753 in
2169 2690 2596 2754 tabernaculo
2637 2701 2800 2756 tuo:
2853 2713 2894 2755 a
2945 2714 3109 2762 con-

1889 2777 2285 2842 tradictione
2317 2778 2709 2861 linguarum.
2767 2781 3109 2846 Benedic-

1889 2875 1998 2929 tus
2029 2867 2380 2931 dominus:
2426 2870 2743 2950 quoniam
2789 2870 3108 2935 mirifica-

1889 2955 1988 3018 vit
2019 2956 2534 3019 misericordiam
2581 2977 2770 3020 suam
2817 2959 2991 3023 mihi
3039 2961 3106 3022 in

1885 3044 2156 3107 civitate
2189 3045 2460 3108 munita.
2512 3045 2667 3130 Ego
2696 3055 2923 3110 autem
2960 3049 3106 3111 dixi

1891 3133 1960 3195 in
1992 3153 2268 3196 excessu
2318 3135 2562 3198 mentis
2608 3155 2798 3199 mee:
2845 3137 3106 3218 projec-

1895 3231 2002 3284 tus
2049 3242 2198 3286 sum
2254 3242 2296 3285 a
2343 3222 2512 3286 facie
2561 3223 2904 3287 oculorum
2952 3234 3104 3289 tuo-

1895 3331 2058 3374 rum.
2121 3310 2292 3374 Ideo
2323 3312 2657 3375 exaudisti
2686 3333 2920 3376 vocem
2956 3335 3106 3376 ora-

1893 3401 2094 3463 tionis
2143 3419 2329 3464 mee:
2383 3400 2545 3463 dum
2599 3400 2960 3465 clamarem
3015 3404 3102 3466 ad

1895 3499 1978 3552 te.
2089 3487 2371 3570 Diligite
2443 3489 2791 3553 dominum
2869 3509 3105 3554 omnes

1895 3578 2109 3642 sancti
2171 3577 2312 3658 ejus
2374 3579 2687 3659 quoniam
2750 3580 3101 3642 veritatem

1898 3667 2186 3749 requiret
2237 3665 2593 3731 dominus:
2663 3676 2733 3731 et
2785 3669 3104 3731 retribuet

1898 3755 2320 3818 abundanter
2407 3754 2801 3819 facientibus
2877 3777 3104 3838 super-

1898 3844 2095 3909 biam.
2204 3842 2270 3907 V
2272 3842 2502 3906 iriliter
2530 3845 2711 3927 agite
2747 3853 2814 3907 et
2846 3845 3102 3909 confor-

1896 3942 2078 3996 tetur
2135 3951 2250 3995 cor
2303 3942 2640 3996 vestrum:
2705 3953 2940 3996 omnes
2989 3935 3101 4016 qui

1899 4021 2179 4104 speratis
2210 4021 2276 4083 in
2311 4021 2604 4086 dominc.
2747 4023 3103 4086 Psalmus.⁸

1897 4112 2176 4244 Beati
2209 4129 2492 4192 quorum
2523 4111 2791 4174 remisse
2823 4120 2978 4175 sunt
3008 4113 3104 4175 in-

2044 4201 2400 4282 iquitates:
2463 4207 2533 4264 et
2591 4219 2873 4284 quorum
2927 4209 3102 4264 tecta

1897 4299 2056 4352 sunt
2115 4297 2404 4371 peccata.
2519 4287 2770 4352 Beatus
2829 4289 2930 4352 vir
2999 4291 3101 4353 cui

689 4425 703 4454 ¹
744 4424 944 4474 ‘Gloria
968 4425 1121 4489 patri’
1144 4426 1243 4474 add
1271 4443 1283 4474 :
1308 4425 1437 4476 G.S.
1642 4427 1664 4457 ²
1688 4429 1768 4491 pff.
1801 4438 1899 4490 30:
1922 4427 1989 4476 E.
2003 4427 2062 4476 G.
2117 4442 2244 4476 xxx.
2263 4441 2281 4474 .·
2302 4425 2357 4475 S.
2496 4426 2517 4456 ⁸
2555 4429 2637 4476 ‘et
2655 4426 2667 4448 ’
2690 4425 2791 4474 add
2818 4444 2831 4474 ε
2865 4426 3000 4478 E.G.

685 4494 704 4522 ⁴
735 4491 1334 4608 exultaborzdljigsgyg..
1526 4495 1545 4522 ⁸
1587 4492 1696 4544 ‘et'
1720 4493 1822 4543 add
1849 4513 1864 4546 :
1889 4492 2177 4544 E.G.W.S.
2353 4495 2374 4523 ⁸
2406 4491 2674 4556 fugerunt:
2711 4491 3000 4544 E.G.W.S.

1909 4565 1928 4592 ⁸
1951 4567 2029 4624 pk.
2061 4573 2119 4624 31
2145 4573 2162 4608 ‚⁹
2187 4559 2324 4610 EG.
2385 4559 2531 4624 xxxj.
2551 4573 2570 4608 .·
2593 4559 2645 4611 S.
