3375 5100
760 365 1184 421 DOMINICA
1236 365 1505 420 PRIMA
1562 367 2254 436 QUADRAGESJME.

796 474 954 530 289

276 582 617 648 Mirabilia.
684 579 833 664 Cap.
886 581 966 644 In
999 581 1308 646 omnibus
1340 601 1459 644 ex-

274 672 632 736 hibeamus
783 671 899 734 Re.
980 669 1281 735 Declara.
1416 685 1465 754 γ

276 760 593 844 Scapulis,
654 758 1093 841 Kyrieleison.
1153 769 1258 822 etc.
1298 757 1463 823 Ora-

277 851 377 912 tio,
470 848 818 913 Converte.
908 847 1176 911 Psalmi
1196 845 1465 929 famili-

277 957 433 1002 ares,
494 936 644 1000 Nisi
676 937 834 1018 quia
862 935 1191 1000 dominus.
1238 937 1471 1000 Preces

276 1035 351 1089 ut
373 1034 591 1107 supra.
671 1025 820 1090 Oro.
899 1024 1085 1088 Deus
1116 1025 1229 1107 qui
1261 1023 1469 1088 chari-

280 1115 451 1179 tatis.
563 1113 703 1178 Pro
775 1113 1099 1196 defimctis
1167 1121 1270 1196 ps'.
1363 1113 1471 1176 De

277 1201 637 1287 profundis,
713 1211 817 1267 etc.
914 1201 1063 1268 Oro,
1168 1200 1471 1265 Absolve

282 1311 397 1373 per
427 1290 767 1355 Christum
798 1299 905 1354 etc.
998 1291 1111 1354 He
1127 1289 1477 1373 antiphone

273 1379 551 1464 predicte
563 1389 759 1460 super
769 1379 966 1442 horas
987 1379 1299 1442 dicantur
1323 1399 1474 1462 quo-

282 1468 443 1532 tidie
459 1468 715 1550 quando
731 1467 814 1530 de
824 1467 1010 1550 feria
1032 1468 1263 1550 agitur
1280 1488 1480 1550 usque

279 1557 377 1620 ad
374 1556 741 1640 passionem
759 1556 1024 1620 domini.
1049 1557 1112 1620 A
1120 1555 1177 1619 α’
1186 1566 1478 1638 vesperas

281 1653 387 1710 ati.
439 1644 810 1709 Inclinavit.
885 1654 989 1728 ps'.
1038 1645 1284 1709 Dilexi.
1354 1643 1477 1710 Ca-

268 1734 575 1817 pitulum.
688 1734 1061 1798 Hortamur
1109 1754 1245 1798 vos
1360 1733 1477 1797 Re.

287 1824 454 1886 Esto
484 1821 692 1885 nobis,
784 1822 1094 1902 Hymnus
1140 1822 1253 1886 Ex
1296 1841 1480 1885 more

284 1911 479 1976 docti.
548 1927 597 1996 γ
640 1909 926 1994 Angelis
956 1910 1110 1975 suiS.
1170 1911 1257 1974 In
1286 1930 1479 1974 evan-

273 2000 447 2082 gelio
474 2008 580 2064 αῆ.
674 1997 874 2082 Quod
910 2000 1023 2062 uni
1055 2019 1145 2063 ex
1190 1998 1483 2064 minimis

288 2089 452 2151 meis
506 2087 752 2152 fecistis
805 2087 967 2151 mihi
1027 2087 1275 2152 fecistis
1320 2087 1483 2152 dicit

288 2177 617 2240 dominuS.
648 2185 751 2259 ps.
786 2176 1197 2259 Magnificat.
1236 2175 1483 2241 Oratio

286 2263 685 2398 Absolve
759 2284 1119 2347 quesumus
1215 2265 1488 2328 domine

455 2363 826 2418 nostrorum
876 2353 1139 2418 vincula
1184 2360 1489 2436 peccato-

286 2462 477 2508 rum:
524 2449 591 2505 et
623 2441 938 2524 quicquid
986 2462 1109 2525 pro
1140 2443 1234 2505 eis
1280 2462 1489 2506 mere-

290 2552 437 2595 mur
512 2530 918 2614 propiciatus
1002 2539 1245 2596 averte.
1368 2530 1493 2594 Per

285 2620 652 2685 dominum.
716 2620 1046 2684 Memoria
1062 2619 1493 2703 propeccatis.

284 2718 395 2773 αῆ,
443 2707 614 2791 Quis
671 2708 798 2773 scit
848 2710 905 2772 si
954 2717 1379 2773 convertatur
1425 2716 1493 2772 et

290 2799 594 2880 ignoscat
642 2796 807 2861 deus
858 2806 926 2861 et
979 2797 1310 2881 relinquat
1343 2806 1496 2878 post

290 2906 365 2949 se
425 2885 972 2949 benedictionem.
1084 2902 1133 2971 γ
1202 2885 1494 2950 Domine

293 2995 426 3039 non
460 2974 842 3038 secundum.
910 2974 1158 3039 Oratio,
1223 2973 1493 3037 Exaudi

291 3082 656 3146 quesumus
686 3062 973 3127 domine.
1042 3062 1341 3125 Predicte
1368 3082 1494 3126 me-

292 3151 497 3214 morie
546 3161 671 3233 pro
721 3152 997 3233 peccatis
1046 3151 1355 3215 dicantur
1407 3148 1505 3213 ad

292 3238 661 3303 matutinas
688 3248 753 3303 et
776 3240 875 3303 ad
896 3252 1188 3322 vesperas
1217 3240 1287 3304 in
1294 3238 1499 3321 seriis

294 3348 495 3411 usque
518 3328 618 3390 ad
636 3348 852 3392 cenam
883 3328 1149 3392 domini.
1235 3327 1503 3392 Psalmi

280 3415 688 3499 familiares.
750 3416 885 3500 Qui
903 3416 1268 3481 confidunt.
1332 3416 1496 3479 Pre-

290 3526 390 3569 ces
462 3513 540 3568 ut
607 3515 825 3587 supra.
952 3505 1097 3570 Oro.
1156 3505 1497 3570 Pretende.

293 3595 437 3658 Pro
465 3593 803 3675 defimctzs.
863 3602 967 3676 ps'.
1020 3594 1125 3658 De
1155 3592 1501 3677 profundis

294 3692 363 3746 et
388 3692 607 3746 cetera.
654 3691 733 3745 ut
756 3692 975 3765 supra.
1252 3681 1499 3746 Oratio,

293 3769 775 3903 Animabus
822 3790 1185 3853 quesumus
1232 3770 1502 3833 domine

466 3858 867 3923 famulorum
972 3858 1503 3941 famularumque

296 3956 566 4012 tuarum
628 3948 844 4012 oratio
889 3946 1193 4030 proficiat
1252 3945 1503 4029 suppli-

295 4036 639 4101 cantium:
688 4045 763 4100 ut
822 4056 936 4100 eas
999 4046 1069 4100 et
1117 4056 1158 4099 a
1212 4034 1504 4118 peccatis

294 4125 612 4190 omnibus
660 4144 871 4189 exuas
902 4134 971 4188 et
1001 4133 1117 4188 tue
1149 4124 1505 4207 redempti-

296 4215 449 4278 onis
480 4212 685 4276 sacias
716 4233 860 4276 esse
906 4213 1277 4296 participes
1370 4212 1505 4295 Qui

296 4303 487 4367 viviS.
531 4301 658 4364 Ad
678 4302 1154 4383 completorium
1186 4310 1263 4364 ut
1288 4311 1507 4381 supra.

296 4390 568 4456 Psalmi
609 4389 1015 4472 familiares.
1109 4389 1191 4452 In
1238 4410 1507 4455 conver-

578 4530 591 4558 Ι
637 4534 651 4556 ‘
670 4528 785 4577 etc!
810 4544 910 4578 om.
938 4545 949 4577 :
985 4528 1051 4578 G.

570 4596 592 4624 ²
633 4594 730 4645 ‘et’
756 4610 849 4644 om.
874 4610 891 4643 .·
925 4594 1058 4645 1:10.

2077 478 2238 534 290

1562 582 1812 646 tend0.‘
1879 583 2109 646 Preces
2138 593 2215 647 ut
2240 594 2456 667 supra.
2518 585 2766 650 Oratio.

1566 671 1753 735 Deus
1783 671 1898 754 qui
1929 671 2284 736 charitatis,
2339 674 2480 738 Pro
2506 675 2770 756 defime-

1564 760 1766 841 tisps‘.
1821 761 1926 824 De
1946 761 2290 843 profundis
2310 762 2456 826 etc.¹
2521 764 2771 829 Oratic.

1569 847 1912 912 Fidelium.
2002 849 2148 913 Hoc
2187 850 2414 913 ordine
2439 853 2670 935 agitur
2698 871 2770 914 m

1566 936 1789 1001 diebus
1815 936 2132 1019 profestis
2180 959 2378 1021 usque
2419 941 2516 1003 ad
2550 960 2771 1004 cenam.

1567 1025 1865 1089 domini:
1894 1035 2132 1108 excepto
2160 1027 2581 1108 Responsorio
2609 1029 2770 1111 Jesu

1572 1114 1836 1180 Christe
1910 1115 2086 1197 quod
2149 1114 2220 1178 in
2281 1115 2588 1198 passione
2645 1137 2772 1179 non

1568 1202 1819 1266 dicitur
1845 1225 1870 1266 .·
1949 1202 2090 1266 nisi
2166 1203 2238 1267 in
2315 1203 2518 1284 fistis
2591 1225 2774 1269 sanc-

1573 1300 1806 1355 torum.
1896 1292 1990 1353 M
1986 1291 2348 1355 mabuntur
2387 1302 2604 1356 autem
2656 1314 2775 1356 an·

1574 1379 1829 1462 tiphone
1883 1389 1945 1442 et
1961 1380 1987 1417 ²
2059 1380 2488 1463 Rcsponsoria
2521 1405 2546 1445 .·
2607 1381 2776 1463 capi-

1574 1469 1715 1533 tula
1759 1477 1825 1531 et
1867 1469 2187 1532 orationes
2221 1493 2246 1534 .·
2289 1479 2354 1532 et
2409 1490 2633 1533 versus
2690 1469 2787 1532 ad

1570 1556 2044 1639 completorium
2072 1581 2095 1621 .·
2170 1567 2235 1621 et
2281 1557 2512 1638 hymni
2565 1579 2778 1622 secun-

1573 1645 1734 1709 dum
1793 1645 1969 1727 quod
2020 1646 2092 1709 in
2143 1648 2295 1709 anti
2318 1646 2642 1730 phanario
2679 1668 2783 1710 or-

1574 1734 1880 1798 dinatum
1947 1743 2040 1798 est
2097 1734 2324 1798 ordine
2381 1745 2596 1799 tamen
2656 1756 2781 1799 non

1580 1831 1847 1886 mutato,

1584 1916 1648 1989 1[
1699 1911 1894 1974 Feria
1934 1910 2144 1974 tertia.

1584 1999 1817 2066 Sermo
1846 1998 2018 2063 beati
2041 1998 2240 2062 leonis
2253 2009 2438 2082 pape.
2507 1999 2721 2063 Lectio
2723 2001 2787 2082 j.

1584 2088 1850 2222 Licet
1882 2086 2074 2152 nobis
2104 2088 2514 2152 dilectissimi
2547 2108 2788 2170 appro-

1722 2176 2054 2259 pinquans
2107 2176 2417 2259 paschale
2456 2175 2785 2258 jejunium

1586 2264 2094 2348 quadragesime
2127 2265 2268 2346 ipse
2310 2263 2589 2346 legitimi
2622 2275 2789 2328 tem-

1589 2352 1767 2437 poris
1814 2373 2042 2416 cursus
2089 2353 2373 2418 indicet:
2422 2351 2792 2419 cohortatio

1587 2451 1816 2507 tamen
1851 2441 2056 2505 nostri
2087 2443 2290 2505 etiam
2323 2442 2644 2505 sermonis
2675 2441 2791 2504 ad-

1589 2530 1883 2596 hibenda
1929 2539 2072 2595 est:
2119 2550 2246 2613 que
2278 2531 2645 2595 auxiliante
2675 2529 2796 2594 do-

1592 2621 1775 2683 mino
1801 2639 1920 2682 nec
1953 2619 2202 2683 inutilis
2251 2621 2336 2683 sit
2373 2621 2620 2702 pigris:
2667 2640 2790 2683 nec

1591 2727 1873 2772 onerosa
1902 2708 2174 2772 devotiS.
2255 2709 2433 2773 Nam
2467 2729 2618 2774 cum
2651 2728 2794 2771 om-

1594 2817 1748 2861 nem
1782 2796 2272 2861 observantiam
2296 2806 2592 2860 nostram
2627 2797 2796 2860 ratio

1592 2885 1912 2952 istorum³
1955 2885 2210 2949 dierum
2260 2896 2492 2968 poscat
2537 2886 2798 2968 augeri:

1594 2992 1796 3038 nemo
1823 2982 1927 3037 est
1957 2982 2032 3037 ut
2061 2974 2328 3038 confido
2358 2974 2444 3037 de
2461 2974 2650 3038 vobis
2681 2975 2795 3057 qui

1593 3083 1665 3127 se
1698 3063 1783 3125 ad
1815 3082 1985 3144 opus
2015 3060 2252 3127 horum
2319 3083 2450 3126 non
2507 3064 2802 3144 gaudeat

1596 3150 1870 3215 incitari.
2483 3150 2700 3213 Lectio
2729 3150 2801 3233 ij.

1595 3240 1970 3371 Natura
2021 3239 2267 3301 etenim
2321 3248 2549 3303 nostra
2580 3239 2800 3302 adhuc

1780 3336 2092 3390 manente
2134 3329 2537 3390 mortalitate
2583 3336 2800 3391 muta-

1597 3415 1748 3479 bilis
1785 3437 1800 3479 :
1847 3415 2049 3479 etiam
2092 3416 2146 3477 si
2196 3415 2282 3478 ad
2330 3436 2594 3479 summa
2637 3435 2798 3497 que-

1596 3524 1728 3587 que
1749 3504 2066 3567 virtutum
2092 3502 2349 3566 studio⁴
2370 3502 2802 3585 provehatur:

1598 3612 1863 3674 semper
1913 3599 2138 3654 tamen
2193 3592 2364 3654 sicut
2417 3600 2638 3673 potest
2686 3589 2802 3653 ha-

1600 3682 1758 3745 bere
1833 3699 1969 3762 quo
2067 3680 2334 3743 recedat
2409 3680 2502 3742 ita
2581 3687 2804 3761 potest

1600 3769 1848 3832 habere
1922 3787 2058 3849 quo
2117 3776 2384 3831 crescat.
2494 3767 2642 3831 Hec
2703 3777 2806 3831 est

1602 3856 1834 3939 utique
1865 3855 2305 3939 perfectorum
2325 3876 2482 3919 vera
2506 3854 2806 3937 justicia:

1602 3955 1677 4010 ut
1711 3964 2052 4027 nunquam
2102 3965 2174 4008 se
2222 3954 2608 4027 presumant
2661 3964 2810 4008 esse

1604 4034 1935 4117 perfectos
1969 4052 2051 4095 ne
2084 4032 2170 4096 ab
2215 4033 2464 4097 itineris
2510 4034 2806 4097 nondum

1606 4122 1776 4186 finiti
1810 4122 2179 4185 intentione
2224 4132 2558 4187 cessantes
2593 4121 2679 4187 ibi
2714 4122 2810 4185 in-

1606 4212 1836 4276 cidant
1887 4212 1952 4273 in
2008 4211 2356 4274 deficiendi
2407 4212 2811 4294 periculum:

1608 4300 1722 4364 ubi
1758 4298 2141 4382 proficiendi
2190 4300 2638 4382 deposuerunt
2693 4320 2814 4381 ap-

1610 4390 1914 4472 petitum.
2470 4388 2686 4452 Lectio
2719 4387 2818 4470 iij.

1821 4528 1841 4555 ⁸
1877 4541 1968 4589 pro
1997 4525 2268 4575 ‘istorum'
2296 4526 2525 4575 illorum:
2561 4526 2625 4575 G.

1821 4596 1838 4623 ⁴
1872 4591 2059 4642 studia:
2098 4592 2224 4642 EG.

2507 4688 2553 4738 U
