3375 5100
1013 182 1431 239 DOMINICA
1479 183 1869 241 SECUNDA
1924 184 2469 240 SEPTEMBRIS.

1037 292 1187 348 587

505 418 588 462 α.
621 398 1112 479 Responsorium
1141 400 1222 462 de
1261 399 1570 464 trinitate.
1602 409 1703 481 pf.

507 486 608 550 Te
627 488 842 551 deum.
893 503 937 572 γ
985 488 1327 551 ExcelsuS.
1372 488 1456 551 In
1488 488 1705 551 laudi-

505 574 624 638 bus
677 584 784 637 αῆ.
832 576 1183 658 Regnavit.
1213 586 1314 658 p.s‘·.
1377 577 1707 640 Dominus

511 663 830 745 regnavit.

514 756 579 830 {I
625 752 972 815 Dominica
1002 752 1086 834 ij.
1413 752 1632 815 Lectio
1641 753 1704 835 j.

686 849 910 904 actum
945 850 1044 905 est
1089 850 1312 904 autem
1363 861 1512 905 cum
1545 861 1707 921 qua-

686 928 840 991 darn
872 928 981 992 die
999 930 1331 993 venissent
1361 927 1475 992 filii
1499 929 1607 992 dei
1639 939 1709 994 et

509 1025 762 1081 starent
794 1036 1014 1080 coram
1060 1017 1374 1081 domino:
1419 1018 1708 1081 venisset

509 1124 775 1187 quoque
805 1105 1041 1169 sathan
1076 1107 1245 1169 inter
1273 1126 1385 1169 eos
1405 1115 1473 1169 et
1501 1115 1709 1171 staret

507 1194 576 1257 in
610 1202 964 1275 conspectu
997 1193 1138 1275 ejus
1193 1204 1265 1257 ut
1313 1195 1558 1258 diceret
1587 1196 1709 1258 do-

513 1281 734 1345 minus
763 1282 849 1345 ad
882 1281 1137 1345 sathan.
1229 1283 1432 1348 Unde
1473 1283 1707 1347 venis?

513 1370 648 1453 Qui
729 1370 1134 1452 respondens
1209 1371 1342 1436 ait:
1419 1372 1707 1436 Circuivi

510 1466 754 1521 terram
785 1467 852 1521 et
882 1459 1330 1540 perambulavi
1361 1480 1528 1523 eam.

511 1548 692 1678 Et
722 1546 896 1609 dixit
927 1547 1236 1611 dominus
1255 1549 1341 1612 ad
1376 1547 1617 1631 [Lectio
1635 1547 1707 1629 ij.

668 1634 920 1700 Sathan
941 1636 1259 1718 Nunquid
1279 1635 1707 1700 considerasti

514 1743 777 1787 servum
803 1743 1024 1788 meum
1067 1724 1186 1806 job
1231 1725 1410 1807 quod
1443 1745 1576 1788 non
1624 1726 1711 1787 sit

511 1810 743 1875 similis
773 1811 874 1875 ei¹
907 1812 974 1875 in
1006 1822 1179 1877 terra
1207 1814 1307 1876 vir
1323 1812 1610 1895 simplex
1641 1822 1712 1876 et

514 1911 733 1963 rectus
764 1908 832 1964 et
877 1901 1120 1965 timens
1165 1901 1365 1965 deum
1413 1922 1490 1965 ac
1534 1920 1711 1964 rece-

513 1989 679 2053 dens
710 2009 750 2051 a
783 1987 999 2055 malo:
1047 1998 1114 2052 et
1158 1989 1376 2053 adhuc
1423 1990 1713 2053 retinens

517 2076 980 2141 innocentiam.
1080 2079 1187 2142 Tu
1248 2088 1470 2142 autem
1532 2098 1713 2142 com-

519 2166 783 2229 movisti
845 2185 956 2229 me
1000 2167 1312 2230 adversus
1357 2186 1548 2231 eum:
1640 2175 1715 2229 ut

517 2253 874 2336 affligerem
907 2274 1059 2317 eum
1091 2253 1344 2319 frustra.
1376 2254 1589 2319 Lectio
1619 2254 1716 2336 iij.

530 2342 728 2477 Cui
805 2344 1208 2425 respondens
1276 2342 1510 2407 sathan
1578 2344 1672 2407 ait
1702 2364 1716 2407 :

667 2429 911 2494 Pellem
944 2452 1063 2513 pro
1109 2431 1320 2513 pelle:
1365 2441 1433 2495 et
1480 2440 1719 2495 cuncta

515 2540 648 2602 que
678 2518 881 2583 habet
910 2519 1113 2583 homo
1137 2519 1322 2584 dabit
1353 2540 1472 2603 pro
1495 2520 1720 2584 anima

517 2628 655 2671 sua.
773 2606 1096 2690 Alioquin
1176 2608 1366 2673 mitte
1441 2629 1713 2672 manum

520 2705 744 2760 tuam:
793 2705 860 2759 et
921 2705 1120 2778 tange
1166 2718 1240 2761 os
1285 2697 1427 2778 ejus
1466 2707 1530 2760 et
1576 2717 1717 2760 car-

521 2803 717 2848 nem:
781 2794 848 2847 et
901 2793 1062 2849 tunc
1111 2785 1366 2849 videbis
1417 2787 1597 2868 quod
1647 2786 1715 2849 in

521 2871 752 2936 faciem
816 2872 1168 2938 benedicat
1247 2874 1385 2939 tibi.
1523 2875 1717 2938 Dixit

522 2981 682 3043 ergo
731 2961 1040 3025 dominus
1089 2963 1174 3026 ad
1205 2962 1489 3026 sathan:
1539 2963 1717 3026 Ecce

521 3051 590 3112 in
645 3069 843 3113 manu
893 3059 1010 3114 tua
1057 3059 1172 3114 est.
1263 3051 1717 3115 Veruntamen

521 3138 814 3202 animam
847 3138 1018 3202 illius
1047 3159 1253 3202 serva.
1344 3138 1559 3203 Lectio
1590 3139 1716 3221 iiij.

519 3229 927 3360 Egressus
951 3227 1149 3310 igitur
1179 3227 1415 3291 sathan
1465 3249 1505 3291 a
1553 3225 1718 3291 facie

670 3315 920 3380 domini
953 3317 1274 3398 percussit
1321 3316 1443 3398 job
1503 3315 1719 3379 ulcere

521 3405 809 3486 pessimo
843 3425 881 3468 a
913 3405 1143 3488 planta
1174 3405 1360 3488 pedis
1392 3425 1601 3487 usque
1632 3405 1718 3468 ad

519 3494 830 3557 verticem
863 3494 1048 3576 ejus:
1094 3495 1207 3576 qui
1253 3503 1428 3557 testa
1465 3493 1719 3557 saniem

521 3582 799 3645 radebat
857 3583 1096 3646 sedens
1157 3583 1222 3644 in
1287 3582 1717 3664 sterquilinio·

522 3670 719 3733 Dixit
751 3680 975 3734 autem
1007 3670 1103 3734 illi
1134 3691 1306 3735 uxor
1349 3691 1483 3734 sua.
1575 3671 1723 3734 Ad-

520 3757 650 3820 huc
674 3768 748 3822 tu
781 3779 1128 3840 permanes
1179 3759 1245 3822 in
1295 3758 1722 3842 simplicitate

519 3855 655 3910 tua.
777 3848 1065 3911 Benedic
1127 3848 1256 3911 deo
1317 3857 1384 3911 et
1448 3868 1721 3912 morere.

522 3933 656 4016 Qui
689 3935 783 3998 ait
828 3936 912 3998 ad
946 3936 1144 4000 illam.
1239 3935 1450 4018 Quasi
1475 3956 1605 4000 una
1635 3936 1722 3999 de

519 4022 739 4086 stultis
772 4023 1151 4088 mulieribus
1199 4024 1418 4088 locuta
1466 4045 1554 4089 es·
1645 4025 1720 4090 Si

521 4111 698 4175 bona
729 4114 1136 4195 suscepimus
1167 4114 1251 4177 de
1275 4133 1476 4177 manu
1509 4114 1722 4176 domi-

521 4200 628 4264 ni:
677 4200 852 4264 mala
883 4211 1107 4266 autem
1131 4223 1334 4286 quare
1365 4222 1498 4266 non
1529 4202 1723 4266 susti-

623 4337 637 4367 ¹
675 4352 765 4402 pro
796 4338 934 4388 ‘sim.
963 4337 1033 4388 ei'
1059 4339 1104 4387 ei
1127 4337 1332 4389 similis:
1369 4339 1436 4390 N.

869 4407 886 4436 ⁴
919 4413 1171 4457 vertatur:
1206 4406 1285 4455 W.
1297 4404 1362 4455 N.

1617 4339 1638 4369 ²
1676 4337 1850 4388 ‘eum’
1876 4353 1976 4388 om.
2005 4354 2018 4388 ε
2054 4337 2119 4387 N.

2309 294 2466 349 588

1802 420 2093 465 neamus.
2205 400 2285 463 In
2338 398 2649 463 omnibus
2710 398 2812 463 his
2864 420 3009 464 non

1800 489 2099 573 peccavit
2124 488 2244 570 job
2278 487 2471 551 labiis
2502 488 2655 551 suis,
2687 488 2909 551 Lectio
2940 510 3009 553 v.

1799 581 1898 710 l
1906 578 2082 659 gitur
2110 576 2452 640 audientes
2476 585 2609 639 tres
2626 577 2821 639 amici
2839 578 2963 659 job
2988 598 3009 641 :

1907 686 2108 729 omne
2141 666 2387 728 malum
2421 664 2600 747 quod
2652 666 3005 729 accidisset

1803 754 1859 817 ei
1886 776 1901 817 :
1944 763 2267 818 venerunt
2295 753 2537 834 singuli
2569 753 2653 816 de
2700 752 2847 817 loco
2876 774 3007 816 suo

1802 841 2059 925 eliphaz
2120 841 2561 905 themanites:
2626 850 2692 904 et
2751 841 3005 905 baldad

1802 932 2047 994 suites:
2111 941 2179 994 et
2226 930 2471 1012 sophar
2538 929 3005 993 naamathites.

1806 1019 2264 1085 condixerant
2296 1018 2471 1081 enim
2496 1017 2621 1081 sibi
2654 1028 2727 1081 ut
2759 1018 3008 1100 pariter

1801 1108 2143 1171 venientes
2160 1108 2505 1170 visitarent
2518 1127 2670 1169 eum
2682 1106 2707 1142 ²
2730 1127 2745 1169 :
2768 1115 2834 1169 et
2844 1126 3007 1169 con-

1804 1196 2213 1259 solarentur.a
2672 1193 2886 1258 Lectio
2914 1195 3010 1276 vj.

1950 1303 2172 1366 unque
2195 1283 2561 1347 elevassent
2590 1283 2816 1365 procul
2846 1302 3009 1345 ocu-

1952 1371 2052 1435 los
2111 1392 2264 1435 suos
2345 1391 2479 1435 non
2554 1380 3009 1453 cognoverunt

1803 1480 1975 1525 eum.
2068 1460 2160 1523 Et
2218 1459 2673 1524 exclamantes
2704 1459 3008 1542 plorave-

1803 1558 1995 1612 runt:
2064 1548 2412 1631 scissisque
2469 1548 2763 1611 vestibus
2820 1568 3009 1630 spar-

1804 1646 2030 1701 serunt
2118 1635 2455 1719 pulverem
2526 1656 2724 1717 super
2802 1646 3011 1717 caput

1803 1745 1996 1789 suum
2073 1724 2140 1788 in
2214 1725 2474 1788 celum:
2550 1733 2619 1788 et
2694 1724 3009 1787 sederunt

1806 1834 1957 1878 cum
1988 1833 2068 1877 eo
2114 1814 2181 1876 in
2240 1823 2415 1876 terra
2460 1821 2717 1895 septem
2772 1811 3009 1875 diebus

1807 1912 1874 1966 et
1934 1911 2191 1984 septem
2256 1901 2601 1964 noctibus:
2678 1909 2746 1963 et
2806 1920 3011 1964 nemo

1808 1990 2206 2074 loquebatur
2233 1990 2292 2053 ei
2323 1988 2639 2052 verbum:
2684 1988 3009 2053 videbant

1809 2080 1986 2143 enim
2016 2079 2315 2141 dolorem
2348 2097 2492 2141 esse
2520 2076 3010 2142 vehementem.

1810 2168 2009 2231 Feria
2038 2176 2293 2249 quarta.
2321 2165 2441 2247 iiij.
2476 2175 2844 2247 temporum.

1809 2258 2077 2390 Post
2107 2254 2228 2319 hec
2259 2254 2517 2338 aperuit
2541 2253 2659 2336 job
2696 2252 2937 2337 [Lectio
2946 2254 3013 2335 j.

1975 2364 2050 2407 os
2102 2363 2296 2406 suum
2346 2353 2413 2406 et
2462 2342 2814 2405 maledixit
2875 2342 3011 2405 diei

1812 2452 1933 2495 suo
1956 2441 2025 2496 et
2054 2432 2244 2495 dixit.
2337 2432 2570 2495 Pereat
2601 2430 2743 2493 dies
2774 2431 2843 2493 in
2873 2450 3015 2512 qua

1812 2529 2006 2585 natus
2053 2540 2243 2584 sum:
2290 2528 2358 2583 et
2407 2539 2545 2583 nox
2594 2519 2661 2582 in
2712 2538 2847 2601 qua
2873 2518 3017 2582 dic-

1810 2619 1953 2674 tum
2015 2618 2116 2672 est
2193 2618 2549 2690 conceptus
2630 2616 2733 2670 est
2791 2607 3015 2671 homo,

1815 2699 1978 2761 Dies
2029 2697 2143 2760 illa
2185 2696 2516 2761 vertetur⁴
2576 2695 2643 2759 in
2688 2696 3019 2760 tenebras,

1814 2787 1971 2850 Non
2001 2785 2291 2867 requirat
2322 2805 2473 2848 eum
2514 2784 2679 2847 deus
2730 2786 3020 2866 desuper

1812 2884 1881 2939 et
1912 2895 2045 2938 non
2077 2875 2143 2937 in
2164 2874 2617 2938 recordatione
2632 2873 2757 2936 sit:
2788 2882 2857 2935 et
2882 2892 3019 2936 non

1812 2964 2173 3027 illustretur
2202 2962 2445 3026 lumen.
2696 2961 2914 3024 Lectio
2944 2960 3017 3043 ij.

1949 3052 2256 3115 bscurent
2286 3071 2439 3116 eum
2471 3048 2741 3114 tenebre
2772 3058 2839 3113 et
2872 3069 3020 3111 um-

1951 3140 2067 3203 bra
2100 3139 2328 3202 mortis
2360 3147 2638 3220 occupet
2674 3157 2826 3201 eum
2855 3137 3017 3200 cali-

1813 3249 1941 3311 go:
2012 3237 2078 3291 et
2131 3226 2501 3290 involvatur
2555 3226 3015 3290 amaritudine.

1818 3318 2106 3381 Noctem
2160 3316 2341 3380 illam
2387 3313 2773 3379 tenebrosus
2821 3314 3018 3377 turbo

1814 3405 2194 3489 possideat:
2240 3424 2373 3467 non
2420 3401 2885 3486 computetur⁶
2949 3402 3017 3465 in

1815 3495 2048 3558 diebus
2108 3493 2306 3556 anni:
2351 3512 2474 3555 nec
2522 3501 2902 3555 numeretur
2949 3491 3019 3552 in

1818 3582 2165 3646 mensibus,
2260 3581 2364 3647 Sit
2396 3601 2535 3643 nox
2566 3579 2682 3644 illa
2728 3579 3021 3642 solitaria

1816 3692 1939 3735 nec
1970 3671 2166 3734 laude
2196 3669 2417 3752 digna.
2682 3668 2904 3731 Lectio
2918 3667 3017 3750 iij.

1815 3762 2015 3893 M
2028 3758 2359 3822 aledicant
2390 3757 2450 3820 ei
2476 3757 2590 3839 qui
2610 3756 3021 3820 maledicunt

2027 3848 2159 3911 diei
2190 3846 2304 3930 qui
2350 3846 2564 3928 parati
2616 3854 2771 3908 sunt
2819 3845 3021 3908 susci-

1818 3947 1959 4000 tare
2023 3935 2372 4000 leviathan.
2482 3933 3023 3999 Obtenebrentur

1818 4025 2008 4089 stelle
2060 4024 2342 4106 caligine
2402 4021 2559 4104 ejus
2684 4023 3025 4105 Expectet

1820 4113 2035 4178 lucem
2098 4121 2167 4176 et
2220 4131 2353 4176 non
2414 4111 2681 4175 videat:
2747 4130 2867 4173 nec
2920 4130 3023 4174 or-

1821 4212 1963 4266 tum
1984 4201 2313 4285 surgentis
2346 4220 2592 4263 aurore.
2686 4197 2864 4281 Quia
2890 4219 3025 4262 non

2282 4338 2303 4368 ⁸
2334 4337 2671 4386 consolaretur
2697 4353 2709 4386 :
2744 4336 2828 4387 W.

1932 4407 1953 4437 ⁸
1987 4420 2077 4470 pro
2106 4402 2321 4468 ‘comp.’
2344 4411 2611 4468 occupetur
2636 4422 2649 4453 ι
2686 4403 2753 4453 Ν.
