3375 5100
1309 340 1651 411 QUADRA
1662 341 2001 398 GESJME.

880 449 1013 506 841

348 554 683 688 Populi
725 554 821 620 tui
870 555 1035 619 deus
1082 553 1420 620 institutor
1465 565 1535 620 et

502 654 718 708 rector
776 653 1051 726 peccata
1108 645 1348 726 quibus
1414 645 1535 708 im-

350 744 687 815 pugnatur
758 733 1061 815 expelle:
1126 742 1201 798 ut
1275 753 1537 816 semper

349 822 474 885 tibi
524 821 804 903 placitus
865 831 933 885 et
993 831 1109 886 tuo
1170 822 1533 886 munimine

349 910 437 972 sit
466 929 749 974 securus,
841 909 966 974 Per
994 911 1355 974 dominum.

354 1002 418 1076 01
465 998 662 1062 Feria
692 998 783 1080 vj.
1057 999 1274 1062 Lectio
1287 997 1535 1080 prima.

501 1096 649 1172 rant
671 1096 895 1150 autem
918 1087 1243 1151 sacerdoti
1267 1087 1533 1150 madian

499 1184 759 1258 septem
811 1174 943 1238 filie
1003 1175 1154 1259 Que
1213 1184 1536 1241 venerunt

349 1264 436 1327 ad
495 1264 926 1327 hauriendam
987 1284 1230 1347 aquam
1291 1275 1360 1328 et
1413 1265 1539 1327 im-

347 1351 546 1435 pletis
574 1351 913 1415 canalibus
952 1353 1285 1434 adaquare
1315 1353 1537 1434 cupie-

349 1441 515 1505 bant
556 1460 788 1523 greges
830 1443 1035 1522 patris
1078 1441 1196 1505 sui.
1291 1439 1535 1523 Super-

349 1548 589 1594 venere
670 1537 969 1612 pastores
1058 1537 1127 1594 et
1200 1529 1533 1611 ejecerunt

348 1639 477 1682 eas.
589 1617 1024 1700 Surrexitque
1113 1638 1377 1698 moyses
1465 1626 1535 1682 et

350 1706 635 1770 defensis
666 1705 940 1788 puellis:
988 1706 1345 1789 adaquavit
1375 1726 1533 1770 oves

348 1815 593 1858 earum.
1215 1795 1431 1858 Lectio
1463 1795 1531 1877 ᾔ.

486 1902 567 1946 ue
590 1903 739 1946 cum
763 1881 1178 1946 revertissent
1200 1883 1285 1946 ad
1308 1882 1533 1965 raguel

486 1980 740 2053 patrem
788 1991 1024 2034 suum:
1070 1971 1247 2035 dixit
1277 1972 1361 2034 ad
1401 1993 1529 2035 eaS.

352 2059 486 2124 Cur
514 2060 801 2123 velocius
832 2059 1067 2122 venisti
1102 2059 1297 2123 solito
1324 2061 1349 2124 ἓ
1400 2059 1533 2122 Re-

348 2149 771 2229 sponderunt.
846 2147 967 2212 Vir
1009 2148 1319 2230 egyptius
1372 2147 1533 2210 libe-

348 2237 516 2300 ravit
576 2255 697 2299 nos
772 2236 857 2299 de
931 2255 1132 2299 manu
1192 2247 1530 2318 pastorum

349 2325 615 2407 insuper
660 2333 725 2388 et
757 2324 975 2388 hausit
1022 2345 1263 2406 aquam
1310 2325 1531 2388 nobis-

348 2433 499 2476 cum
576 2423 943 2495 potumque
1014 2413 1201 2476 dedit
1282 2413 1530 2477 ovibus,

349 2500 448 2564 At
480 2501 605 2565 ille.
684 2501 819 2567 Ubi
851 2511 952 2565 est
982 2501 1239 2585 inquit?
1308 2500 1533 2585 Quare

350 2590 689 2654 dimisistis
762 2590 1160 2654 hominem?
1277 2591 1531 2656 Vocate

348 2700 501 2742 eum
534 2688 608 2742 ut
636 2679 946 2742 comedat
977 2700 1235 2761 panem.

506 2768 717 2830 uravit
748 2786 905 2848 ergo
939 2788 1201 2849 moyses
1235 2766 1398 2851 [Lec.
1434 2767 1529 2850 iij.

504 2856 683 2939 quod
715 2855 1045 2919 habitaret
1069 2875 1219 2919 cum
1252 2876 1347 2920 eo,
1394 2856 1531 2919 Ac-

349 2945 657 3027 cepitque
730 2943 1080 3009 sefforam¹
1134 2943 1337 3009 filiam
1388 2945 1531 3026 ejus

349 3053 627 3096 uxorem
678 3053 807 3114 que
866 3034 1123 3116 peperit
1172 3034 1230 3096 ei
1280 3032 1530 3096 filium:

350 3141 549 3202 quem
631 3122 894 3186 vocavit
966 3142 1201 3204 gersan
1286 3122 1528 3186 dicens,

348 3210 637 3273 Advena
715 3210 807 3273 fui
904 3209 971 3272 in
1054 3219 1225 3272 terra
1298 3209 1531 3273 aliena.

348 3296 659 3361 Alterum
707 3318 862 3361 vero
923 3298 1220 3381 peperit:
1289 3299 1533 3380 quem²

348 3386 609 3450 vocavit
684 3386 939 3449 eleazar
1009 3388 1251 3450 dicens,
1350 3387 1535 3449 Deus

350 3475 524 3538 enim
577 3476 782 3557 patris
845 3476 973 3538 mei
1027 3476 1295 3556 adjutor
1346 3495 1535 3538 meus

350 3572 418 3625 et
447 3564 687 3645 eripuit
724 3583 831 3626 me
876 3565 962 3627 de
1006 3584 1208 3627 manu
1254 3562 1535 3646 pharao-

348 3652 467 3715 nis,
556 3652 641 3715 In
714 3672 970 3735 evange.
1044 3661 1149 3715 αῆ.
1244 3652 1534 3715 Lazarus

347 3740 599 3803 amicus
647 3750 870 3803 noster
899 3741 1143 3804 dormit
1190 3760 1417 3803 eamus
1464 3749 1536 3804 et

345 3848 389 3891 a
449 3848 685 3891 somno
760 3830 1127 3893 excitemus
1188 3848 1359 3892 eum.
1432 3838 1535 3911 pf.

348 3916 763 3981 Benedictus,
1286 3917 1531 3982 Oratio.

544 4026 619 4068 us
672 4005 785 4088 qui
847 4004 1289 4070 ineffabilibus
1342 4026 1532 4069 mun-

502 4094 663 4157 dum
726 4114 1002 4157 renovas
1064 4096 1531 4158 sacramentis:

344 4190 568 4264 presta
641 4203 1052 4265 quesumus:
1127 4192 1200 4247 ut
1259 4182 1535 4246 ecclesia

346 4280 463 4333 tua
516 4271 757 4333 eternis
808 4270 1110 4353 proficiat
1163 4272 1530 4335 institutis:

346 4367 415 4422 et
448 4358 925 4443 temporalibus
972 4381 1103 4425 non
1134 4360 1535 4424 destituatur

549 4524 561 4552 ¹
600 4522 809 4571 seforam
832 4539 844 4573 ε
880 4522 943 4573 G.

1320 4524 1339 4553 ²
1372 4538 1519 4587 quam
1542 4540 1553 4573 :
1587 4522 1671 4575 W.

2163 451 2318 508 842

1650 557 1937 628 auxiliis,
2048 558 2172 622 Per
2243 558 2608 638 dominum.
2727 557 2854 622 Ad

1649 658 1939 729 vesperas
2013 646 2084 710 in
2157 661 2415 731 evange.
2489 655 2594 710 αῆ.
2706 646 2847 709 Do-

1649 737 1826 798 mine
1871 737 1924 798 si
1966 735 2073 800 hic
2120 735 2352 800 fuisses
2397 735 2651 800 lazarus
2708 755 2842 798 non

1646 834 1819 887 esset
1882 834 2178 888 mortuus
2251 844 2403 888 ecce
2466 823 2606 905 jam
2679 823 2890 888 fetet·

1648 913 2142 994 quadriduanus
2173 913 2220 993 ³·
2243 912 2310 976 in
2392 922 2842 978 monumento·

1632 1008 1733 1082 pJ.
1813 1001 2220 1083 Magnificat.
2593 1000 2842 1065 Oratio,

1820 1110 1860 1152 a
1965 1109 2323 1172 quesumus
2420 1089 2843 1172 omnipotens

1820 1177 2034 1242 deus:
2112 1187 2185 1240 ut
2256 1177 2368 1260 qui
2444 1177 2843 1241 infirmitatis

1648 1274 1872 1328 nostre
1934 1267 2218 1330 conscii:
2283 1267 2369 1328 de
2421 1275 2539 1328 tua
2601 1267 2844 1329 virtute

1647 1354 2092 1418 confidimus:
2180 1354 2303 1417 sub
2379 1363 2496 1416 tua
2579 1374 2844 1436 semper

1648 1445 2058 1524 protectione
2145 1443 2570 1525 gaudeamus,
2719 1443 2845 1506 Per

1646 1531 2010 1595 dominum.

1650 1623 1715 1697 ([
1766 1619 2062 1683 Sabbata.
2357 1618 2570 1682 Lectio
2595 1617 2844 1701 prima.

1645 1711 1902 1841 Post
1952 1707 2236 1770 multum
2291 1708 2609 1790 temporis
2669 1729 2846 1771 mor-

1701 1847 1704 1850 .
1797 1805 1950 1859 tuus
1995 1805 2096 1858 est
2136 1816 2256 1858 rex
2305 1797 2576 1879 egypti:
2623 1804 2690 1858 et
2746 1795 2846 1858 in-

1645 1885 2084 1966 gemiscentes
2138 1884 2252 1946 filii
2315 1883 2505 1947 israel
2572 1893 2846 1967 propter

1646 1993 1849 2053 opera
1906 1971 2242 2036 vociferati
2315 1981 2484 2036 sunt.
2587 1971 2844 2035 Ascen-

1644 2061 1876 2143 ditque
1919 2060 2171 2123 clamor
2217 2081 2442 2124 eorum
2497 2060 2582 2122 ad
2640 2061 2842 2123 deum

1645 2169 1766 2232 pro
1819 2151 2163 2232 operibus:
2211 2159 2279 2212 et
2324 2147 2577 2211 audivit
2634 2149 2843 2229 gemi-

1646 2247 1790 2300 tum
1850 2258 2079 2300 eorum
2143 2257 2220 2300 ac
2289 2237 2668 2300 recordatus
2740 2245 2842 2300 est

1646 2326 1886 2389 federis
1973 2325 2152 2409 quod
2255 2326 2596 2408 pepigerat
2686 2344 2838 2388 curn

1644 2413 1962 2478 abraham
2034 2433 2234 2495 ysaac
2308 2423 2375 2477 et
2429 2413 2644 2494 jacob.
2748 2413 2842 2476 Et

1646 2503 1940 2585 respexit
2009 2503 2318 2566 dominus
2393 2500 2562 2566 filios
2647 2501 2839 2566 israel

1644 2602 1712 2655 et
1745 2591 2046 2655 liberavit
2078 2612 2207 2655 eos‚
2526 2590 2738 2654 Lectio
2769 2589 2840 2672 ij.

1844 2701 2041 2762 oyses
2071 2689 2294 2743 autem
2327 2680 2641 2762 pascebat
2683 2699 2839 2743 oves

1838 2769 2057 2850 jethro
2098 2770 2304 2833 soceri
2337 2769 2436 2832 sui
2479 2768 2839 2832 sacerdotis

1644 2858 1928 2921 madian.
2022 2857 2302 2940 Cunque
2341 2858 2656 2920 minasset
2693 2877 2839 2938 gre-

1641 2966 1798 3027 gem
1840 2946 1926 3009 ad
1969 2947 2281 3009 interiora
2325 2946 2608 3009 deserti:
2653 2946 2838 3009 venit

1642 3036 1728 3099 ad
1791 3044 2090 3098 montem
2151 3036 2258 3098 dei
2319 3034 2495 3097 oreb.
2602 3034 2838 3115 Appa-

1643 3124 1902 3205 ruitque
1963 3124 2022 3186 ei
2070 3123 2380 3186 dominus
2438 3123 2506 3185 in
2567 3120 2839 3185 flamma

1645 3212 1818 3293 ignis
1862 3212 1947 3275 de
1996 3212 2218 3275 medio
2267 3212 2413 3274 rubi
2465 3220 2532 3274 et
2567 3210 2838 3273 videbat

1647 3300 1829 3381 quod
1906 3300 2109 3363 rubus
2183 3299 2481 3363 arderet:
2560 3307 2628 3362 et
2703 3318 2834 3361 non

1648 3390 2158 3451 combureretur.
2494 3385 2708 3448 Lectio
2739 3385 2835 3468 igj.

1807 3476 1928 3539 'xit
1989 3496 2150 3557 ergo
2209 3474 2523 3556 Moyses:
2570 3474 2836 3539 Vadam

1805 3574 1870 3627 et
1947 3563 2187 3627 videbo
2263 3563 2583 3625 visionem
2663 3562 2836 3626 hanc

1648 3672 2007 3735 magnam:
2055 3672 2257 3733 quare
2307 3671 2440 3714 non
2492 3649 2839 3714 combura-

1648 3749 1756 3803 tur
1797 3740 2014 3803 rubus,
2107 3740 2399 3804 Cernens
2445 3748 2666 3801 autem
2719 3738 2839 3801 do-

1648 3829 1868 3891 minus
1913 3828 2092 3911 quod
2139 3835 2441 3911 pergeret
2484 3828 2568 3891 ad
2611 3826 2843 3890 viden-

1646 3917 1855 3981 dum:
1929 3918 2192 3981 vocavit
2259 3935 2412 3979 eum
2471 3915 2558 3979 de
2621 3916 2842 3981 medio

1646 4006 1790 4069 rubi
1865 4014 1933 4070 et
1997 4006 2109 4069 ait.
2213 4006 2486 4086 Moyses
2556 4025 2842 4087 moyses

1647 4093 1780 4178 Qui
1866 4093 2220 4177 respondit.
2341 4093 2610 4157 Assum.
2743 4094 2846 4165 At

1646 4182 1772 4246 ille.
1865 4183 1973 4247 Ne
2014 4182 2398 4265 appropries
2445 4182 2658 4264 inquit
2696 4181 2843 4247 huc.

1648 4270 1849 4336 Solve
1908 4270 2346 4335 calciamenta
2405 4270 2490 4333 de
2563 4270 2846 4354 pedibus

1646 4361 1796 4425 tuiS.
1887 4361 2106 4424 Locus
2168 4360 2344 4423 enim
2395 4360 2461 4423 in
2525 4380 2658 4441 quo
2709 4370 2848 4423 stas

1876 4524 1895 4552 ⁸
1930 4523 2316 4587 quatriduanus:
2355 4520 2576 4571 E.G.w.
